2378 4386
174 516 240 582 324
457 531 516 568 oen
532 531 628 567 acosma.
645 512 693 568 III.
712 517 864 567 toi-154¹.

177 674 254 733 uelut
277 677 304 731 in
327 675 420 744 lucro,
442 675 470 730 iu
485 673 572 729 altero
588 688 656 729 uero
672 674 797 744 omissae,
820 673 847 727 in
866 687 899 727 eo
923 687 1045 745 quoque,
1068 673 1143 746 quod

177 761 307 816 omissum
323 768 376 831 est,
392 757 493 814 similes
509 766 600 832 partes
616 766 704 817 erunt.
738 754 798 813 161.
815 756 900 812 llauet
919 765 1008 812 autem
1024 756 1143 814 societas

177 859 311 918 eousque,
327 843 415 900 donec
430 844 457 898 in
473 843 569 898 eodem
586 835 697 898 ’11111ι
713 850 904 915 perseuerant3
926 850 953 896 at
968 857 1028 897 oum
1044 840 1142 914 aliquis

177 929 375 985 renuntiauerit
390 928 530 997 societati,
551 926 669 982 societas
685 926 817 982 soluitur:
840 925 888 981 sod
904 926 984 999 plane
999 927 1022 982 si
1039 927 1101 999 quis
1116 929 1143 982 in

176 1012 231 1069 boc
258 1012 459 1069 renunciauerit
486 1012 628 1080 societati,
658 1019 687 1066 ut
716 1010 865 1067 obueuiens
897 1009 1007 1084 aliquod
1038 1010 1142 1068 lucrum

177 1096 253 1153 solos
274 1095 388 1167 lrabeat,
411 1095 497 1154 ueluti
518 1096 541 1150 si
568 1095 633 1151 milii
653 1103 775 1151 totorum
795 1094 930 1151 bonorum
950 1097 1059 1167 socius,
1083 1112 1143 1154 cum

178 1180 316 1255 abaliquo
340 1181 419 1237 lieres
440 1188 513 1239 esset
528 1179 654 1249 relictus,
677 1181 704 1235 iu
725 1178 779 1237 lroc
794 1181 992 1237 renuntiauerit
1007 1182 1143 1251 societati,

178 1274 209 1321 ut
230 1264 408 1322 hereditatem
431 1267 507 1323 solus
530 1264 599 1321 lucri
622 1265 712 1336 iaciat,
735 1272 851 1339 cogetur
873 1265 926 1321 hoc
947 1265 1053 1322 lucrum
1071 1282 1142 1322 com·

176 1351 328 1424 municare3
354 1351 376 1404 si
399 1350 462 1423 quid
478 1366 544 1407 uero
566 1349 642 1405 aliud
659 1349 726 1405 lucri
749 1350 858 1419 lecerit,
881 1349 955 1423 quod
977 1367 1032 1405 uon
1055 1360 1142 1423 capta·

178 1435 266 1505 uerit,
287 1434 321 1490 ad
336 1435 424 1509 ipsum
440 1436 531 1492 solum
547 1435 678 1508 pertinet:
702 1434 767 1489 mihi
783 1450 861 1503 uero,
885 1433 1016 1507 quidquid
1033 1437 1141 1491 omnino
1156 1439 1176 1493 l²

177 1526 243 1593 post
257 1520 438 1575 renuntiatam
454 1522 611 1576 societatem
627 1517 791 1592 adquiritur,
812 1518 864 1574 soli
880 1519 1049 1576 conceditur.
1079 1514 1142 1575 152.

177 1603 301 1660 Saluitur
315 1603 403 1659 adbuc
417 1607 533 1662 societas
549 1605 629 1659 etlam
644 1612 733 1659 morte
749 1605 824 1669 socii,
847 1606 907 1676 quia
923 1605 969 1676 qui
985 1605 1143 1661 societatem

178 1687 328 1759 contrabit,
354 1697 455 1745 certam
478 1704 620 1762 personam
644 1686 694 1742 sibi
718 1687 805 1760 eligit.
856 1685 919 1746 loa.
942 1688 1043 1745 llicitur
1064 1690 1143 1744 stiam

177 1773 273 1845 capitis
289 1770 469 1829 diminutione
484 1772 554 1829 solui
571 1773 740 1843 societatem,
759 1775 821 1845 quia
838 1772 912 1829 ciuili
926 1774 1034 1829 ratione
1048 1773 1143 1847 capitis

178 1855 321 1913 diminutio
347 1855 438 1913 'morti
465 1848 665 1930 coaequatur;²
692 1859 744 1913 sed
766 1858 859 1931 ulique
881 1858 903 1912 si
927 1848 1034 1935 '(olii)³
1057 1858 1144 1914 adbuc

178 1942 350 1998 consentiant
366 1942 391 1996 iu
408 1942 576 2011 societatem,
593 1957 663 1998 noua
677 1940 787 1997 uidetur
797 1941 916 2014 incipere
928 1942 1056 1998 societas.
1080 1937 1144 2000 1⁶4.

177 2025 245 2081 ltem
267 2026 291 2080 sl
313 2026 390 2082 cuius
413 2041 445 2081 ex
461 2027 544 2081 sociis
566 2024 636 2081 bona
659 2025 766 2100 publice
782 2033 828 2080 aut
850 2025 975 2097 priuatim
999 2027 1145 2098 uenierint,

113 2109 298 2172 tesselatum
324 2111 450 2166 societas.
491 2104 587 2168 164⁸!
615 2109 667 2166 Sed
694 2109 760 2166 haec
788 2123 897 2183 quoque
921 2102 924 2181 l
949 2109 1082 2181 societas,
1112 2109 1145 2165 de

180 2211 233 2267 qua
256 2187 424 2268 loquimini
450 2193 490 2251 'id
509 2204 568 2266 est,
597 2188 685 2268 quae⁰
705 2210 841 2252 consensu
865 2192 1035 2249 contrabitur
1055 2192 1143 2265 nudo,

253 2342 274 2410 ¹)
290 2360 408 2394 consensu
424 2344 488 2396 Inst.
510 2347 646 2397 Fortasse:
660 2347 720 2397 socii
735 2361 807 2395 sensu
821 2347 861 2395 ael
874 2359 1003 2394 consensu.
1065 2341 1086 2412 ¹)
1101 2345 1146 2396 Sic

185 2415 212 2464 V
213 2412 247 2468 ¹²:
266 2416 334 2465 unde
353 2418 429 2467 etiam
449 2420 475 2467 in
495 2418 705 2468 antecedentibus
724 2417 790 2466 nibil
808 2417 859 2466 iam
878 2416 1026 2465 mutandam
1046 2432 1144 2468 censeo.

182 2482 203 2552 ⁸)
217 2485 354 2551 Supplevi,
374 2488 443 2553 qaod
461 2488 492 2540 ab
510 2491 639 2553 sequentis
659 2489 776 2554 syllabae
798 2488 992 2537 similitudinem
1015 2489 1145 2538 eccidisse

179 2558 283 2608 videtur
301 2561 379 2609 etiam
398 2561 424 2609 in
444 2560 530 2610 Instit.
604 2557 626 2622 ⁴)
645 2560 723 2609 Hanc
742 2561 765 2622 ᾗ.
787 2560 843 2622 feei
860 2566 886 2607 et
903 2560 1008 2608 restitui
1031 2575 1066 2609 ea
1089 2558 1115 2608 V
1117 2554 1145 2606 ¹⁸.

180 2627 203 2696 ⁸)
217 2630 330 2680 Diversa
344 2639 382 2680 est
396 2635 463 2681 enim
478 2631 510 2681 ab
524 2646 555 2680 ea
569 2633 682 2681 societas
694 2633 749 2680 siae
764 2631 906 2680 communio
921 2630 1039 2679 incidens
1054 2630 1085 2693 (a,
1099 2630 1144 2694 aa),

179 2702 216 2751 ad
230 2718 305 2767 quam
319 2703 389 2767 quad
400 2705 523 2766 proxime
537 2702 569 2751 de
583 2701 707 2752 bonoram
721 2703 789 2752 coeii
802 2700 950 2751 venditione
964 2701 1080 2760 dixerat,
1095 2715 1144 2765 poa

179 2789 243 2823 sane
263 2775 319 2836 ipsa
338 2789 382 2824 ree
405 2775 556 2831 commanis,
576 2774 604 2821 in
623 2788 674 2837 qua
688 2773 752 2824 baec
766 2774 879 2822 sacietas
894 2773 1021 2829 consistit,
1035 2773 1144 2828 tollitur,

179 2852 299 2908 spectare
313 2859 392 2908 porse
410 2844 561 2900 videbatur,·
581 2858 612 2892 ea
632 2859 740 2908 nataque
759 2845 820 2893 licet
843 2843 972 2892 interdum
990 2844 1067 2892 etiam
1086 2857 1144 2893 con-

179 2929 271 2975 sensa,
286 2922 368 2963 tamen
384 2930 512 2979 nunquam
527 2928 654 2964 consensu
669 2915 751 2973 nudo,
773 2915 820 2963 sed
832 2929 862 2962 re
877 2914 1007 2971 consistit,
1021 2919 1046 2962 et
1060 2917 1145 2976 potest

180 2987 257 3033 etiam
271 2986 330 3033 inre
340 2986 420 3042 civiti,
435 2986 503 3033 aetat
512 2984 665 3042 hereditate,
679 2986 871 3048 mancipatione
881 2986 969 3034 nasci:
981 2983 1013 3033 de
1022 2984 1143 3033 societate

178 3053 377 3117 publicanorum
391 3063 462 3104 certe
479 3054 560 3103 Gaiae
574 3069 623 3104 non
639 3057 770 3119 copitaoit.
804 3056 876 3105 Dicit
892 3062 976 3105 autem
993 3066 1087 3117 quoque
1102 3067 1144 3100 re-

180 3131 268 3187 spectu
293 3123 380 3174 babilo
402 3134 547 3174 ceterarum
570 3140 605 3173 ex
628 3140 754 3176 consensu
777 3126 973 3191 obligationum,
1001 3125 1145 3188 emptionis,

181 3195 333 3251 locationis,
354 3197 482 3254 mandati,
504 3210 569 3259 quae
591 3210 641 3245 non
667 3198 743 3245 etiam
765 3198 821 3246 sine
847 3211 973 3247 concentu
995 3196 1146 3261 cantinpere

177 3272 295 3328 possunt.
335 3264 466 3316 Commode
482 3268 564 3332 ipitur
583 3266 626 3315 laic
641 3274 669 3316 at
682 3268 714 3317 de
728 3267 941 3332 obtipata'anibus,
960 3282 1026 3332 puae
1042 3282 1071 3315 re
1086 3281 1145 3316 can·

181 3335 323 3384 trabuntur
341 3337 364 3397 ς.
385 3348 431 3387 111.
448 3336 527 3398 fecit,
551 3338 689 3388 occasione
711 3346 809 3388 tantam
827 3340 962 3401 aptissima
981 3339 1043 3388 data
1066 3342 1146 3394 notat,

182 3408 258 3455 etiam
272 3421 367 3464 omnes,
382 3423 447 3471 quae
461 3408 530 3457 nudo
545 3423 671 3458 consensa
691 3410 891 3467 contrabantur,
909 3408 1080 3473 obtipationes
1093 3421 1147 3458 esee

182 3478 250 3526 iuris
262 3479 385 3543 pentium,
400 3492 431 3527 ne
447 3481 473 3528 in
490 3481 542 3529 alto
554 3494 650 3543 penere
665 3481 695 3529 id
708 3481 777 3545 qaod
790 3494 810 3540 1,
826 3493 836 3530 t
849 3482 896 3542 fin.
912 3481 1085 3543 promiserat,
1104 3479 1147 3528 de-

180 3549 321 3597 sideretur.
341 3549 400 3598 side
414 3549 451 3599 ibi
464 3550 578 3613 inferias
594 3558 690 3601 notata.
743 3547 765 3617 ⁶)
777 3549 922 3613 SicSuppl.
934 3549 971 3599 St.
979 3566 1006 3614 p.
1022 3547 1146 3599 XXXII.

178 3634 231 3682 pro
246 3616 288 3668 ‘ob
303 3620 332 3668 id
345 3617 420 3683 quod'
436 3621 477 3674 ed.
492 3636 561 3671 meae
574 3633 596 3672 1.
620 3623 706 3687 itaque
719 3622 839 3686 dittinpii
853 3624 886 3684 ej.
897 3623 974 3670 etiam
986 3622 1075 3670 sensui
1088 3635 1148 3671 can·

255 3740 280 3812 ς.
299 3747 355 3795 iar.
371 3767 404 3787 =
420 3748 444 3807 §-
459 3758 480 3798 s.
501 3744 567 3795 111.
622 3741 648 3813 ς.
662 3748 719 3796 111.
732 3747 800 3808 ες.
810 3757 831 3797 1.
847 3746 904 3794 111.
920 3744 941 3794 1.
957 3743 990 3793 aa.
1047 3741 1073 3813 5.
1090 3744 1148 3793 aas.

185 3813 763 3879 011111111111.[11111111.
788 3819 858 3878 bro.
883 3815 1148 3876 mantalam.

182 3888 207 3950 ς.
223 3899 255 3937 11.
279 3887 311 3937 l).
326 3904 379 3952 pro
397 3903 451 3938 soc.
473 3888 522 3954 (ir,
542 3885 572 3951 a).
645 3884 671 3955 ξ.
689 3889 747 3938 lat.
769 3887 808 3950 Cf.
828 3888 940 3949 1111.
965 3885 1037 3936 tib.
1053 3884 1090 3951 (s,
1104 3884 1149 3948 11).
