2378 4386
422 550 484 587 tum
503 553 603 592 ansata.
623 533 670 589 III.
690 539 801 595 ott-as.
1029 539 1092 606 301

126 693 332 749 manumissoris
347 686 447 748 ettam¹
470 693 503 750 ad
519 703 663 751 extraneos
678 695 791 753 heredes
806 698 961 769 pertinent3
985 699 1049 754 item
1065 700 1093 756 in

128 776 276 834 hereditate
298 778 366 834 eiuis
380 778 492 835 Romani
513 779 601 837 liberti
623 781 714 837 liberis
736 783 941 838 manumissorts
957 782 1031 839 nulla
1047 800 1092 839 ex·

126 861 264 918 treredntio
280 870 373 933 nocet,
387 864 415 918 in
430 861 508 920 bonis
520 862 676 921 Latinorum
691 861 812 941 (autem)
824 882 922 923 nocere
934 869 1090 924 nominatim

127 946 220 1005 tactam
249 946 501 1015 exheredationem,
529 951 589 1023 ipso
617 958 728 1006 senatus
756 949 883 1007 consulto
912 951 1090 1026 significetur,

126 1036 217 1091 uerius
238 1040 282 1087 est
302 1047 387 1108 ergo,
410 1031 463 1090 hoo
479 1034 567 1090 solum
584 1051 617 1089 eo
639 1043 750 1090 senatus
774 1035 900 1092 consulto
916 1046 1004 1093 aetum
1020 1053 1090 1105 esse,

126 1129 155 1175 ut
177 1117 385 1176 manumissoris
405 1116 496 1188 liberi,
522 1121 567 1192 qui
590 1119 749 1174 nominatim
772 1120 925 1176 exheredati
948 1138 1002 1177 non
1025 1123 1090 1195 siut,

126 1206 316 1279 praeferantur
328 1204 462 1260 extraneis
478 1202 633 1259 heredibus.
659 1198 708 1260 bb,
718 1203 812 1278 {teque
823 1207 1006 1278 emancipatus
1019 1205 1091 1263 filius

127 1288 233 1363 petroni
248 1290 423 1358 praeteritus,
441 1290 564 1360 quamuis
580 1296 675 1344 eontra
687 1287 791 1344 tabutas
807 1291 960 1345 testamenti
971 1293 1092 1362 parentis

126 1376 168 1431 sut
182 1374 317 1433 bonorum
333 1374 536 1449 possessionem
553 1390 607 1429 uon
623 1373 743 1445 petierit,
760 1381 848 1430 tamen
861 1376 998 1431 extraneis
1013 1375 1092 1431 here·

77 1458 114 1510 2⁴]
129 1459 208 1517 dibus
234 1461 261 1515 in
287 1456 366 1516 bonis
393 1457 549 1512 Latinorum
578 1459 673 1531 potior
700 1456 825 1515 habetur.
872 1454 921 1515 66.
946 1458 1011 1514 item
1037 1458 1091 1516 iilia

126 1547 266 1618 ceterique
287 1546 330 1600 sui
352 1542 466 1599 heredes
488 1541 551 1598 lieet
570 1544 628 1597 iure
648 1541 738 1615 ciuili,
760 1536 813 1621 (si)
830 1545 900 1599 inter
919 1553 1026 1600 eeteros
1045 1561 1091 1600 en·

125 1629 247 1686 herednti
263 1629 332 1700 sint,
352 1619 479 1705 et(iam)²
497 1627 530 1694 ab
547 1628 620 1683 omni
641 1626 791 1685 hereditate
806 1630 891 1703 patris
912 1630 955 1684 sui
970 1645 1090 1685 sammo-

124 1722 257 1783 veantur,
272 1722 360 1769 tamen
375 1715 403 1768 in
419 1712 497 1767 honis
513 1710 686 1781 Latinorum,
709 1715 759 1768 nisi
776 1715 933 1769 nominatim
949 1731 963 1769 a
977 1722 1090 1787 ponente

124 1797 227 1854 luerint
249 1797 418 1866 exheredati,
442 1797 564 1869 potiores
585 1805 666 1853 eruat
687 1798 821 1854 extraneis
843 1798 998 1854 heredibus.
1044 1795 1089 1857 b'l.

125 1881 191 1938 item
206 1881 239 1938 ad
260 1881 376 1955 liberos,
401 1884 447 1956 qui
466 1881 497 1936 ab
520 1881 670 1938 hereditate
693 1885 811 1956 parentis
833 1899 862 1938 se
890 1882 1089 1951 alienaverunt,

125 1966 222 2023 'nibilo
236 1970 330 2025 minas
340 1960 450 2025 tamen³
463 1969 531 2022 bona
543 1965 700 2023 Latinorum
713 1969 864 2042 pertineam
881 1967 957 2023 ’nam
969 1968 999 2023 hi
1009 1961 1091 2025 adeo⁴

125 2051 280 2108 exheredati
306 2053 383 2109 nullo
409 2052 491 2107 modo
517 2049 569 2107 dici
595 2061 725 2123 possunt,
754 2069 809 2108 non
835 2052 920 2126 magis
942 2069 1021 2126 quam
1043 2053 1089 2126 qui

124 2144 289 2193 testamento
304 2135 414 2193 silentio
430 2137 569 2210 praeteriti
585 2143 657 2192 sunt.
698 2134 748 2194 68.
772 2135 809 2191 Ex
824 2138 866 2194 bis
883 2137 1008 2193 omnibus
1024 2137 1089 2192 satis

128 2219 198 2276 illud
215 2231 339 2294 apparet,
361 2223 383 2276 si
400 2222 434 2290 is,
451 2221 497 2294 qui
515 2219 638 2276 Latinum
652 2216 781 2287 tecerit‚⁵
794 2252 830 2262 —
848 2252 884 2262 —
899 2251 1035 2263 --—
1046 2251 1088 2261 -

124 2323 403 2361 --——-ss
426 2299 430 2383 Ι
453 2337 652 2343 --————-—-
674 2324 715 2360 vv.
741 2307 864 2362 1—21.
1098 2303 1155 2355 ¹44·

125 2421 352 2430 -—-—
368 2400 373 2454 t
410 2386 459 2447 69.
484 2390 550 2446 item
573 2390 642 2446 illud
656 2407 766 2465 quoque
782 2402 907 2448 constare
923 2393 1049 2465 uidetur,
1064 2393 1088 2448 si

199 2559 219 2625 ¹)
232 2560 257 2610 t.
273 2577 294 2610 e.
314 2576 365 2611 non
385 2568 482 2610 tantam
501 2562 537 2610 ad
555 2561 650 2612 liberos
668 2562 715 2611 sed
732 2564 823 2618 etiarm·
847 2566 929 2628 ipitnr
948 2580 999 2613 non
1018 2573 1088 2613 reete

138 2628 223 2700 etiam]
236 2629 290 2683 Kr.
305 2634 345 2682 ed.
360 2645 381 2684 s.
418 2632 544 2682 Similiter
563 2635 635 2681 etiam
654 2647 748 2695 quoque
767 2634 896 2682 interdum
915 2637 1087 2683 cumulantur.

137 2702 205 2767 )Eaa
224 2700 286 2761 lm,-
299 2705 346 2753 sed
361 2700 410 2754 ‘si'
428 2713 452 2754 et
468 2701 570 2753 ‘etiam'
586 2705 710 2766 supplevi.
746 2702 818 2751 Nidil
831 2706 934 2766 supplet
947 2703 996 2754 Kr.
1012 2705 1052 2752 ed.
1067 2717 1087 2754 s.

126 2768 147 2839 3)
161 2773 296 2839 Supplevit
304 2773 378 2824 Stvd.
390 2776 429 2824 ed,
440 2777 486 2825 sed
494 2777 579 2839 spatio
595 2776 714 2839 exigente
724 2773 817 2822 addidi
829 2772 962 2838 t(n)m(en).
1013 2771 1036 2839 4)
1047 2774 1089 2823 Ita

123 2846 291 2895 verisimilius
314 2845 470 2896 Blaltmiana
494 2863 562 2896 nane
587 2849 746 2908 interpretor
769 2846 845 2894 etiam
867 2846 949 2909 mapis
972 2859 1006 2893 ex
1028 2844 1089 2895 Gaii

123 2928 200 2964 sensa
223 2919 267 2980 qai
290 2925 379 2980 aperte
406 2918 453 2967 laos
475 2919 542 2966 inter
564 2926 663 2967 ceteros
687 2916 855 2966 exheredatis
877 2930 1007 2979 opponere
1025 2919 1087 2966 vult.

124 2983 147 3050 ὁ)
160 2984 318 3037 Sententiam
333 2989 401 3038 banc
412 2989 497 3052 faisse
511 2992 646 3053 suspicor:
660 2989 681 3036 si
696 2988 731 3050 is,
747 2989 786 3052 qui
802 2988 911 3037 Latinum
930 2988 1026 3051 iecerit,
1046 2991 1088 3039 ael

122 3058 179 3107 eius
197 3058 272 3107 liberi
290 3061 389 3123 solique
409 3062 433 3108 ei
447 3061 555 3109 deredes
567 3062 635 3124 faeti
649 3061 749 3119 vivant,
771 3075 827 3108 eum
841 3059 954 3109 Latinas
968 3061 1087 3120 moritur,

123 3128 190 3179 nibil
213 3132 274 3179 novi
295 3138 400 3179 senatus
424 3134 540 3180 consulto
560 3131 733 3180 introductum
752 3145 820 3190 esse;
844 3133 906 3181 hunc
928 3132 990 3180 enim
1010 3132 1087 3182 solnm

122 3213 210 3249 rasam
229 3201 258 3249 id
276 3208 406 3264 spectare,
427 3218 483 3251 eam
503 3201 534 3251 ab
553 3200 698 3269 berediibus
720 3202 832 3265 defuncti
854 3204 891 3252 ius
910 3203 933 3252 in
953 3203 1022 3252 bonis
1041 3204 1088 3252 La·

122 3270 227 3320 tinorum
251 3272 287 3319 ad
311 3271 405 3322 liberos
424 3275 480 3322 eius
498 3275 642 3337 transferri
654 3276 745 3337 possit.
782 3272 835 3323 Sed
852 3276 900 3323 etsi
916 3276 1088 3324 nranvmissor

122 3340 245 3391 Latinam
260 3350 386 3394 extraneo
407 3347 531 3409 depaverit
545 3346 580 3408 (s,
596 3343 660 3409 195),
681 3343 747 3395 SCto
762 3347 844 3395 locum
859 3361 909 3395 non
924 3361 980 3394 esse
994 3345 1086 3402 videri,

124 3413 193 3477 quod
212 3412 308 3463 liberos
326 3421 423 3464 tantuna
442 3418 576 3466 extraneis
594 3415 732 3465 heredibus
746 3418 920 3479 praetulerit,·
938 3432 988 3480 qna
1007 3415 1039 3464 de
1057 3430 1087 3464 re

122 3490 204 3533 tamen
220 3499 271 3534 non
291 3483 391 3543 dubito,
412 3488 473 3550 quin
492 3487 662 3536 dissenserint
676 3486 745 3546 IOti,
765 3489 819 3536 sive
832 3495 959 3536 extraneo
973 3488 1026 3535 sive
1041 3488 1088 3534 ani

121 3569 155 3602 era
170 3554 261 3604 liberis
275 3571 326 3618 per
342 3559 552 3622 praeceptionem
570 3558 684 3606 Latinus
703 3560 803 3622 tepatus
818 3558 914 3619 faerit,
933 3565 957 3606 et
971 3557 1012 3606 ltis
1026 3571 1086 3605 aon·

122 3628 258 3676 troversiis
277 3628 398 3677 maiorem
413 3635 515 3692 partem
532 3645 595 3694 pap.
615 3640 660 3680 141>
687 3636 839 3690 occupatam
858 3628 951 3691 faisse.
992 3625 1086 3690 Seque-

121 3694 216 3745 bantur
235 3697 329 3746 deinde
349 3701 418 3748 aliae
437 3702 643 3757 controversiae,
662 3707 687 3747 et
705 3701 732 3747 ia
753 3699 794 3747 tis
809 3700 909 3762 prima,
929 3705 957 3746 ut
966 3704 1044 3759 puto,
1063 3697 1088 3745 si

121 3766 212 3817 liberis
231 3774 329 3817 tantum
347 3770 485 3820 heredibus
504 3771 630 3820 institutis
648 3785 714 3818 antas
733 3785 767 3817 em
786 3771 820 3818 iis
837 3784 865 3818 se
879 3768 1034 3817 abstinuerit
1048 3766 1088 3814 vel

121 3836 290 3888 bereditatem
308 3842 448 3903 spreverit,
468 3839 533 3891 bona
553 3841 644 3889 Latini
662 3841 698 3888 ad
716 3855 802 3888 omnes
820 3855 853 3888 an
869 3839 961 3888 adeas
980 3843 1086 3893 tantum,

122 3910 166 3972 qui
179 3910 288 3960 beredes
304 3911 373 3974 faeti
386 3919 446 3961 sunt
460 3912 540 3975 (qaod
553 3913 641 3961 verius
655 3907 704 3973 est)
715 3911 873 3972 pertineant.
914 3906 995 3964 Quam
1008 3918 1087 3966 qvae·
