2378 4386
391 583 426 619 ou
444 583 478 618 eu
496 582 595 619 vxonm
611 581 646 618 no
663 582 783 619 normes.
998 561 1057 627 755

109 730 221 770 uxerem
235 714 377 783 conuenit,
400 728 462 770 cum
477 728 520 768 res
536 720 563 767 et
584 714 660 768 iuter
677 726 729 768 eus
748 713 892 783 mancipia
912 714 1062 768 aestimata

109 803 139 854 in
153 799 244 854 dotem
260 795 398 865 darentur,
415 803 454 866 ut,
479 795 598 851 diuortio
614 803 719 864 secuto,
742 802 833 850 utrum
848 794 932 851 uellet
947 793 1042 850 mulier
1056 787 1060 871 l
1180 853 1183 857 ,

109 882 232 954 eligeret,
248 879 291 935 uel
307 881 444 953 mancipio,
461 878 505 935 uel
520 879 743 938 aestimationem.
778 877 903 935 Monentc
919 878 1172 951 matrim-esaim}

108 968 155 1022 nic
176 965 318 1036 quaedam
339 978 379 1020 ea
401 965 551 1033 mancipiis
573 969 747 1034 pepererunt.
791 965 942 1035 quaesitum
961 970 1017 1030 est,
1039 964 1062 1018 si
1142 1008 1146 1015 .

109 1048 205 1105 mulier
220 1047 350 1119 mancipia
366 1045 504 1119 elegisset,
526 1062 566 1100 on
578 1052 684 1115 portus
699 1060 811 1118 quoque
827 1050 889 1103 eius
903 1061 965 1102 esse
980 1043 1061 1102 dehe-

109 1133 189 1190 rcnti
223 1129 334 1187 Paullus
355 1127 510 1203 respondit,
533 1129 657 1201 qnoniam
681 1127 802 1200 periculo
825 1131 912 1185 meriti
936 1131 1062 1187 aixerunt

109 1218 268 1285 mancipia,
290 1219 397 1285 partus
419 1225 530 1284 quoque
553 1226 593 1266 cx
614 1213 648 1266 iis
669 1214 843 1268 matrimonii
864 1219 986 1283 tempore
1001 1228 1063 1286 per·

109 1308 204 1372 ceptos
219 1295 289 1371 apud
305 1298 393 1352 uirum
407 1309 546 1350 remanere
562 1288 687 1349 debere.¹

59 1384 99 1432 tit]
172 1378 231 1439 lte.
255 1381 334 1437 Idem
348 1380 396 1435 lib.
414 1419 421 1436 .
439 1419 446 1434 .
462 1393 542 1448 resp.
564 1375 657 1447 refert
679 1385 766 1432 tamen
789 1376 1012 1433 consultationem
1036 1387 1064 1433 et

109 1478 280 1537 responsum.
326 1461 435 1517 ‘Minor
449 1475 518 1518 m
531 1476 671 1517 annorum
687 1459 770 1516 Lucio
785 1459 853 1515 l'itia
872 1477 933 1516 cum
949 1458 1064 1516 nuberet

109 1547 238 1619 Septicio,
260 1547 368 1601 maioris
383 1546 527 1616 dignitatis
542 1548 616 1613 uiro,
638 1547 665 1599 ei
678 1547 839 1600 sestertium
850 1537 976 1600 centum²
991 1542 1063 1599 milia

110 1633 136 1685 in
148 1629 239 1683 dotem
250 1628 335 1699 dedit,
351 1643 410 1684 cum
423 1644 477 1684 oon
492 1627 606 1701 emplius
617 1628 644 1682 in
660 1626 738 1682 honis
750 1628 872 1684 haberet.
897 1627 971 1683 lium
983 1635 1063 1684 recte

110 1712 188 1769 dedit
203 1718 231 1767 et
244 1729 312 1767 uum
328 1726 423 1768 uerum
439 1721 491 1783 est,
513 1711 586 1785 quod
601 1727 615 1766 a
632 1709 788 1783 quibusdam
804 1710 910 1777 dicitur,
932 1711 1020 1767 omnia
1035 1712 1063 1767 in

110 1795 200 1853 dotem
216 1793 277 1851 deri
290 1796 363 1852 bona
376 1793 498 1864 posse2'
541 1795 665 1852 Paullus
686 1796 844 1866 respoudit,
866 1795 955 1850 ’recte
973 1797 1064 1852 dotem

110 1871 245 1996 damma3
271 1878 327 1934 dari
356 1895 453 1952 posse,
483 1885 643 1952 argumento
672 1893 732 1934 esse
759 1880 787 1933 ln
810 1893 918 1934 manum
946 1894 1063 1935 conuen-

111 1965 221 2021 tionem.

172 2039 234 2104 uu.
257 2039 363 2104 MIure
373 2049 528 2117 potestatis
540 2052 628 2117 puter
641 2047 734 2102 inuita
747 2042 799 2101 dlis
810 2044 950 2118 repudium
963 2060 1064 2118 genero

111 2131 193 2186 misit.
228 2128 344 2200 Quaero,
365 2147 404 2186 an
418 2131 490 2186 idem
504 2133 569 2185 iure
582 2129 771 2200 stipulationis
787 2128 877 2185 dotem
892 2137 986 2202 petere
1000 2144 1064 2202 pos·

111 2214 181 2269 siti’
211 2212 319 2269 Paullus
335 2212 484 2286 respondit,
502 2213 698 2268 matrimonium
714 2212 821 2285 quidem
838 2214 954 2284 repudio
970 2214 1067 2286 quoad

112 2312 243 2352 socerum
258 2298 380 2353 solutum
395 2296 496 2363 uideri3
512 2297 562 2351 sed
576 2298 644 2368 patri
660 2294 741 2352 filium
752 2295 893 2355 inuitemus
908 2297 1002 2352 marite
1015 2297 1064 2354 ab·

111 2381 219 2436 ducere
233 2396 290 2494 ηιέη
305 2381 410 2443 licerc‚·
431 2394 484 2435 uec
501 2375 594 2434 dotem
610 2388 732 2453 repetere
746 2395 842 2454 posse,
865 2381 916 2435 nisl
932 2378 984 2435 lilia
1000 2396 1065 2437 con·

112 2464 254 2521 sentiente.

174 2541 232 2602 ltt.
255 2542 364 2600 ‘Lucius
379 2545 467 2601 iltius
482 2544 625 2618 Septiciam
640 2544 771 2600 ducturus
787 2560 901 2601 uxorem
916 2552 980 2601 crat
994 2564 1065 2603 aaa·

112 2631 178 2685 dum
192 2621 340 2684 nubilem!
363 2636 459 2702 postea
473 2628 606 2701 Septicius
622 2627 699 2682 datus
716 2635 791 2683 tutor
805 2626 936 2701 Septiciae
951 2627 1066 2684 eundem

116 2713 217 2768 Titium
227 2715 368 2784 potiorem
383 2715 539 2768 nominauit
556 2718 682 2767 tutorem.
713 2708 829 2779 Quaero,
850 2727 883 2766 an
899 2711 1067 2768 excusandus

113 2794 181 2850 siti'
226 2794 335 2851 Paullus
357 2795 512 2870 respondit,
534 2793 567 2850 de
590 2793 681 2849 oiircio
702 2796 848 2865 praetoris
871 2798 975 2865 quaeri
980 2818 989 2857 ,·
1016 2797 1068 2851 sed

113 2998 145 3047 L.
163 3009 191 3049 tu
208 3013 251 3061 pr.
278 2997 309 3045 1).
330 2996 362 3045 de
380 2998 428 3061 lep.
448 3007 468 3046 u.
508 2995 650 3059 Deperditu
672 2997 769 3044 rectius
792 2996 854 3045 midi
879 2996 968 3046 uidear
991 3013 1067 3062 quom
1091 2990 1099 3014 ‘

114 3068 206 3118 Hollw.
221 3068 308 3117 etalii
326 3081 471 3130 reparasse.
547 3062 566 3130 ¹)
581 3065 626 3114 Ea
643 3066 730 3115 ecdem
745 3066 839 3115 Paullo
859 3069 975 3131 sequitur
993 3069 1068 3118 aliud

114 3152 277 3202 responsum:
294 3138 340 3187 sed
358 3137 494 3186 dicendum
512 3137 628 3194 uidetur,
645 3137 733 3200 prima
751 3135 829 3186 uerba
847 3151 902 3186 esse
920 3139 1067 3188 collectoris

113 3211 152 3259 uei
166 3211 279 3273 callepae
289 3208 386 3270 potius,
401 3209 446 3271 qui
459 3207 527 3256 dunc
541 3209 641 3255 titulum
655 3220 791 3257 recensens
805 3206 1066 3273 quibusdamsupple·

113 3281 203 3328 mentis
217 3280 330 3328 auxerit.
355 3278 479 3328 Lucanas
493 3279 604 3340 explevi.
657 3273 677 3341 ¹)
694 3273 793 3327 ‘decies
807 3275 925 3327 centena’
941 3278 998 3328 edd.
1015 3291 1034 3329 1.
1045 3290 1067 3330 u.

113 3350 242 3408 dederam,
253 3364 302 3398 nou
314 3355 390 3398 recte.
442 3344 463 3413 ³)
473 3348 515 3397 Ita
526 3346 638 3398 Momms.
650 3346 754 3397 Malim:
768 3349 853 3397 omnio
863 3347 929 3398 bonu
939 3350 966 3397 iu
976 3349 1067 3400 dotem.

115 3420 153 3480 Cf.
169 3418 200 3467 L.
215 3431 235 3470 s.
256 3420 279 3481 5.
295 3432 314 3468 t.
341 3419 373 3467 D.
393 3419 425 3468 de
439 3420 530 3468 minor.
545 3416 580 3481 (t,
595 3418 627 3482 t).
647 3418 679 3466 h.
696 3431 715 3468 1.
736 3417 761 3467 C.
777 3419 873 3468 riade.
892 3419 944 3469 dat.
965 3418 1002 3483 (t,
1020 3419 1067 3484 st).

114 3489 146 3536 L.
160 3501 181 3537 t.
198 3488 223 3537 0.
239 3489 271 3537 de
286 3491 303 3537 i.
318 3488 370 3538 dot.
386 3487 417 3552 (s,
433 3492 476 3552 ιε).
535 3485 557 3551 ⁴)
575 3487 612 3549 Cf.
630 3487 682 3537 Cic.
702 3487 761 3550 Tap.
777 3501 798 3545 t,
812 3498 847 3540 ts.
908 3486 929 3553 ⁶)
943 3489 1067 3539 Lacunas

112 3572 202 3607 sensus
217 3564 241 3605 et
255 3560 334 3621 spatii
348 3560 513 3607 accuratiore
527 3556 615 3605 dubita
630 3559 731 3606 ratione
745 3560 875 3622 supplevi,
890 3561 988 3622 partim
1003 3562 1066 3611 alio-

113 3643 170 3675 rum
186 3642 247 3676 usus
261 3629 412 3678 commentis.
443 3628 481 3689 Cf.
496 3626 528 3673 Β.
543 3636 577 3676 su.
592 3629 615 3687 ξ.
631 3638 664 3676 te.
684 3627 716 3674 t).
731 3627 763 3675 de
776 3629 836 3677 don.
852 3631 897 3677 int.
913 3631 961 3677 uir.
977 3627 1021 3694 (us,
1037 3629 1066 3692 1).

114 3697 145 3746 L.
162 3712 182 3748 1.
197 3699 220 3759 ξ.
236 3708 256 3748 5.
281 3696 312 3746 D.
329 3699 360 3745 de
374 3695 417 3745 tte.
432 3694 518 3744 exitib.
535 3695 584 3760 (ts,
599 3694 644 3759 stt).
664 3694 696 3743 L.
711 3705 731 3746 5.
760 3696 786 3745 C.
805 3698 837 3746 de
856 3698 946 3760 repud.
966 3698 1001 3762 (t,
1021 3698 1066 3762 tt).

114 3768 190 3816 Paul.
205 3766 232 3816 S.
249 3766 279 3818 tt.
293 3778 314 3824 5,
328 3777 348 3816 s.
368 3768 391 3827 5.
408 3776 440 3816 tt.
514 3761 535 3828 ⁶)
554 3763 627 3824 Quod
645 3766 671 3813 iu
690 3765 748 3813 dote
767 3781 817 3815 mon
836 3769 977 3832 recepticio
992 3770 1067 3817 etium

113 3840 198 3886 soluto
216 3838 284 3885 inter
303 3838 425 3899 coniapes
442 3836 606 3884 matrimonio
626 3834 743 3896 saturum
761 3843 826 3884 erat
905 3834 926 3902 ⁷)
945 3837 1068 3885 Lucanas

113 3908 240 3968 supplevi.
267 3904 392 3954 Similiter
407 3904 520 3954 Mcmms.

806 3987 861 4042 te*
