2378 4386
185 565 248 630 620
467 584 570 621 norum
588 583 694 621 verterit
712 583 779 619 nter.
798 583 855 618 BEL.

186 721 259 759 nuno
276 704 320 759 ed.
338 703 475 773 Kruegeri
492 704 511 758 l.
531 721 552 756 o.
571 720 599 780 p.
619 709 667 758 160
684 719 750 771 seq,
769 703 806 756 sd
823 718 908 770 quom
926 702 998 756 hene
1015 703 1140 757 nostram

184 771 308 838 tertiam,
327 770 452 824 codicem
470 771 506 825 ub
525 785 559 823 eo
576 772 734 838 inspectum
756 774 832 823 Vina.
850 768 1042 838 insignientes,
1059 769 1140 822 insti·

185 839 299 901 tuimns,
316 838 355 890 sic
372 841 469 891 tumen
487 838 520 891 ut
536 837 598 890 loos
614 837 714 891 hurum
732 835 950 900 Institutionum,
970 852 1042 903 quse
1059 852 1141 904 prse-

185 909 265 959 teres
276 906 434 972 supersunt,
449 919 577 972 quaeque
587 904 825 971 quemadmodum
835 919 865 957 ee
875 904 1048 972 exceperint,
1056 904 1142 957 modo

186 972 315 1038 diximus,
333 987 388 1024 uno
407 974 535 1040 excepto,
554 985 610 1023 non
629 975 829 1040 repeteremus.

558 1175 768 1182 ——.

363 1348 559 1422 VLPIANI
584 1346 959 1421 INSTITVTIONVM
1151 1372 1181 1421 n

512 1471 635 1530 uinus
653 1470 808 1530 estuve.

534 1646 583 1685 su.
601 1645 622 1684 1.
638 1625 727 1701 (autes
743 1621 792 1704 11).

248 1735 273 1796 1.
298 1732 482 1795 ¹Precarium
498 1746 548 1803 est,
566 1738 642 1809 quod
652 1739 790 1809 precibus
802 1741 912 1810 petenti
926 1738 1061 1794 utendum
1072 1755 1139 1795 con·

187 1825 298 1881 ceditur
319 1825 442 1894 tamdiu,
463 1823 597 1893 quamdiu
613 1823 653 1889 is,
675 1824 725 1893 qui
739 1825 896 1891 concessit,
909 1825 1030 1894 potitur.
1066 1824 1141 1896 quod

185 1924 277 1982 penus
290 1899 491 1964 liberalitatis²
511 1921 549 1962 ex
563 1907 627 1960 iure
641 1889 764 1978 petilium
779 1906 934 1961 deseendit.
979 1914 1005 1961 et
1020 1907 1138 1962 distata

186 1993 340 2048 donatione
354 2007 401 2060 eo,
419 1991 495 2062 quod
509 1992 559 2061 qui
571 1989 672 2057 donat,
695 1992 737 2044 sio
752 1991 817 2058 dat,
838 2004 874 2044 ne
889 1993 1026 2060 recipiat·
1047 1997 1078 2046 at
1092 1993 1140 2064 qui

183 2077 321 2148 precario
337 2075 477 2142 coneedit,
493 2077 535 2128 sio
550 2073 607 2140 dat,
625 2076 710 2144 quasi
723 2079 791 2128 tunc
808 2078 990 2145 recepturus,
1005 2090 1073 2130 eum
1088 2075 1140 2129 sibi

185 2159 302 2216 libuerit
314 2159 483 2228 precarium
499 2157 621 2214 soluere.
657 2164 684 2212 et
699 2164 742 2214 est
756 2157 844 2212 simile
862 2159 1054 2214 commodato.-
1073 2175 1137 2214 nam

187 2250 214 2298 et
230 2240 282 2314 qui
294 2241 450 2297 commodat
465 2255 534 2308 rem,
551 2241 593 2294 sic
608 2242 775 2310 commodat,
790 2247 822 2295 ut
835 2256 891 2297 non
904 2240 1001 2311 faciat
1017 2257 1078 2297 rem
1090 2257 1136 2298 oe-

81 2328 147 2378 iol.l.
157 2342 179 2376 s.
190 2327 334 2396 timentis,
350 2323 402 2378 sed
416 2329 445 2378 ut
462 2327 488 2379 ei
502 2317 549 2399 utii
564 2339 592 2378 re
607 2324 774 2380 eonimodatu
791 2326 937 2396 permittat.

115 2399 154 2447 1¹¹¹·
250 2401 279 2462 2.
302 2403 431 2462 Loesium
455 2423 563 2479 quoque
583 2413 612 2462 et
633 2407 797 2463 conductum
818 2408 859 2463 ius
880 2409 1002 2481 gentium
1024 2408 1136 2465 induxit.

189 2505 250 2546 nom
273 2504 305 2546 ex
328 2506 383 2563 quo
406 2492 544 2564 coepimus
566 2492 752 2564 possessiones
775 2491 942 2564 proprisset
964 2508 1008 2548 res
1030 2492 1137 2562 habere,

187 2582 215 2631 et
235 2572 343 2631 iocandi
366 2566 536 2651 '(nostras)³
557 2576 599 2631 ius
621 2577 710 2632 nancti
733 2591 837 2644 sumus,
861 2583 888 2630 et
908 2575 1075 2633 conducendi
1096 2592 1138 2632 ree

186 2657 302 2733 alienam
326 2667 354 2714 et
375 2660 412 2727 is,
436 2659 481 2730 qui
504 2658 648 2730 conduxit,
671 2661 728 2713 iure
751 2658 872 2731 gentium
894 2667 1002 2714 tenetur
1016 2660 1048 2716 nd
1071 2675 1137 2717 mer·

187 2742 278 2800 oedem
294 2734 499 2820 eslsoluendam
517 2745 655 2804 locatori,·
675 2745 700 2798 is
714 2756 801 2811 nero,
821 2745 871 2814 qui
882 2746 1004 2814 locauit,
1027 2744 1137 2800 adrem

183 2828 409 2901 praestandum,
425 2833 456 2883 ut
471 2829 558 2883 alleri
571 2830 613 2882 uli
627 2828 674 2883 aet
685 2825 752 2897 frui
765 2839 800 2880 eo
813 2819 926 2882 liceat⁴

524 2954 796 3039 mmmmm.

248 3067 273 3128 1.
290 3066 313 3128 ⁵.
327 3113 333 3127 .
346 3117 353 3132 .
367 3113 375 3129 .
392 3075 471 3129 uelut
482 3074 509 3128 si
517 3080 615 3128 mutuo
628 3074 755 3145 pecunia
768 3073 817 3128 titi
826 3074 894 3129 data
910 3076 955 3145 sit,
972 3090 1030 3130 non
1040 3075 1136 3130 eadem

80 3159 285 3227 retinuitque
306 3159 477 3212 numismata
494 3149 497 3231 i
516 3155 615 3223 reddis,
638 3171 705 3228 quoe
727 3158 869 3230 recepisit,
891 3157 938 3212 sed
959 3157 1036 3213 stium
1058 3172 1137 3232 pecu·

113 3233 154 3282 fin·
186 3239 256 3292 nium
272 3237 391 3294 eiusdem
408 3239 573 3311 quantitatis.
603 3237 711 3294 iiutuse
722 3248 811 3296 sutem
823 3241 880 3296 dari
896 3249 1011 3313 possunt
1025 3257 1069 3298 res
1084 3256 1136 3296 non

185 3318 251 3375 oiim
267 3335 347 3392 quom
364 3336 432 3393 quse
447 3320 575 3393 pondere,
591 3336 716 3392 numero,
731 3339 856 3380 mensuro
872 3326 1054 3381 eontinentur.

260 3484 279 3551 ¹)
297 3487 346 3536 Est
359 3487 391 3536 L.
406 3500 425 3537 1.
446 3487 477 3537 D.
493 3488 524 3537 de
535 3503 641 3551 precor.
656 3489 701 3554 (tt,
716 3488 760 3553 ee).
813 3485 834 3555 ¹)
852 3490 977 3554 Uiprianus
990 3493 1138 3548 addiderat,

187 3564 214 3607 ut
228 3560 328 3622 opinor,
345 3554 381 3607 ‘et
396 3555 498 3622 ipsum’.
523 3559 607 3608 Antea
618 3574 677 3610 aero
687 3562 719 3610 de
731 3561 868 3612 donatione
878 3562 1033 3613 disseruisse
1042 3563 1137 3614 omnia·

186 3644 233 3694 que
248 3629 350 3692 nepotis
365 3630 432 3678 iuris
443 3631 556 3695 parilium
571 3632 608 3679 ita
623 3632 758 3681 ordinasse
772 3632 886 3690 uidetur,
905 3639 933 3680 ut
951 3632 983 3681 ab
1002 3633 1054 3692 liis,
1074 3646 1137 3698 quoe

186 3715 221 3748 ere
235 3698 390 3748 liberalitate
405 3702 520 3758 ueniunt,
535 3715 646 3751 exorsus
661 3702 697 3750 od
710 3717 753 3760 ea,
769 3718 833 3766 quae
848 3703 969 3751 utilitatis
983 3718 1064 3753 causo
1079 3718 1137 3753 aon·

186 3769 337 3832 traduntur,
348 3779 478 3836 pergeret.
543 3768 564 3837 8)
579 3771 709 3835 Suppleui.
774 3770 795 3836 ⁴)
809 3771 965 3822 Sententiam
979 3775 1102 3837 suppleri.

187 3837 208 3906 ο)
223 3838 379 3891 Sententiam
393 3843 555 3907 aliquatenus
568 3843 691 3905 suppleri.
717 3841 755 3905 Cf.
766 3858 810 3905 pr.
822 3842 843 3891 I.
859 3842 926 3906 quib.
936 3843 1002 3892 mod.
1012 3858 1041 3893 re
1056 3848 1137 3894 contr.

186 3909 217 3976 (s,
233 3909 276 3977 rs).
