2378 4386
369 544 426 580 ern
444 546 541 582 ananan.
560 527 595 582 ΙΙ.
615 533 756 584 lua-144.
983 528 1046 594 253

80 696 168 745 torem
184 703 263 758 eum,
287 687 333 761 qui
349 687 376 744 in
391 694 528 761 potestate
543 690 664 762 parentis
680 688 771 758 inerit,
791 686 947 744 omnimode
964 696 1045 745 testa·

79 780 203 829 mentum
219 773 277 827 eius
292 773 428 845 rumpitur
442 774 518 846 quasi
534 774 679 847 agnatione
694 774 736 830 sui
752 772 871 830 heredis.
896 767 960 829 180,
973 772 1045 830 idem

79 859 147 914 iuris
162 865 216 929 eat,
232 857 255 912 si
271 857 314 912 cni
329 865 393 930 post
408 855 508 913 iactum
524 867 716 915 testamentum
732 874 799 914 uror
814 859 842 914 in
857 873 965 914 manum
981 874 1046 915 eon·

79 943 184 1013 ueniat,
201 940 244 997 uei
260 957 329 1015 quae
345 942 372 996 in
389 957 468 997 manu
484 941 545 1013 init,
563 941 660 998 nubat:
677 959 736 998 nam
752 959 785 998 eo
802 942 882 998 modo
898 941 968 999 iiiiae
983 942 1044 1000 ioco

79 1043 141 1083 esse
155 1027 250 1101 incipit
265 1034 293 1081 et
308 1027 385 1099 quasi
401 1042 448 1082 sua
462 1019 586 1103 ’(heres)
601 1019 656 1098 fit.¹
691 1023 758 1083 140.
774 1026 828 1084 Nec
842 1027 965 1100 prodest,
985 1031 1045 1084 niue

79 1113 160 1184 haec,
172 1114 234 1167 aine
244 1110 302 1181 ilie,
314 1112 360 1184 qui
372 1111 516 1185 adoptatus
524 1119 576 1182 est,
588 1112 654 1168 ineo
668 1118 830 1167 testamento
842 1113 878 1167 sit
886 1106 996 1189 (heres)
1005 1114 1044 1168 in-

80 1199 195 1252 stitutus
206 1190 402 1252 institutaue:²
424 1211 483 1251 nam
500 1195 533 1250 de
548 1195 757 1251 exheredatione
769 1195 828 1252 eius
843 1212 1044 1269 superuacuum

81 1279 192 1336 uidetur
212 1296 365 1354 quaerere,
388 1296 448 1336 cum
472 1281 626 1336 testamenti
649 1278 766 1335 faciundi
790 1289 911 1352 tempore
934 1298 1044 1338 auorum

79 1365 210 1422 heredum
221 1380 335 1421 numero
347 1380 402 1420 nnn
416 1364 526 1421 inerint.
556 1361 619 1421 141.
632 1362 715 1419 Filius
728 1380 847 1437 quoque,
857 1366 905 1436 qui
917 1381 948 1420 er
960 1367 1045 1439 prima

78 1450 234 1508 secundaue
249 1450 446 1523 mancipatione
462 1451 670 1519 manumittitur,
694 1450 756 1522 quia
778 1451 927 1504 reuertitur
941 1451 969 1505 in
984 1459 1045 1523 pot-

79 1543 192 1593 estatem
205 1535 328 1609 patriam,
344 1536 445 1608 rumpit
455 1543 517 1590 ante
530 1534 629 1590 iactum
641 1541 848 1602 testamentum3
861 1549 912 1590 nee
923 1533 1045 1607 prodest,
1101 1590 1104 1595 ,

78 1619 125 1692 (ει)
141 1621 168 1675 iu
184 1635 218 1675 en
234 1626 398 1675 testamento
421 1619 499 1676 heres
523 1619 665 1674 institutus
681 1617 725 1674 uei
748 1617 928 1674 exheredatus
951 1617 1045 1676 inerit.

79 1699 146 1762 142.
159 1702 250 1761 Simiie
259 1701 302 1760 ius
310 1702 375 1760 olim
384 1703 469 1761 initia
476 1705 533 1759 eius
545 1719 672 1778 persona,
685 1703 761 1760 cuius
774 1704 923 1759 nominem
935 1713 1045 1760 senatus

78 1788 206 1848 consulto
229 1790 330 1845 erroris
346 1804 425 1844 eausa
440 1791 587 1863 probatur,
611 1789 673 1862 quia
696 1788 768 1844 inrte
783 1804 816 1843 ex
833 1789 979 1862 peregrina
1001 1789 1044 1845 uei

77 1873 180 1945 Latina,
196 1889 265 1947 quae
281 1890 330 1948 per
345 1888 465 1930 errorem
480 1875 558 1947 quasi
573 1875 640 1929 cinis
654 1874 771 1929 Romana
784 1888 852 1929 uxor
868 1871 948 1928 dueta
964 1881 1045 1944 esset,

80 1967 159 2014 natus
174 1967 262 2015 esset:
279 1974 340 2014 nam
356 1959 415 2013 siue
430 1959 509 2014 heres
525 1959 668 2015 institutus
684 1967 757 2013 esset
771 1975 784 2013 a
798 1965 913 2031 parente
925 1959 984 2013 sine
1000 1973 1045 2013 ex·

80 2042 239 2115 heredatus,
262 2045 321 2099 siue
345 2044 409 2098 uiuo
433 2052 509 2117 patre
531 2058 612 2099 causa
631 2041 748 2117 probata
762 2044 821 2098 aine
843 2050 907 2115 post
929 2052 1044 2099 mortem

78 2129 152 2198 eina,
182 2126 339 2184 omnimodo
367 2130 443 2202 qnasi
467 2121 639 2202 adgnaitinne
666 2126 809 2201 rumpebat
843 2125 1097 2185 testamentumttt.

16 2209 65 2263 ¹¹⁷⁷]
79 2209 145 2270 tm.
160 2210 237 2268 Nune
251 2227 318 2268 uero
333 2227 365 2268 en
380 2229 454 2269 noun
470 2221 580 2268 senatus
597 2212 738 2283 consulto,
761 2211 834 2286 quod
849 2219 961 2268 auctore
981 2211 1045 2268 diuo

80 2295 215 2351 Hadriano
239 2297 338 2354 iactum
361 2307 418 2369 est,
441 2299 464 2352 si
486 2296 594 2371 quidem
619 2299 682 2354 uiuo
706 2307 782 2370 patre
804 2313 883 2353 causa
905 2298 1047 2371 probatur,

80 2396 168 2454 aeque
191 2388 222 2435 ut
245 2381 308 2436 oiim
331 2381 488 2437 omnimodo
512 2384 613 2456 rumpit
630 2391 834 2456 testamentnm3
852 2383 875 2438 si
895 2399 962 2439 uero
984 2393 1046 2457 post

80 2474 197 2522 mortem
226 2466 326 2539 patria,
348 2468 512 2541 praeteritus
535 2467 642 2539 quidem
669 2468 770 2539 rumpit
791 2474 998 2537 testamentum,
1025 2469 1047 2522 si

81 2568 147 2608 uero
171 2550 249 2607 heres
272 2551 299 2606 in
321 2567 355 2607 eo
377 2553 497 2625 scriptus
520 2559 563 2606 est
586 2551 629 2607 uei
652 2550 847 2622 exheredatus,
872 2567 926 2605 non
947 2552 1047 2623 rumpit

81 2643 290 2710 tentamentum,
311 2651 344 2692 ue
365 2637 469 2692 scilieet
488 2634 636 2709 diiigenter
650 2634 720 2690 iacta
737 2642 897 2690 testamenta
913 2632 1048 2688 rescinde·

80 2729 175 2776 rentur
190 2736 224 2778 eo
239 2728 380 2795 tempore,
404 2738 459 2794 qun
482 2721 609 2775 renouari
632 2735 686 2774 non
710 2726 832 2792 possent.
869 2713 936 2772 144.
952 2715 1048 2772 Poste·

81 2806 154 2861 aiore
176 2820 286 2878 qunque
308 2814 488 2875 testamento,
516 2805 590 2879 quod
619 2805 677 2860 iure
705 2801 807 2860 iactum
832 2809 891 2873 est,
921 2800 1048 2874 superius

83 2902 294 2912 ἡ

157 2936 176 3005 ¹)
192 2940 198 2988 i
218 2936 270 2992 W.
345 2936 367 3005 2)
383 2939 452 2990 Pata
466 2941 516 2989 hac
528 2941 661 3004 formula:
680 2935 715 2988 ‘ai
731 2953 804 3002 quem
817 2932 998 3001 adoptavero’,
1014 2931 1049 2985 ‘et'

81 3011 224 3076 quae‘mihi
237 3014 264 3061 in
279 3027 381 3060 manum
396 3009 573 3061 conuenerit':
591 3027 650 3060 nam
667 3012 692 3059 si
705 3009 737 3057 L.
757 3009 840 3058 Titiam
854 3006 938 3074 (quem
955 3015 1048 3072 postea

80 3082 225 3146 adoptavit)
240 3085 280 3132 aei
294 3082 326 3133 L.
346 3081 415 3131 Titia
429 3082 505 3148 (quae
517 3091 607 3146 postea
622 3085 649 3131 in
660 3097 760 3131 manum
774 3078 904 3146 convenit)
918 3081 993 3130 heren
1008 3082 1047 3129 in·

79 3154 172 3204 watra
186 3156 336 3203 institutane
347 3154 444 3216 suerit,
456 3154 565 3216 prodeat
579 3154 715 3203 institutio.
748 3153 780 3201 L.
796 3164 829 3204 18.
858 3152 890 3201 D.
905 3152 937 3201 de
952 3153 1047 3201 iniusto

80 3223 127 3290 (18,
141 3223 173 3290 ³).
196 3224 230 3274 1¹.
245 3236 279 3276 aa.
303 3227 326 3286 ἓ.
342 3239 362 3275 1.
392 3225 424 3278 D.
439 3225 472 3274 de
486 3225 529 3274 tib.
544 3233 568 3274 et
579 3233 648 3289 poet.
664 3223 709 3290 (28,
724 3221 756 3288 2).
789 3223 909 3273 Attamen
923 3239 968 3286 ea,
982 3239 1047 3288 quae

80 3302 232 3360 sequuntur,
246 3296 347 3355 doceat,
365 3295 457 3345 Gaium
471 3298 547 3345 etiam
561 3299 593 3346 de
612 3296 662 3346 hae
681 3297 842 3345 inatitutione
855 3297 966 3345 aeneiaae
980 3311 1046 3345 eam·

81 3381 129 3430 que
143 3374 195 3416 tum
210 3367 325 3416 inutilem
339 3368 376 3416 ad
389 3367 509 3416 tuendum
523 3374 697 3417 testamentum
711 3369 792 3416 viram
803 3367 895 3429 satirae.

153 3488 179 3558 5.
197 3492 255 3541 139.
278 3492 316 3554 Cf.
336 3491 391 3556 ΜΡ.
406 3502 440 3553 2³,
455 3503 475 3543 ³.
494 3507 576 3556 supra
591 3505 611 3554 1,
628 3503 674 3542 ttt.
747 3487 773 3559 §-
790 3492 848 3541 140.
866 3490 905 3553 Cf.
920 3490 952 3539 L.
967 3502 993 3540 un
1003 3505 1048 3552 pr.

81 3563 106 3625 ς.
121 3575 141 3613 1.
165 3562 199 3611 L.
214 3574 248 3614 aa.
272 3565 296 3625 §-
312 3576 332 3613 ι.
357 3562 388 3611 D.
404 3564 435 3612 de
452 3563 495 3612 tib.
510 3571 535 3613 et
549 3570 617 3626 poet.
634 3561 679 3628 (aa,
693 3559 725 3628 a).
754 3561 786 3614 L.
801 3573 834 3613 re.
859 3561 891 3609 D.
906 3562 938 3609 de
952 3562 1048 3609 intuito

82 3631 173 3698 (aaa).
198 3633 229 3682 L.
244 3645 265 3685 a.
285 3635 419 3699 §irrep
444 3634 476 3683 D.
492 3635 523 3684 de
538 3634 560 3684 b.
573 3650 600 3697 p.
617 3650 638 3683 c.
654 3641 671 3683 t.
688 3632 733 3698 (ar,
748 3632 779 3697 t).
803 3631 835 3680 L.
851 3643 890 3683 aaa
906 3648 949 3694 pr.
970 3630 1002 3678 D.
1017 3629 1049 3677 de

82 3703 151 3755 aeria.
167 3703 217 3755 obi.
233 3703 279 3771 (aa,
295 3704 326 3769 ι).
399 3701 424 3773 ξ.
443 3708 501 3756 141.
519 3705 557 3768 Cf.
577 3703 632 3767 Uip.
648 3716 682 3765 aa,
697 3716 717 3756 a.
737 3703 768 3751 L.
784 3715 818 3754 aa.
834 3704 857 3764 i.
873 3715 893 3753 1.
909 3703 952 3751 cit.
967 3715 1048 3763 supra

83 3787 104 3839 1,
119 3787 166 3827 raa.
181 3787 229 3828 aaa.
244 3787 265 3838 a,
280 3788 301 3826 a.
331 3774 421 3825 Cottae.
437 3788 471 3839 aa,
485 3788 505 3828 a.
521 3778 545 3838 ς.
560 3789 580 3827 a.
663 3771 690 3842 ξ.
707 3776 765 3824 142.
783 3774 821 3836 Os.
837 3785 857 3833 1,
872 3771 928 3837 (aa).
943 3782 977 3822 aa.
992 3781 1013 3831 a,
1028 3780 1049 3819 n.

103 3883 109 3896 .
126 3848 185 3898 148.
207 3847 246 3909 Cf.
261 3862 343 3909 ratpra
358 3859 378 3904 t,
392 3858 427 3898 aa.
446 3847 490 3896 ubi
504 3854 587 3895 tamen
604 3847 636 3895 de
651 3849 771 3894 intentato
787 3849 866 3906 patre
880 3844 977 3905 apitrtr.

104 3919 186 3970 .144.
202 3939 235 3960 =
250 3919 274 3979 ξ.
294 3928 314 3967 2.
339 3917 361 3966 I.
381 3918 449 3983 quib.
469 3918 534 3968 arod.
554 3924 610 3971 teat.
631 3916 678 3978 ius.
699 3914 734 3980 (a,
754 3912 798 3977 lt).
838 3912 876 3974 Cf.
896 3909 951 3971 Uip.
971 3918 1009 3966 ta,
1028 3918 1048 3954 2.
