2378 4386
63 39 1188 297 m

336 144 368 155 ..ιι
422 154 435 159 -

472 158 487 169 η

184 514 248 581 642
346 534 450 571 uorum
467 534 575 570 meum
593 518 625 584 (i)
644 532 743 570 nunu.
761 535 796 569 nr
814 533 877 570 rens
894 533 971 570 rusci.

149 680 176 722 ss
248 661 291 722 15.
314 663 366 720 Pro
381 662 424 719 his
439 663 526 734 bonis,
542 679 610 735 quse
622 660 703 720 fissus
717 663 867 738 lniquietu,
882 677 975 719 munus
986 660 1144 737 oppoinere

77 750 266 805 tununemo
290 747 396 820 quidem
418 740 623 820 prohibietur3¹
645 777 687 787 -
703 776 741 787 -
756 775 798 788 -
822 757 827 804 i
850 774 891 787 —
908 777 945 787 -
964 775 1002 787 -
1020 756 1142 813 -turi

91 821 1142 904 ο01·“·---εναιίΙ---τίεηήιΙ--ηιρεΙΙιιῑιῑΙ--

183 916 258 973 fosi
269 931 314 971 s*
325 914 352 970 ri
370 916 396 979 Ι.

248 993 294 1056 16.
312 991 466 1055 ²Aduoeoti
476 999 538 1070 fisci
554 1002 637 1055 etium
654 1003 658 1063 Ι
674 1006 740 1069 post
753 1000 909 1069 depositum
922 995 1043 1055 officium
1056 1002 1062 1066 Ι
1074 1015 1141 1056 cou-

185 1089 232 1141 fro
246 1085 355 1155 fissum,
370 1098 451 1156 aquo
465 1082 612 1152 'saisirium
623 1089 794 1156 occeperunt,
810 1083 862 1138 nisi
874 1084 908 1144 ini
921 1085 1021 1139 causis
1027 1099 1140 1155 poren-

185 1173 259 1237 tum,
282 1164 414 1237 filiorum,
439 1167 443 1240 Ι
466 1165 670 1240 pupillorumue
691 1182 820 1237 suorum,
842 1181 921 1223 causa
944 1169 949 1231 i
973 1164 1141 1223 libertorum

150 1242 290 1321 nefinm‚³
310 1250 403 1307 adesse
416 1248 619 1322 prohibentur,
638 1257 665 1305 ei
680 1251 702 1305 si
718 1250 866 1320 adfuerint,
881 1246 999 1313 infrimis
1014 1248 1141 1324 pieoiuu·

186 1342 243 1392 tur.
259 1350 328 1391 saue
338 1342 342 1398 Ι
352 1335 405 1391 hoc
416 1333 554 1408 principali
564 1332 702 1406 beneficio
712 1344 717 1392 ι
726 1335 868 1407 impetrare
876 1350 930 1389 non
939 1333 1139 1407 prohibeuitur.

150 1429 176 1469 eo
249 1414 292 1476 1⁷.
315 1413 397 1475 *fisci
413 1417 544 1489 aduocati,
560 1421 565 1484 Ι
582 1416 678 1492 quibus
694 1417 727 1472 nd
743 1425 849 1491 tempus
865 1417 990 1488 officium
1007 1423 1012 1487 Ι
1029 1417 1139 1474 mundu-

185 1512 243 1560 tum
258 1511 314 1572 est,
338 1504 400 1575 quis
414 1502 549 1572 sulariium
565 1517 619 1558 nou
634 1503 778 1575 accipiunt,
796 1505 800 1561 Ι
822 1510 915 1557 contra
930 1499 1026 1557 fissum
1042 1501 1137 1558 edesse
1147 1519 1188 1569 [sn

186 1604 239 1644 non
254 1585 450 1659 prohibentur.

150 1676 177 1715 ²⁶
249 1666 294 1725 18.
323 1670 414 1742 Capite
442 1665 533 1741 ’isigis
556 1661 713 1724 sensorine⁵
738 1676 868 1737 counitur,
896 1677 927 1723 ut
948 1684 1003 1724 non
1025 1674 1141 1737 tantum,

94 1751 248 1811 mineum
270 1753 333 1827 quid
358 1759 362 1819 Ι
385 1755 456 1824 (isco
478 1751 625 1823 aufertur,
647 1751 699 1807 secf
719 1759 746 1807 et
769 1768 833 1808 oum
854 1744 927 1808 noni
949 1755 954 1817 Ι
974 1761 1137 1824 praestatur,

186 1839 263 1895 euius
285 1839 324 1893 rei
347 1838 454 1895 omisiss
475 1826 622 1908 professio⁷
644 1836 797 1899 commislso
816 1828 903 1891 intrs⁸
925 1836 1139 1909 quinquennium

261 2107 280 2172 ¹)
301 2109 359 2158 Vici.
371 2107 486 2170 praefat.
514 2105 584 2165 Quoe
597 2116 747 2171 sequuntur,
762 2108 819 2157 edd.
834 2121 854 2161 ι.
869 2120 889 2158 s.
905 2125 940 2158 ex
955 2109 1028 2158 Paul.
1038 2120 1058 2165 u,
1069 2121 1104 2165 le,
1114 2122 1137 2161 o.

188 2184 214 2230 in
229 2195 284 2231 eom
297 2179 448 2227 sententian
461 2178 597 2227 restituere
610 2185 781 2227 tentaveram:
794 2180 874 2227 tutius
888 2187 970 2229 tumen
980 2187 1137 2243 procurato·

187 2266 240 2299 rem
254 2249 338 2304 adiri,
354 2254 380 2295 ut
394 2249 418 2295 is
432 2248 568 2304 iniurium,
583 2264 657 2312 quum
673 2249 825 2298 Caesariani
839 2252 1033 2306 committerent,
1048 2252 1138 2313 expel-

187 2322 259 2369 feret.
291 2316 360 2377 Quae
376 2323 402 2364 ut
416 2332 477 2366 uero
491 2319 534 2375 sit,
549 2334 617 2368 nuno
630 2334 665 2367 ex
680 2317 736 2368 Οἱ).
752 2334 816 2383 quoe
831 2320 897 2369 tecta
910 2327 978 2378 sunt,
991 2335 1138 2383 proponere

187 2389 274 2438 notui.
339 2383 359 2451 ²)
374 2385 542 2438 Etiamnunc
556 2390 579 2450 §-
594 2396 690 2438 mutata
703 2389 742 2438 ed.
759 2402 778 2439 1.
793 2401 813 2439 n.
829 2405 898 2439 nune
911 2406 946 2439 em
961 2388 1018 2439 (ΙΨ.
1039 2393 1137 2440 rectius

187 2459 302 2515 restitui,
321 2457 470 2522 quibusdum
484 2473 501 2507 o
515 2458 564 2507 Kr.
579 2462 733 2509 monstratis.
764 2459 895 2509 Caeterum
910 2461 944 2523 ef.
960 2461 991 2509 L.
1006 2471 1039 2512 ιο.
1058 2460 1091 2509 D.
1105 2461 1138 2510 sis

183 2531 278 2594 postui.
294 2526 326 2593 (s,
341 2526 372 2594 1).
392 2543 448 2579 oum
465 2529 545 2579 senei.
568 2528 737 2579 Holefaeono
757 2531 792 2578 ad
809 2530 1014 2588 Busif.o,1,ss.
1033 2531 1065 2580 L.
1081 2543 1136 2582 un.

189 2601 214 2650 0.
229 2601 262 2650 de
275 2600 366 2650 advoc.
378 2600 439 2662 fisci
452 2598 483 2663 (s,
497 2599 528 2664 s).
543 2600 575 2649 L.
586 2611 619 2651 1³.
634 2600 666 2649 L.
676 2611 710 2649 sn.
725 2602 748 2662 ς.
764 2613 784 2650 1.
799 2601 830 2648 L.
841 2613 874 2651 ns.
889 2603 911 2662 ξ.
924 2614 943 2651 1.
960 2602 985 2649 C.
1000 2602 1034 2650 de
1047 2602 1136 2651 advoc.

187 2672 238 2721 diu.
255 2671 307 2720 iud.
323 2670 355 2737 (2,
370 2670 392 2734 i)
406 2678 430 2719 et
440 2672 555 2734 praefat.
615 2667 635 2735 ⁸)
650 2672 744 2719 sutoria
758 2669 803 2734 (os.
818 2672 842 2731 ξ.
857 2670 892 2735 nt)
907 2679 931 2720 et
945 2672 1038 2720 deinde
1052 2673 1098 2720 nisi
1113 2674 1137 2720 iu

186 2744 242 2792 suis
261 2745 302 2791 uei
315 2748 450 2805 parentum
468 2742 484 2790 f.
504 2756 527 2804 p.
549 2754 650 2790 suorum
671 2756 755 2797 consu,
776 2740 914 2789 libertorum
935 2742 1005 2790 etium
1026 2742 1066 2791 ed.
1087 2741 1136 2790 Ifr.

183 2815 282 2876 portin
296 2814 376 2862 inuito
391 2808 449 2861 0¹¹.
464 2827 516 2861 nee·
525 2813 551 2860 in
566 2826 614 2861 suo
628 2826 708 2860 ceusu
721 2812 862 2860 advocatus
876 2814 933 2875 quis
942 2812 1033 2861 edesse
1043 2819 1136 2875 potest.

188 2882 210 2947 4)
227 2883 264 2946 Cf.
276 2883 307 2932 L.
318 2896 338 2933 1.
355 2882 380 2932 C.
396 2882 428 2931 de
441 2883 530 2932 advoc.
542 2883 599 2944 fise.
609 2880 640 2945 (t,
650 2881 680 2945 s).
728 2879 749 2944 ⁶)
759 2881 907 2939 Domitiani,
918 2889 945 2930 ut
954 2884 1055 2944 opinor,
1065 2898 1136 2946 quen

188 2954 257 3002 Ptin.
270 2970 331 3017 pon.
345 2965 379 3005 eo.
398 2961 516 3016 spectare
534 2954 642 3001 uidetur.
707 2947 728 3014 ⁶)
743 2950 788 3001 Sio
807 2954 918 3015 primunt
936 2968 1036 3002 uersum
1050 2955 1099 3003 eof.
1113 2952 1135 3002 b.

148 3038 173 3081 ι
188 3027 290 3074 collatis
304 3040 325 3073 u.
341 3035 362 3074 t.
376 3034 397 3075 8.
412 3024 522 3078 restitui,
534 3031 667 3085 postquam
681 3023 812 3085 apparuit,
826 3024 1017 3086 uersusoiqinti
1026 3025 1137 3087 quinque

188 3109 311 3158 quomque
326 3096 466 3144 columnam
480 3093 606 3141 habuisse.
629 3090 759 3155 Scriptum
766 3093 849 3154 suerit
859 3094 916 3140 fisco
927 3093 1010 3141 uniert'
1020 3094 1040 3141 s’
1052 3100 1075 3142 et
1083 3096 1135 3142 c'n.

187 3164 240 3214 Sed
260 3166 336 3214 etium
357 3166 384 3211 in
404 3162 566 3226 sequentibus
586 3163 752 3212 aestimandis
772 3168 797 3210 ei
816 3164 995 3220 restituendis,
1016 3163 1065 3213 noo
1086 3179 1136 3213 non

188 3241 316 3296 comperto
329 3240 354 3281 et
368 3240 426 3281 onte
442 3229 499 3280 Off.
514 3239 651 3282 commento
666 3236 705 3282 uei
723 3240 820 3282 tentato
838 3235 917 3281 irrita
933 3233 1048 3296 fuerunt.
1079 3231 1136 3282 ‘non

188 3311 278 3353 tuntum
293 3302 412 3364 numquid
429 3306 433 3360 i
448 3309 590 3364 praestetur,
601 3303 668 3351 cuius
684 3304 718 3352 rei
728 3303 824 3362 omisisn
835 3304 952 3366 professio
964 3303 1056 3366 suerit,
1071 3305 1138 3353 notio

188 3367 320 3422 commisitt
334 3372 395 3420 intra
409 3372 593 3434 quinquennium
608 3373 684 3422 iocum
700 3378 704 3431 Ι
720 3373 811 3422 iubeat
825 3373 871 3422 sed
883 3375 915 3422 ef
929 3373 1034 3422 Lacum.
1049 3380 1074 3423 et
1088 3372 1137 3441 [iq.

187 3443 245 3493 edd.
262 3439 321 3489 ‘tum
337 3449 434 3500 tuntum,
449 3457 470 3491 c.
481 3457 503 3506 q.
514 3457 538 3505 p.
549 3457 570 3492 c.
585 3458 604 3492 r.
620 3458 642 3493 o.
657 3444 774 3508 professio
790 3445 850 3493 iutro
865 3444 1009 3500 commisisis
1023 3450 1137 3492 sisinium

187 3512 371 3577 quinquennium
385 3512 463 3561 iocum
475 3516 539 3575 fiseo
552 3511 608 3564 dot'
624 3530 678 3564 mea
692 3515 731 3565 ed.
747 3527 767 3565 1.
782 3514 888 3564 laudato
902 3513 969 3563 fibro
983 3529 1013 3562 tn.
1028 3511 1138 3563 ‘Census

188 3600 212 3632 u.
231 3581 388 3646 Steueroers.
408 3584 433 3633 d.
453 3582 584 3634 Kaiserz!
602 3600 628 3647 p.
644 3597 690 3635 nse.
710 3600 732 3634 u.
752 3591 771 3633 i.
786 3599 807 3633 c.
822 3600 845 3648 q.
864 3599 887 3647 p.
908 3584 974 3633 cuius
993 3584 1029 3632 rei
1048 3585 1135 3633 omisso

187 3653 305 3717 professio
320 3652 372 3717 (sit,
386 3655 433 3703 sed
445 3662 469 3705 et
483 3653 549 3718 eun)
559 3656 679 3704 commissi
695 3669 770 3718 poene
786 3656 847 3704 iutra
861 3655 1045 3718 quinquennium
1059 3655 1137 3702 iocum

188 3723 219 3774 ob
234 3724 262 3773 id
276 3724 356 3774 itabet'
372 3726 411 3775 ed.
426 3737 446 3776 s.
499 3722 520 3791 7)
537 3724 606 3785 Qnue
620 3726 663 3776 iiie
677 3728 703 3774 in
720 3723 777 3774 0¹⁷.
792 3728 908 3790 sequitur
922 3741 943 3774 u.
959 3726 1020 3773 infru
1035 3724 1067 3773 ob
1082 3726 1138 3787 ipso

188 3794 297 3845 librario
312 3798 351 3845 uel
364 3804 513 3847 correctore
526 3803 655 3859 eopuncto
669 3803 713 3845 est.
766 3792 787 3860 ⁸)
800 3811 835 3845 ex
844 3795 994 3846 Mommseni
1003 3797 1036 3858 ej.
1046 3795 1138 3843 fiterue

187 3880 227 3916 -so
242 3867 280 3915 in·
290 3868 471 3931 perforatione
482 3867 544 3928 folii
553 3868 696 3929 perierunt.
