2378 4386
775 40 778 47 ι

608 131 628 138 „⁶
648 127 680 134 ,--

358 551 416 588 em
434 553 525 588 nesmr.
544 533 591 589 lv.
612 539 760 588 tte-124.
952 532 1016 597 387

66 678 132 742 122.
156 683 300 738 dilatoriae
328 690 392 738 sunt
417 684 604 756 exceptiones,
632 699 701 757 quxe
729 681 762 738 ud
784 688 891 756 tempus
916 680 1018 752 ualent,

65 767 151 824 ueluti
165 766 238 822 illins
253 767 323 840 pecti
338 768 472 835 conventi,
495 766 567 839 quod
591 765 688 823 lactum
710 773 753 823 est
775 766 968 840 uerbigrntie,
983 780 1018 822 ue

65 852 135 907 intra
150 852 362 924 quinquennium
384 859 538 924 peteretur;
562 848 638 906 linito
654 852 724 907 enim
741 867 774 907 eo
798 860 919 924 tempore
937 845 943 921 Ι
961 866 1017 906 non
1028 857 1088 907 230.

65 933 145 990 hebet
167 934 256 990 locum
271 936 404 1008 exceptio.
444 935 488 989 cui
508 933 601 989 similis
616 936 739 1008 exceptio
758 942 800 990 est
822 935 877 990 litis
892 933 1018 991 diuidune

65 1027 92 1075 et
113 1021 153 1075 rel
169 1018 307 1074 residuae:
331 1034 391 1074 nem
406 1019 429 1072 si
445 1019 506 1090 quis
522 1025 625 1090 portem
640 1019 680 1073 rei
696 1019 802 1089 petierit
818 1027 845 1074 et
860 1020 931 1074 intra
946 1020 1018 1075 elus·

64 1101 124 1158 dem
140 1111 292 1176 praeturam
308 1102 439 1174 reliquum
461 1108 563 1172 partem
585 1107 673 1172 petat,
695 1100 744 1155 hac
766 1103 923 1176 exceptione
944 1119 1017 1158 sum·

64 1194 206 1255 monetur,
228 1201 296 1259 quae
312 1185 464 1259 appellatur
479 1184 533 1239 litis
549 1182 688 1241 uiuidum:
711 1184 775 1239 item
789 1185 812 1238 si
835 1186 874 1254 is,
896 1187 941 1257 qui
957 1203 1017 1242 cum

64 1268 159 1324 codem
173 1269 265 1343 plures
284 1269 347 1324 lites
363 1267 491 1337 hubcbet,
514 1266 547 1321 de
562 1265 720 1339 quibusdum
737 1268 837 1339 egerit,
857 1267 890 1322 de
906 1267 1018 1341 quilius·

64 1353 125 1408 dem
141 1352 288 1422 distulerit,
304 1360 333 1406 ut
348 1352 381 1407 ed
396 1353 464 1407 elios
479 1349 581 1405 iudices
596 1343 750 1421 ’agentur,¹
774 1350 796 1404 sl
810 1351 882 1405 intra
898 1350 1018 1407 eiusdem

64 1444 218 1509 praeturam
239 1436 273 1490 de
292 1436 343 1504 liis,
366 1450 434 1507 quer
455 1433 602 1507 distulerit,
625 1440 701 1504 eget,
724 1448 773 1506 per
794 1433 863 1488 hane
884 1436 1020 1507 exceptio·

10 1536 55 1586 tor]
65 1536 136 1590 nem,
152 1536 221 1592 quae
236 1518 387 1589 appelletur
402 1518 440 1571 rei
456 1515 588 1586 residuae,
603 1524 800 1572 summonetur.
838 1512 904 1574 128.
921 1517 1018 1574 Obser·

63 1603 181 1660 trundum
194 1611 236 1657 est
251 1610 340 1656 autem
356 1602 391 1671 ei,
407 1601 450 1655 cui
461 1599 582 1655 dilatoria
595 1597 710 1655 obicitur
724 1602 857 1674 exceptio,
874 1609 903 1658 ut
915 1601 1018 1659 differet

62 1689 213 1747 actionem
236 1684 354 1756 alioquin
376 1685 400 1739 si
422 1682 522 1739 obtecta
538 1685 698 1757 exceptione
720 1686 817 1758 egerit,
841 1702 897 1741 rem
913 1685 1015 1761 perdit3

62 1786 114 1826 nec
136 1770 207 1825 enim
223 1776 286 1842 pust
308 1767 375 1823 illud
398 1776 517 1841 tempos,
543 1785 596 1840 quo
619 1769 769 1840 integrare
786 1763 902 1844 ’leam)²
917 1772 1018 1826 euitare

63 1862 181 1927 poterut,
197 1852 286 1908 edlruc
300 1853 324 1907 ei
340 1860 460 1925 potestas
476 1850 575 1925 agendi
590 1860 715 1924 superest
736 1867 766 1909 re
781 1854 807 1909 in
823 1852 949 1910 iudicium
964 1853 1019 1909 ’de-

63 1937 143 1993 ducta
159 1943 187 1993 et
203 1952 252 2009 per
267 1937 452 2009 exceptionem
467 1928 630 2008 perempta.³
671 1930 734 1994 124.
751 1935 809 1992 Non
824 1936 912 1992 solum
929 1946 1017 1997 tutem

64 2113 158 2167 pactum
181 2105 221 2155 ed.
244 2103 292 2168 Bp.
324 2102 378 2153 Sed
401 2111 495 2166 pactum
515 2111 552 2151 est
573 2118 625 2166 pro
646 2105 756 2153 conuenit
780 2106 851 2169 apud
870 2105 946 2156 IOtoe
966 2121 1017 2156 non

63 2172 121 2234 lepi.
180 2167 200 2236 ¹)
215 2171 321 2231 egentO.
338 2171 762 2237 eentdeBiudm.cp'.ed.Bp.Kr.
815 2169 960 2237 ¹)Addidt.
979 2171 1022 2224 St·

62 2241 159 2288 militer
168 2240 208 2289 ed.
218 2238 265 2305 Bp.
275 2251 296 2292 o.
349 2236 370 2304 ⁸)
380 2240 496 2290 deductae
506 2249 530 2290 et
536 2249 629 2305 posteo
638 2251 774 2307 peremptae
787 2244 812 2293 0.
831 2241 944 2304 Quarum
954 2245 1021 2295 litte·

65 2320 155 2353 rarum
169 2303 191 2369 (.
203 2342 209 2354 .
219 2320 244 2354 .e
259 2304 330 2371 ...c)
349 2309 424 2356 toties
442 2323 459 2355 u
478 2306 587 2357 librario
603 2308 674 2371 soleo
684 2311 831 2373 positurum
845 2311 1017 2362 conservandi

64 2375 150 2424 studio
160 2373 207 2440 Bp.
218 2377 257 2426 cd.
267 2387 288 2428 5.
307 2376 394 2439 abripi
407 2392 434 2426 ee
440 2392 536 2441 pansus
550 2385 595 2436 est,
610 2386 638 2427 ut
650 2381 849 2442 supplementum
859 2390 920 2445 poet
932 2397 1015 2446 super:

64 2454 102 2495 est
115 2447 270 2496 intrudendo
284 2447 377 2497 leocce:
399 2444 468 2496 ‘num
482 2450 507 2497 ei
520 2455 594 2513 aput,
609 2449 659 2498 leuc
673 2452 823 2513 exceptione
837 2463 1016 2509 eumntouetur,

64 2532 129 2580 quae
148 2519 294 2580 appellatur
313 2515 363 2567 rei’
385 2533 473 2568 nornen
496 2521 658 2582 exceptionis
678 2520 812 2569 induceret
831 2522 974 2570 inauditum
992 2528 1018 2570 et

59 2602 173 2651 prorsus
187 2586 312 2646 mirabile,
326 2589 419 2652 quippe
433 2605 450 2637 u
459 2604 486 2637 ee
496 2591 553 2653 ipsu
563 2591 715 2652 appellatae.
739 2588 792 2637 Sed
799 2587 838 2652 (ut
847 2592 900 2638 ulia
911 2589 1017 2653 mittum)

64 2673 95 2707 ne
105 2673 192 2707 uerum
202 2658 302 2721 quidem
312 2665 357 2716 ert,
368 2673 419 2722 per
429 2661 603 2722 exceptionem
614 2660 655 2706 rei
664 2660 691 2705 in
707 2659 759 2706 iud.
770 2658 896 2707 deductae
905 2667 1018 2707 actorem

59 2730 219 2790 potissimum
233 2727 389 2784 submoueri,·
402 2730 507 2793 saepius
519 2726 715 2778 summovebitur
730 2728 881 2789 exceptione
895 2729 936 2776 rei
950 2728 1017 2776 iudi·

64 2805 147 2847 catae.
177 2798 291 2847 Ceterum
300 2798 385 2848 uerbis
399 2814 441 2862 per
456 2800 618 2862 exceptionem
636 2797 717 2847 Gaius
736 2803 825 2859 aperte
840 2798 963 2861 intellepit
978 2796 1017 2846 di·

64 2868 186 2917 latorium
194 2870 377 2932 exceptionem,
392 2884 457 2932 quoe
467 2872 584 2932 oppositu
594 2869 689 2932 effecit,
700 2875 728 2916 ut
738 2881 799 2916 reus
808 2865 906 2916 absolui
915 2867 1018 2917 deberet

63 2953 143 3002 eoque
158 2939 286 2988 moderes
298 2940 479 3002 perimeretur,
494 2955 544 2989 non
559 2941 735 3002 exceptionem
749 2939 790 2987 rei
804 2939 830 2986 in
841 2938 965 2987 iudicium
975 2938 1018 2989 de·

62 3009 164 3058 ductae.

137 3153 163 3225 ἕ.
179 3159 238 3207 122.
256 3157 293 3218 Ol.
310 3157 340 3206 L.
355 3169 375 3208 s.
393 3157 423 3206 l).
439 3159 471 3207 de
485 3174 541 3208 ecc.
558 3157 602 3224 (n,
616 3157 648 3221 r).
664 3159 687 3219 ς.
703 3170 735 3209 ιο.
752 3158 772 3206 I.
788 3159 843 3208 eod.
859 3157 890 3222 (r,
910 3160 953 3224 rs).
969 3161 1016 3210 titis

62 3224 185 3295 diuiduas]
202 3228 235 3290 cs.
246 3230 269 3289 ᾖ.
280 3239 313 3279 56.
331 3228 402 3290 infru
416 3230 440 3290 ξ.
451 3241 497 3279 1³1.
513 3229 544 3277 L.
556 3241 589 3280 ss.
605 3230 636 3277 Ι).
651 3229 684 3277 de
694 3237 829 3291 procurat.
845 3228 876 3295 (ε,
890 3229 921 3295 t).
946 3232 1018 3281 Hinc

61 3300 173 3347 maxime
187 3300 290 3347 multum
305 3301 440 3357 intererat,
454 3300 523 3363 quod
536 3302 650 3363 placuit,
668 3300 692 3347 si
705 3301 762 3363 quis
782 3317 833 3350 unu
851 3303 1017 3364 stipulatione
1086 3360 1089 3366 .

61 3370 206 3432 complures
220 3384 263 3418 res
275 3371 414 3432 stipulatus
423 3377 488 3424 erut.
503 3376 540 3419 tut
548 3370 727 3432 stipulationes
741 3385 795 3419 esee
805 3378 865 3435 quot
874 3386 923 3420 res.
943 3372 971 3420 L.
981 3383 1016 3422 se.

60 3438 93 3489 D.
108 3439 140 3488 de
159 3440 233 3489 euict.
249 3437 299 3504 (21,
313 3439 345 3505 s).
364 3439 396 3488 L.
411 3451 438 3490 its
449 3455 492 3503 pr.
511 3439 542 3487 L.
558 3451 591 3491 es.
611 3441 634 3501 ἕ.
649 3452 670 3490 t.
690 3438 722 3488 L.
737 3451 771 3491 ee.
791 3440 822 3488 D.
839 3442 870 3489 de
884 3440 950 3489 verb.
967 3441 1015 3491 obl.

61 3507 105 3574 (45,
121 3508 152 3575 ι).
176 3510 212 3558 rei
226 3506 349 3576 residuae]
370 3510 404 3572 cs.
419 3509 450 3558 L.
467 3521 499 3561 to.
521 3509 546 3558 C.
566 3510 598 3558 de
612 3510 690 3558 indic.
706 3508 737 3573 (ε,
753 3508 784 3575 1).
854 3507 881 3578 ἦ.
898 3513 955 3560 123.
978 3510 1016 3572 Cf.

61 3580 97 3628 σά
110 3580 224 3630 Herenn.
241 3593 262 3636 1,
277 3591 309 3630 12.
325 3582 348 3642 ς.
363 3591 397 3630 er.
419 3580 470 3629 Cic.
486 3580 518 3628 de
533 3582 582 3628 ino.
598 3591 619 3636 s,
634 3591 666 3630 19.
686 3581 728 3640 §5-
743 3590 776 3630 ot.
791 3591 825 3631 oe.
846 3583 869 3640 ξ.
886 3591 919 3630 10.
935 3580 956 3628 I.
973 3582 1016 3629 cit.

60 3665 117 3700 crem
134 3650 244 3714 Tdeopd.
305 3646 330 3718 ᾗ
348 3654 405 3700 124.
422 3650 460 3712 Cf.
471 3652 494 3712 13⁸.
507 3653 552 3698 ult.
566 3649 587 3697 Ι.
603 3650 635 3698 de
649 3664 706 3698 exc.
722 3648 753 3713 (t,
768 3650 811 3715 1³).
827 3650 858 3698 L.
873 3661 893 3700 2.
909 3652 931 3709 ἓ.
947 3661 968 3699 t.
983 3649 1015 3697 L.

58 3723 128 3784 sfln.
144 3722 176 3770 l).
193 3722 248 3771 eod.
265 3719 309 3786 (44,
325 3720 355 3786 1).
373 3720 416 3769 Fr.
437 3720 494 3769 Vnt.
510 3731 548 3770 ses
562 3734 613 3783 neq.
638 3719 712 3768 Paul.
728 3731 748 3776 1,
763 3730 783 3768 s.
799 3722 838 3781 ἓξ.
856 3730 923 3769 1-s.
939 3717 970 3765 L.
982 3730 1015 3768 re.

59 3793 82 3853 ᾖ.
92 3802 112 3841 e.
129 3793 160 3841 D.
172 3793 205 3842 de
212 3791 287 3854 prob.
299 3790 344 3856 (es,
358 3790 389 3857 s).
405 3791 564 3840 adHerenn·
580 3801 600 3846 e,
616 3801 649 3840 ιε.
665 3791 688 3850 5.
703 3800 737 3838 eo.
756 3788 861 3847 Quincti.
876 3787 898 3835 I.
916 3785 944 3834 0.
959 3798 980 3841 o,
994 3797 1015 3835 e.

58 3863 494 3925 §.concion1.§.1sseq.

769 3940 825 3992 tt*
