2378 4386
145 576 187 634 46
486 584 513 619 nr.
533 583 643 619 usurus
662 582 762 617 cronno.

146 713 243 768 tentia:
260 709 323 782 quid
340 716 383 764 est
397 710 467 763 enim
484 709 574 762 uerius
590 721 668 778 quam
684 706 818 761 neminem
833 722 894 761 esse
910 714 1037 778 oportere
1053 713 1104 761 tam

144 793 229 849 stulte
245 790 431 863 adrogantem,
452 799 483 845 ut
504 791 531 845 in
546 805 576 844 se
591 791 723 844 rationem
739 798 766 844 et
781 796 899 844 mentem
914 797 992 861 putet
1006 790 1105 860 inesse,

145 878 171 932 in
187 874 261 931 eaelo
285 873 439 946 mundoque
455 889 509 929 non
525 880 614 945 putet,
637 881 684 927 aut
699 881 729 926 ut
745 889 785 943 ea,
802 888 870 944 quae
887 874 931 927 uix
946 888 1049 927 summa
1064 875 1104 928 in-

144 960 217 1032 genii
231 950 358 1034 (ratione
372 957 662 1028 comprehendantur,
679 955 772 1024 nullo)
786 956 891 1010 ratione
901 957 1006 1011 moueri
1017 960 1104 1026 putet.

145 1057 224 1117 quem
241 1056 307 1096 uero
322 1048 457 1095 astrorum
474 1039 593 1107 ordines,
608 1056 689 1111 quem
701 1040 804 1093 dierum
816 1039 990 1111 noctiumque
1000 1039 1105 1094 uicissi-

144 1124 263 1195 tudines,
280 1139 359 1196 quem
369 1139 491 1178 mensum
504 1123 662 1194 temperatio
675 1138 809 1195 quemque
822 1137 861 1190 ea,
874 1137 942 1194 quae
953 1121 1106 1193 gignuntur

143 1207 221 1264 nobis
243 1205 276 1262 ad
298 1205 452 1278 nuendum,
474 1222 530 1261 nou
544 1214 652 1279 gratum
673 1221 732 1260 esse
754 1213 867 1281 cogunt,
882 1205 955 1260 buno
969 1205 1105 1262 bominem

143 1292 253 1347 omnino
271 1291 405 1345 numerari
421 1291 467 1361 qui
483 1289 579 1345 decet?
602 1304 739 1361 quomque
762 1290 857 1357 omnia,
882 1303 950 1360 quae
970 1291 1104 1346 rationem

143 1373 250 1443 habent,
273 1381 411 1447 praestent
427 1374 470 1444 iis,
492 1389 560 1445 quae
575 1374 631 1428 sint
644 1359 757 1427 rationis
772 1373 903 1444 expertia,
925 1371 1054 1444 nefasque
1069 1375 1105 1428 sit

142 1458 244 1529 dicere,
266 1456 347 1513 ullam
368 1473 425 1512 rem
439 1465 577 1530 praestare
592 1463 702 1510 naturae
718 1456 836 1510 omnium
851 1471 951 1525 rerum,
972 1459 1103 1512 rationem

141 1543 232 1599 inesse
252 1544 280 1597 ln
303 1557 333 1597 ea
349 1539 530 1596 confitendum
547 1547 595 1593 est.
625 1537 699 1594 utilis
715 1554 776 1594 esse
791 1546 880 1594 autem
895 1539 944 1594 has
960 1540 1104 1611 opiniones

143 1628 203 1698 quis
215 1633 307 1696 neget,
319 1641 402 1696 quom
414 1623 564 1694 intellegat,
576 1638 655 1694 quam
667 1621 750 1678 multa
764 1619 904 1678 firmentur
910 1622 1102 1695 iureiurando,

142 1714 259 1782 quantae
280 1707 361 1764 saluti
381 1708 436 1763 siut
455 1705 594 1762 foederum
615 1705 777 1778 religiones,
800 1722 879 1779 quam
902 1706 1003 1762 multos
1018 1707 1102 1762 diuini

141 1791 256 1865 supplici
272 1800 359 1846 metus
375 1809 389 1846 a
404 1788 507 1844 scelere
522 1791 658 1844 reuocarit
673 1804 806 1862 quamque
822 1798 913 1845 saneta
929 1791 965 1845 sit
986 1793 1102 1847 societas

141 1876 241 1933 ciuium
256 1876 328 1930 inter
343 1876 417 1945 ipsos
432 1871 482 1926 diis
497 1871 699 1943 inmortalibus,
719 1874 887 1944 interpositis
900 1867 947 1927 iis¹
963 1881 1019 1928 turn
1034 1874 1100 1928 iudi-

141 1958 227 2030 cibus,
246 1954 325 2028 (tum)
347 1953 470 2011 testibus.
503 1970 536 2009 eu
552 1949 649 2011 habes²
664 1955 732 2027 legis
754 1955 956 2027 prohoemium
977 1958 1016 2011 sio
1031 1958 1101 2012 enim

141 2041 207 2096 haee
222 2038 337 2112 appellat
351 2037 437 2094 Plato.

201 2134 243 2198 1⁷.
265 2139 296 2208 Q.
320 2138 409 2194 liabeo
434 2154 511 2208 uero,
534 2138 627 2207 irater,
651 2147 679 2193 et
700 2140 727 2193 in
743 2139 796 2194 hoo
810 2138 953 2193 admodum
969 2139 1101 2208 delector,

140 2224 212 2297 quod
228 2225 255 2279 iu
270 2222 328 2279 aliis
343 2221 424 2277 rebus
440 2222 552 2295 allisque
566 2223 708 2278 sententiis
724 2223 840 2277 uersaris
856 2229 937 2293 atque
953 2223 1013 2290 ille3
1035 2224 1101 2278 nibil

140 2310 209 2363 enim
231 2315 286 2362 tarn
307 2305 436 2361 dissimile
459 2321 538 2378 quam
560 2306 605 2361 uel
628 2322 675 2375 ea,
699 2321 767 2378 quae
789 2316 851 2361 ante
866 2305 965 2376 dixisti,
989 2306 1032 2363 uel
1049 2308 1101 2364 hoe

139 2392 227 2463 ipsum
243 2389 276 2445 de
291 2388 350 2444 deis
365 2389 518 2445 exordium:
543 2405 623 2444 utrum
639 2389 705 2445 lllud
721 2389 785 2444 mibi
800 2389 901 2445 uideris
917 2392 1024 2463 imitari,
1041 2408 1100 2447 ora·

138 2473 221 2528 tionis
236 2488 333 2545 genus.

201 2571 242 2628 M.
259 2571 334 2629 Velle
348 2572 479 2643 sortasse3
496 2575 556 2647 quis
573 2576 643 2630 enim
657 2573 684 2629 ld
699 2583 790 2647 potest
806 2584 852 2631 aut
862 2592 985 2650 umquam
998 2577 1100 2648 poterit

138 2656 254 2713 imitarii
276 2673 336 2713 uam
358 2659 506 2714 sententias
528 2659 701 2732 interpretari
721 2659 849 2731 periacile
864 2669 919 2727 est;
949 2660 1019 2731 quod
1042 2661 1101 2734 qui·

138 2739 197 2797 dem
219 2757 271 2813 ego
293 2740 422 2811 lacerem,
446 2742 496 2797 nisi
520 2741 599 2815 plane
619 2757 678 2796 esse
699 2741 797 2797 uellem
822 2759 907 2798 meus.
944 2743 1008 2814 quid
1029 2746 1099 2799 enim

137 2826 242 2900 negotii
259 2833 301 2880 est
316 2826 406 2880 eadem
422 2840 507 2898 prope
523 2824 612 2879 uerbis
627 2824 711 2880 isdem
728 2841 858 2880 conuersa
874 2825 980 2881 dicere?

201 2923 234 2991 Q.
250 2924 364 2978 Prorsus
380 2923 533 2990 adsentior;
550 2940 653 2994 uerum,
671 2933 701 2978 ut
712 2922 792 2978 modo
807 2931 863 2978 tute
879 2922 978 2992 dixisti,
997 2932 1024 2979 te
1039 2941 1099 2979 esse

137 3007 207 3064 malo
221 3014 306 3061 tuum.
333 3005 380 3060 sed
391 3007 442 3060 iam
454 3021 592 3078 exprome,
604 3008 627 3062 si
637 3006 735 3080 placet,
747 3007 813 3060 istas
824 3004 899 3079 leges
911 3005 944 3060 de
956 3006 1098 3078 religione.

200 3102 244 3162 18.
269 3104 309 3160 M.
339 3102 496 3177 Expromam
519 3105 657 3178 equidem,
680 3113 711 3160 ut
733 3113 848 3178 potero,
871 3112 898 3159 et
920 3107 1047 3178 quoniam
1069 3114 1098 3160 et

136 3190 213 3246 loeus
229 3197 257 3244 et
270 3203 359 3243 sermo
374 3187 510 3245 familiaris
526 3198 577 3260 est,
592 3189 668 3262 leges
682 3178 786 3258 legum³
801 3202 870 3242 uoce
884 3203 1041 3260 proponam.

200 3289 233 3356 Q.
257 3286 386 3354 Quidnam
409 3289 515 3344 idest?

199 3387 239 3444 M.
263 3385 333 3443 Sunt
354 3397 426 3444 certa
441 3390 531 3462 legum
547 3387 638 3449 uerba,
661 3385 769 3452 Quinte,
791 3401 879 3458 neque
894 3388 931 3442 ita
945 3389 1044 3461 prisea,
1066 3396 1098 3443 ut

136 3473 164 3528 in
179 3470 318 3526 ueteribus
329 3487 374 3528 xxx
391 3473 556 3544 sacratisque
572 3469 688 3543 legibus,
706 3475 842 3538 ettamen,
862 3486 916 3542 quo
932 3471 993 3543 plus
1005 3480 1097 3529 aueto-

136 3555 222 3611 ritatis
238 3553 363 3625 habeant,
378 3555 458 3628 paulo
476 3555 625 3626 antiquiora
640 3552 779 3625 quom-bie
794 3569 883 3608 serino
894 3562 951 3609 est:
966 3571 1026 3611 euro
1039 3573 1096 3612 mo·

136 3655 193 3694 rem
209 3639 292 3710 igitur
307 3653 367 3693 cum
382 3638 525 3707 breuitate,
547 3638 569 3691 si
584 3643 711 3709 potuero,
727 3652 886 3709 consequar.
917 3638 991 3712 leges
1007 3647 1097 3697 autem

210 3808 231 3876 ¹)
246 3810 392 3873 interpositis
407 3808 463 3858 AB
473 3809 530 3858 edd.
551 3808 597 3857 red
606 3815 697 3871 posteo
711 3810 796 3870 testib;
810 3809 848 3874 bis
863 3810 895 3877 (is
910 3809 945 3877 B)
960 3811 1011 3861 AB

138 3880 159 3948 ¹)
171 3880 262 3937 ibabes
276 3880 327 3931 AB
339 3881 412 3930 babes
426 3880 482 3929 edd.
514 3877 621 3945 ⁸)tegum
635 3879 698 3941 leges
712 3878 763 3929 AB
774 3880 814 3930 ed.
825 3882 855 3931 V.
