2378 4386
171 543 235 613 300
467 558 529 594 eru
546 556 648 593 unsara.
667 536 714 598 111.
733 542 842 594 59-64.

171 704 317 763 heredetos
332 719 386 759 nou
408 702 556 775 pertinent.
586 697 637 759 oe.
660 701 726 756 ltem
743 702 810 757 oiuls
826 699 936 757 Romani
951 700 1047 760 liberti
1059 701 1137 760 bere-

172 790 242 846 ditas
253 789 285 844 ad
297 775 511 862 duos'pluresue
523 795 653 858 patronos
667 787 814 859 aequaliter
828 789 957 860 pertinet,
973 787 1036 844 lieet
1047 786 1139 865 dispar

172 876 199 930 in
222 889 255 930 eo
278 889 360 929 seruo
383 871 531 929 dominium
555 869 712 939 habuerint3
736 870 806 926 bona
821 888 890 928 uero
907 871 1063 928 latinorum
1087 891 1136 948 pro

172 974 203 1015 ea
230 966 308 1032 parte
327 959 482 1031 pertinent,
511 971 561 1029 pro
578 958 640 1028 qual
652 965 729 1029 parte
751 957 869 1030 quisque
891 973 985 1012 eorum
1009 957 1135 1015 dominus

171 1042 264 1100 luerit.
307 1037 359 1098 60.
382 1041 448 1098 ltem
469 1043 496 1097 in
517 1040 667 1096 hereditate
683 1041 750 1094 ciuis
766 1039 876 1097 Romani
897 1041 987 1097 liberti
1005 1051 1137 1114 patronus

171 1127 285 1184 alterius
300 1128 409 1200 patroni
425 1124 509 1181 lilium
524 1124 660 1196 excludit,
683 1133 710 1180 et
732 1122 803 1182 filius
826 1128 934 1199 patroni
954 1126 1067 1184 alterius
1089 1145 1136 1203 pa·

103 1228 161 1278 142.
171 1214 244 1269 troni
260 1221 387 1285 nepotem
406 1210 528 1284 repellit:
551 1208 621 1265 bona
643 1219 732 1266 autem
755 1206 919 1287 Laltinornm
942 1221 970 1267 et
992 1213 1026 1268 ad
1048 1215 1136 1286 ipsum

170 1308 315 1372 patronum
338 1295 412 1352 etad
428 1296 544 1353 alterins
567 1297 674 1369 patroni
696 1295 839 1367 heredem,
862 1313 913 1369 pro
935 1313 987 1368 qua
1011 1298 1189 1371 partenium

171 1383 259 1456 ipsum
276 1382 499 1437 manumissorem
515 1383 695 1455 pertinerent,
711 1381 802 1437 ’simul
818 1376 978 1455 pertinent.¹
1009 1377 1054 1440 81.
1070 1383 1135 1439 ltem

169 1467 289 1522 siunins
311 1467 420 1541 patroni
443 1475 500 1521 tres
521 1465 593 1522 lorte
609 1464 686 1522 liberi
700 1475 765 1521 sunt
780 1475 807 1521 et
823 1465 933 1521 alterius
950 1482 1034 1538 unus,
1058 1468 1135 1524 here·

170 1549 240 1607 ditas
255 1552 324 1607 ciuis
339 1552 451 1608 Romani
465 1550 554 1607 liberti
570 1553 598 1607 in
611 1552 698 1623 capita
713 1549 855 1622 diuiditur,
871 1550 952 1607 idest
968 1561 1023 1608 tres
1038 1553 1135 1607 iratres

172 1644 228 1691 tres
243 1637 384 1710 portiones
406 1635 498 1691 serunt
513 1643 542 1691 et
556 1652 627 1691 unus
646 1645 787 1712 quartam3
811 1635 883 1691 bona
899 1652 964 1692 uero
981 1636 1136 1693 Latinorum

169 1735 220 1794 pro
235 1736 265 1776 ea
282 1729 358 1793 parte
374 1720 406 1775 ad
421 1736 595 1775 suecessores
611 1722 758 1793 pertinent,
771 1736 821 1795 pro
837 1737 891 1794 qun
906 1730 983 1794 parte
998 1721 1029 1776 ad
1045 1723 1135 1796 ipsum

169 1807 393 1861 manumissorem
410 1806 589 1878 pertinerent.
620 1799 667 1860 62.
691 1804 756 1860 ltem
777 1806 801 1861 si
822 1805 891 1861 alter
910 1821 943 1860 er
958 1807 991 1861 ris
1012 1807 1134 1879 patronis

168 1905 246 1945 suam
265 1897 368 1963 partem
391 1891 418 1945 in
440 1889 592 1945 hereditate
611 1889 679 1944 ciuis
700 1889 811 1945 Romani
832 1889 922 1944 liberti
942 1900 1068 1963 spernat,
1091 1889 1135 1947 uel

169 1983 232 2029 ante
248 1976 378 2029 moriatur
396 1989 475 2046 quam
487 1983 591 2044 cernat,
608 1982 665 2030 tota
678 1974 812 2030 hereditas
828 1973 859 2027 ad
873 1972 987 2028 alterum
999 1977 1135 2046 pertinet;

168 2057 240 2114 bona
256 2066 345 2114 autem
362 2057 448 2113 Latini
465 2074 515 2131 pro
536 2067 613 2131 parte
628 2051 812 2132 ’deficientis²
827 2058 934 2131 patroni
950 2057 1049 2113 caduco
1066 2057 1135 2114 frunt

168 2151 197 2200 et
213 2143 244 2199 ad
262 2142 393 2216 populum
408 2144 554 2216 pertinent.

233 2222 282 2287 63.
306 2226 404 2282 Postea
420 2226 496 2301 Lupo
520 2237 548 2284 et
563 2227 652 2302 Largo
668 2225 825 2284 oonsulibus
838 2235 950 2281 senatus
965 2226 1083 2297 censuit,
1104 2236 1136 2283 ut

169 2310 240 2368 bona
247 2310 405 2366 Latinorum
416 2313 533 2386 primum
545 2313 577 2369 ad
589 2330 651 2370 eum
662 2313 841 2388 pertinerent,
854 2311 900 2383 qui
912 2326 961 2366 eos
972 2309 1133 2378 liberasset;

168 2394 266 2452 deinde
282 2394 314 2450 ad
330 2395 429 2453 liberos
445 2414 540 2455 eorum
556 2415 612 2455 non
627 2398 782 2454 nominatim
798 2394 989 2466 exheredatos,
1005 2398 1045 2452 uti
1060 2397 1135 2470 quis·

169 2496 223 2555 que
237 2482 377 2555 proximus
392 2492 479 2557 esset,
502 2492 568 2540 tune
582 2485 694 2556 antiquo
708 2484 767 2538 iure
783 2480 814 2537 ad
830 2479 944 2536 heredes
960 2497 1065 2557 eornm,
1087 2481 1133 2554 qui

168 2564 343 2639 liberassent,
370 2570 548 2642 pertinerent.
592 2563 641 2624 64.
666 2565 725 2634 Quo
741 2574 852 2622 senatus
875 2565 1002 2621 consulto
1025 2565 1133 2640 quidam

168 2643 257 2729 ’(id)³
278 2661 367 2709 aetum
382 2669 443 2708 esse
464 2660 576 2726 putant,
600 2661 630 2708 ut
649 2653 677 2706 iu
696 2651 775 2707 bonis
790 2650 947 2707 latinorum
964 2651 1059 2706 eodem
1075 2652 1133 2706 iure

168 2745 283 2808 utamur,
306 2754 360 2812 quo
376 2738 480 2793 utimur
501 2740 529 2793 in
545 2736 698 2793 hereditate
713 2735 814 2792 ciuium
829 2736 1012 2792 Romanorum
1032 2733 1133 2790 liberti·

167 2838 278 2878 norum:
295 2815 407 2895 'idque‘
424 2824 535 2877 maxime
552 2821 656 2895 Pegaso
672 2821 788 2894 placuit3
804 2837 873 2894 quae
887 2822 1023 2876 sententia
1039 2828 1131 2892 aperte

167 2904 232 2961 laisa
248 2915 304 2961 est:
327 2922 388 2960 narn
403 2908 471 2962 oluls
487 2904 598 2961 Romani
619 2905 709 2961 liberti
725 2904 861 2961 hereditas
878 2921 1023 2978 numquam
1039 2902 1072 2958 ad
1087 2918 1131 2958 er·

99 2985 156 3039 143.
168 2998 276 3045 tranem
305 2990 412 3062 patroni
436 2990 549 3045 heredes
573 2984 577 3066 l
602 2992 735 3065 pertinet;
765 2989 836 3045 hona
863 2998 952 3046 autem
974 2988 1131 3043 latinorum

167 3067 268 3128 etiam⁵
284 3090 314 3128 er
339 3074 391 3129 hoe
413 3075 472 3147 ipso
489 3084 599 3131 senatus
621 3076 748 3131 consulto
772 3092 827 3131 uon
851 3071 1018 3130 obstantibus
1038 3069 1131 3127 liberis

241 3189 261 3253 ¹)
280 3189 455 3253 Troneposuir
479 3195 505 3242 r'n
528 3193 553 3242 C.
574 3201 599 3242 et
617 3194 675 3243 edd.
695 3201 755 3242 onte
773 3208 817 3256 pro
841 3208 886 3257 qua
910 3198 978 3255 parte
1001 3192 1131 3254 lepontur.

166 3260 323 3311 Mommseno
337 3270 444 3312 auctore
459 3260 496 3331 [et
510 3264 540 3312 ed
559 3265 637 3328 ipsum
652 3261 791 3331 patronum]
807 3264 846 3313 ed.
861 3263 935 3312 Stud.
964 3277 1016 3326 que
1029 3261 1132 3310 ratione

165 3347 243 3381 uerus
256 3347 347 3382 aeneus
362 3349 455 3383 rursus
469 3338 601 3384 evertitur.
677 3330 697 3399 ¹)
718 3334 763 3383 Eae
784 3335 875 3384 Gdeelt.
896 3337 928 3397 ei.
950 3332 1089 3382 decedentis
1106 3329 1132 3379 0.

168 3398 297 3467 ⁸)Gdscb.
318 3411 388 3453 recte
406 3406 510 3455 addidit
529 3407 574 3470 (eoo
593 3406 678 3471 quid.)⁴
752 3404 774 3471 ⁴)
789 3406 834 3455 ue
856 3405 947 3455 Gd‘ecb.
968 3407 1001 3466 ej.
1021 3403 1131 3466 idemque

167 3472 194 3522 G.
209 3475 248 3522 erl.
265 3473 312 3539 Bp.
382 3472 404 3541 ὅ)
419 3477 443 3525 lt.
454 3493 475 3526 e.
488 3494 537 3528 non
551 3486 648 3526 tuntum
663 3479 769 3542 antiquo
780 3481 838 3527 inre
848 3478 894 3526 sed
908 3477 992 3525 etiarn

237 3577 262 3649 ξ.
277 3584 319 3632 69.
337 3583 375 3645 Cf.
386 3583 418 3635 L.
429 3595 450 3634 1.
470 3586 493 3646 ξ.
509 3597 541 3635 19.
564 3584 589 3633 C.
605 3585 637 3633 (Ie
652 3583 708 3633 bon.
724 3584 766 3634 lib.
782 3583 813 3647 (6,
828 3583 859 3648 t).
879 3582 911 3630 L.
927 3595 961 3634 os.
982 3582 1013 3630 D.
1027 3582 1059 3630 de
1074 3580 1131 3630 bon.

165 3650 208 3700 lib.
224 3652 269 3715 (ee,
280 3654 312 3717 2).
368 3651 393 3723 ξ.
409 3658 451 3706 60.
473 3656 512 3719 Cf.
532 3655 586 3719 Uip.
602 3666 636 3714 ar,
651 3665 670 3702 2.
687 3666 707 3705 a.
728 3654 804 3703 Pani.
820 3666 841 3715 a,
856 3666 876 3704 a.
896 3656 920 3715 ἃ.
935 3667 956 3704 1.
976 3653 1009 3704 L.
1021 3665 1042 3703 r.
1062 3652 1086 3714 ξ.
1097 3663 1131 3701 re.

166 3722 192 3772 0.
208 3725 251 3773 eit.
267 3727 290 3786 ἓ.
305 3737 325 3776 a.
346 3724 415 3775 tue
429 3742 499 3775 succ.
516 3725 559 3775 lid.
580 3727 616 3791 (a,
637 3724 668 3788 t).
736 3721 762 3793 ξ.
783 3728 824 3775 61.
842 3726 880 3788 Cf.
901 3724 956 3786 Uip.
976 3736 1015 3784 aa,
1030 3736 1050 3773 4.
1071 3725 1094 3784 ἐ.
1110 3732 1131 3772 t.

165 3792 236 3843 Lu.
251 3806 272 3845 t.
292 3797 315 3858 ξ.
331 3809 365 3848 19.
388 3797 412 3847 C.
433 3799 476 3846 cit.
568 3792 593 3864 ξ.
609 3797 651 3846 62.
673 3794 711 3857 Cf.
729 3796 803 3845 Paul.
819 3808 840 3856 ³,
855 3806 875 3847 2.
891 3798 914 3856 ἓ.
930 3805 949 3843 2.
966 3822 999 3831 -
1014 3809 1095 3857 supro
1110 3804 1131 3852 a,

165 3876 212 3918 188.
228 3878 274 3918 150.
341 3863 365 3935 ξ.
382 3871 424 3919 63.
446 3867 484 3929 Cf.
499 3868 522 3928 ξ.
538 3879 559 3917 t.
578 3865 600 3914 I.
616 3866 648 3914 de
662 3880 732 3915 eure.
749 3866 790 3915 lib.
807 3866 838 3929 (a,
854 3864 885 3926 t).
907 3862 995 3933 Largo]
1011 3881 1032 3913 a.
1047 3877 1074 3915 42
1088 3862 1131 3929 (i).

164 3931 191 4004 §-
207 3940 249 3990 64.
271 3938 309 4002 Cf.
325 3942 364 4001 ξς.
380 3950 414 3991 te.
429 3948 463 3991 ee.
479 3964 513 3973 -
528 3937 560 3987 L.
575 3948 609 3987 ro.
630 3936 662 3984 l).
677 3937 709 3985 de
723 3935 781 3986 oon.
796 3937 839 3986 tib.
855 3937 900 4002 (oe,
915 3936 947 4001 r).
