2378 4386
113 571 174 637 618
393 587 498 625 oonrru
516 587 622 624 aarum
640 588 706 625 urar.
724 587 774 623 aaa

112 714 165 766 niti
177 711 281 781 partim
293 725 336 775 eo,
355 708 431 777 quod
443 709 563 777 primum
578 709 768 778 fragmentum
781 709 913 761 convenit
926 708 983 785 legi
997 714 1021 763 1.
1033 714 1070 767 D.

112 781 148 832 de
170 777 297 846 precario
316 783 373 839 (43,
392 778 434 842 26)
458 776 609 852 inscriptae
632 776 711 852 ‘Ulp
729 774 777 827 lib.
796 775 817 829 1.
842 775 1069 830 Institutionum’

112 845 216 915 partim
229 844 292 898 aliis
304 842 413 896 duobus
431 843 569 896 aoameihs
584 843 667 897 simui
684 842 845 910 1bidemque
858 844 979 911 repertis
992 846 1022 897 et
1034 861 1069 898 ex

114 912 256 980 superiore
274 909 357 963 unius
375 911 457 978 (puta
468 910 579 1029 prioris)
592 909 794 986 eorundemlut
806 909 920 986 videtur
936 909 1070 964 foliorum

113 978 238 1047 margn'ne
256 977 323 1031 satis
341 976 435 1044 amplo
454 993 471 1030 a
492 993 591 1042 seusu,
611 993 730 1043 quorum
747 976 863 1029 mferrur
881 994 910 1030 ru
929 980 1008 1031 reeta
1018 994 1069 1057 pa·

113 1046 180 1115 gina
191 1045 227 1099 ad
240 1043 358 1110 laevam¹
377 1043 406 1096 in
419 1059 500 1098 versa
511 1043 546 1097 ad
559 1045 704 1098 dexteram
722 1044 806 1111 primi
820 1059 917 1097 versus
935 1044 1071 1121 reliquias

113 1113 248 1180 quasdam
259 1113 371 1165 tantum
382 1110 527 1164 literarum
540 1111 608 1174 (illic
620 1130 668 1165 sna
683 1150 723 1165 ...
737 1111 782 1163 hic
797 1151 802 1162 .
815 1153 837 1166 ..
850 1112 917 1178 nna)
932 1115 1069 1178 eontinet,

113 1178 349 1301 deierare
363 1179 494 1308 ferie
510 1179 655 1299 defit
670 1176 1069 1310 battuebat}

114 1313 183 1369 Cum
195 1328 261 1366 vero
275 1288 330 1366 duo
346 1310 397 1365 illa
413 1311 482 1367 folia
494 1327 511 1366 a
522 1263 605 1381 tergi
620 1313 741 1380 primum
760 1261 944 1374 cohaesdiiut¹
963 1314 997 1364 ut
1007 1291 1069 1380 ipse

113 1381 241 1450 Krueger
258 1380 416 1445 attestatur,
434 1377 585 1432 admodum
599 1379 690 1444 estid,
708 1378 784 1447 quod
796 1378 870 1430 idem
885 1378 994 1444 statuit,
1007 1379 1070 1432 veri

113 1447 260 1524 dissimile,
282 1448 391 1524 partem
414 1462 523 1523 eorum,
547 1462 619 1512 quae
640 1447 752 1522 servata
769 1447 847 1522 sunt,
869 1443 935 1521 libri
952 1446 1069 1522 secundi

112 1516 198 1569 fursee
217 1516 246 1567 et
263 1515 408 1583 speciatum
421 1513 573 1582 Ulpranum
591 1514 625 1566 de
643 1513 801 1568 interdrotrs
812 1527 869 1565 non
881 1517 950 1565 rtem
967 1528 1067 1580 pruna,

114 1581 164 1636 sed
182 1581 271 1634 altero
289 1581 360 1634 libro
378 1579 437 1633 fere
455 1581 530 1632 circa
547 1580 657 1632 initium
676 1580 774 1649 egisse.

180 1647 252 1700 Mira
262 1649 357 1701 tamen
368 1646 453 1700 etiam
465 1646 537 1699 ineo
549 1648 769 1714 fragmentorum
779 1645 884 1710 ordine,
899 1661 985 1712 quem
994 1662 1069 1699 nune

114 1713 293 1780 obtinuimus,
311 1714 371 1768 visa
388 1729 439 1767 neo
457 1712 549 1766 adhue
567 1713 634 1765 satis
652 1714 792 1782 explicata
810 1714 854 1766 est
873 1712 1067 1778 materiarum,

113 1796 183 1860 quas
199 1782 330 1845 tractam,
347 1781 441 1843 series,
460 1795 494 1832 eo
511 1779 632 1833 maxime
669 1780 733 1843 uod,
753 1797 815 1833 cum
828 1778 863 1832 Ul
885 1779 943 1832 iani
955 1778 1068 1833 institu—

112 1851 212 1913 tiones,
225 1848 386 1902 Florentino
397 1845 489 1924 indice
502 1847 584 1910 testo,
597 1797 706 1924 duo‘isus
718 1797 952 1925 librisabediutas
965 1848 1066 1910 essent,

112 1912 1104 2050 atttribfttttfbstt?‘'i‘tfrttafntfttibftis&

113 2050 199 2104 etiam
212 2064 302 2102 meam
316 2048 475 2116 opinionem
488 2046 516 2097 in
530 2045 592 2105 edd,
607 2054 629 2101 1.
639 2054 662 2100 2.
676 2048 832 2116 expositam
844 2048 909 2116 post
926 2046 1066 2100 sublatam

113 2117 191 2170 iilam
213 2114 364 2168 maximam
387 2112 520 2166 offensam
546 2113 758 2168 interdictorum
786 2115 828 2167 bis
855 2114 973 2167 diversis
999 2114 1066 2167 loeis

112 2184 296 2236 tractatorum
314 2181 409 2248 aliqua
426 2185 508 2233 tenus
525 2180 688 2235 mutandam
705 2183 734 2235 et
751 2183 907 2234 accuratius
926 2198 959 2234 ex
982 2180 1065 2234 licon·

113 2250 179 2302 dam
197 2264 257 2301 esse
269 2247 360 2311 video,
379 2249 473 2323 tamen
491 2248 520 2299 in
538 2248 700 2302 universum
713 2264 776 2302 eam
788 2248 905 2301 retineo.
931 2197 1066 2316 Uipianus

112 2316 200 2434 {gitur
212 2328 373 2434 qffiquam
386 2314 536 2392 etram‘hoo
548 2315 620 2435 ippro
633 2317 661 2393 in
677 2315 974 2434 universudeaiauae
991 2315 1064 2367 simi·

113 2396 242 2517 {afa
260 2395 527 2527 faresbus
541 2399 629 2503 taff
644 2383 913 2527 ittitaqittsit
924 2396 1063 2526 ἳίῗιῖξὲἓ

113 2516 225 2570 secatae
237 2530 296 2569 asse
308 2516 383 2569 reate
396 2515 527 2582 ereditur,
541 2519 636 2570 tamen
653 2520 788 2570 trifariam
802 2532 819 2568 a
831 2515 901 2569 Galo
919 2529 1064 2569 recessasse

113 2582 315 2638 existimandus
332 2585 382 2641 est.
418 2582 542 2636 Primum
565 2584 640 2638 enim
662 2599 724 2636 eum
743 2583 829 2636 Gaius
850 2583 879 2635 in
903 2583 1018 2636 exordio
1036 2583 1065 2635 et

112 2650 193 2720 quasi
218 2649 402 2719 praefationis
428 2650 489 2703 loco
521 2651 748 2704 distributionem
777 2650 911 2726 cuiusque
942 2649 1065 2702 cultioris

113 2717 212 2797 populi
229 2717 296 2771 iuris
312 2718 342 2770 in
359 2718 402 2770 ius
420 2717 501 2771 civile
518 2721 548 2772 et
565 2718 691 2786 gentium
709 2716 832 2785 iurisque
845 2716 934 2769 emilis
947 2715 1065 2769 Romani

112 2803 141 2840 1n
159 2800 223 2840 suas
240 2786 334 2855 partes
351 2786 503 2853 posuisset,
525 2784 656 2860 hocloco
675 2782 710 2836 Ul
731 2784 810 2861 ianus
822 2783 868 2861 Ι(Ιι.
888 2789 901 2836 1
920 2799 962 2860 pr.
981 2788 1020 2847 §i-
1041 2791 1062 2838 1.

112 2859 138 2906 2.
157 2853 192 2909 D.
209 2852 244 2906 de
262 2852 325 2906 iust.
345 2854 375 2905 et
391 2852 450 2906 iure
471 2858 497 2916 1,
520 2857 543 2914 1)
563 2850 598 2904 de
616 2866 676 2904 rure
694 2801 729 2904 ei]
741 2852 860 2915 rustino,
883 2849 917 2902 de
936 2866 997 2903 rure
1015 2866 1064 2919 pu·

112 2919 185 2974 blieo
209 2924 238 2974 et
258 2920 369 2989 privato
393 2921 422 2972 et
440 2918 474 2971 de
497 2917 600 2986 privati
623 2918 688 2969 iuris
711 2917 794 2970 variis
816 2915 974 2986 praeceptis
997 2915 1063 2986 agit.

112 2986 220 3041 Deinde
237 2987 319 3040 huius
336 2985 404 3039 iuris
420 2988 573 3054 praecepta
589 3000 657 3048 non,
676 2986 709 3037 ut
726 2983 823 3050 Gaius,
842 2985 920 3037 cuius
937 2986 1062 3052 tempore

111 3053 211 3172 poppii
227 3053 287 3107 iure
306 3051 562 3172 PTQPfi⁰.d.il⁸ffi⁰{ffi
579 3051 726 3171 imtperium
742 3051 824 3170 1³⁰²ss
840 3048 1063 3171 effictiebapffi

112 3135 333 3264 renarra
349 3135 525 3264 arua
543 3134 998 3239 rarurauuuauau
1014 3185 1062 3260 a·

111 3266 190 3330 perro
208 3252 478 3305 admmrstratmnem
495 3266 593 3318 regere
612 3251 745 3318 desierat;
765 3252 815 3306 sed
827 3270 844 3304 a
855 3254 957 3306 natura
972 3251 1063 3320 potrus

111 3318 223 3371 mitium
250 3333 361 3370 sumens
388 3317 532 3385 tripertita
554 3334 613 3372 esse
636 3320 710 3373 vult:
737 3320 902 3374 ‘collectum
925 3319 999 3372 euim
1022 3318 1064 3370 est

112 3385 225 3462 (inquit)
237 3400 271 3462 ex
283 3382 458 3460 naturalibus
469 3386 636 3504 praeceptis,
651 3390 701 3439 aut
712 3389 839 3457 gentium
849 3388 899 3439 aut
910 3384 1061 3439 civilibus':

112 3467 184 3572 guae
197 3451 306 3513 divisio,
323 3450 359 3504 ab
377 3465 471 3504 amma
482 3453 544 3504 rbus
555 3454 700 3522 incipiens,
719 3471 779 3507 rem
797 3454 886 3522 magis
904 3453 939 3505 ab
957 3469 1009 3505 usu
1028 3449 1063 3505 ad

133 3517 268 3571 octrinam
285 3517 479 3572 transferebat.
503 3517 655 3585 Postremo,
675 3521 751 3588 quod
766 3537 799 3574 ca
819 3527 851 3574 ut
863 3522 906 3573 est
916 3520 1062 3572 maiorem·

112 3600 167 3705 gua
179 3584 245 3650 vim,
264 3600 348 3704 <paam
364 3584 434 3638 haee
447 3584 606 3640 distributio
617 3589 718 3655 postea
729 3590 758 3641 in
770 3539 854 3641 soiius
865 3587 933 3640 iuris
945 3584 1063 3639 Romani

133 3650 239 3705 octrina
262 3667 278 3704 ο
298 3653 434 3717 tinuerat,
457 3653 578 3709 maxime
600 3653 696 3721 prodit
717 3657 796 3723 [nam
814 3657 844 3709 et-
860 3654 989 3708 Paullum
1012 3654 1064 3707 hoe

112 3734 214 3771 novum
233 3719 392 3773 institutum
410 3720 440 3773 in
457 3721 513 3774 suis
531 3721 755 3775 Institutionibus
778 3724 904 3776 secutum
927 3738 988 3776 esse
1009 3736 1063 3773 non

112 3785 231 3862 dubito),
251 3784 335 3841 Gaius
353 3787 467 3856 quidem
484 3790 549 3856 post
566 3789 694 3867 exposita
713 3789 837 3858 duplicia
853 3789 976 3841 illaiura
989 3794 1025 3853 (1,
1037 3790 1063 3853 2)

112 3851 203 3905 addat:
234 3861 317 3921 ‘quae
340 3854 451 3932 singula
472 3854 568 3923 qualia
589 3857 657 3919 sant,
684 3856 740 3909 auia
763 3857 830 3909 locis
852 3860 1063 3924 proponemus’‚

111 3920 207 3988 itaque
225 3924 324 3989 postea
339 3921 369 3974 in
385 3937 446 3991 ipsa
463 3920 631 3975 tractatione
649 3922 821 3992 singulorum
840 3920 955 3988 iuriam,
980 3936 1065 3991 quam
