2378 4386
170 584 229 649 788
379 603 477 640 nunu.
496 606 549 641 run.
569 604 632 639 nou.
652 605 736 640 vnmc.
756 591 910 640 eon-266.

168 727 283 790 tionem¹
306 732 446 806 respondi:
470 735 609 789 nonenim
626 735 720 789 mortis
736 749 815 789 causa
830 734 961 804 capitur,
985 735 1068 808 quod
1087 736 1143 793 ’ali-

168 811 229 872 ter²
244 817 371 872 donatum
386 825 442 886 est,
458 810 593 889 ’qnandol
608 824 695 873 morte
710 816 798 872 Cincin
813 812 1012 874 remanetur.⁴

343 1128 386 1170 BE
402 1127 626 1171 nonnrlonnut's
639 1128 680 1169 An
694 1127 799 1169 LEGEM
813 1126 953 1171 cineum.
1147 1119 1179 1169 [Ψ

231 1216 301 1279 260.
328 1216 421 1279 '’ltem.
456 1221 538 1277 Filius
555 1222 750 1294 emancipatus,
771 1222 814 1276 cui
829 1229 908 1292 pater
924 1223 1073 1295 peculium
1088 1243 1139 1283 uon

168 1305 276 1375 ademit,
292 1321 335 1362 res
351 1305 458 1378 quidem
474 1321 524 1377 pro
540 1304 640 1360 donato
656 1303 700 1361 uel
716 1320 766 1377 pro
781 1320 841 1370 suu,
860 1305 939 1376 quod
957 1308 1065 1365 iustam
1080 1326 1138 1366 cau·

169 1405 226 1446 sam
241 1389 396 1463 possidendi
412 1388 502 1459 inaltet,
525 1391 662 1461 usucapit:
685 1387 732 1444 sed
754 1386 892 1443 debitores
908 1396 1073 1451 conuenire
1087 1410 1138 1450 noo

169 1482 270 1547 potest,
286 1489 374 1546 neque
389 1474 451 1530 lites
467 1465 594 1545 'peculii‘3
608 1471 752 1545 prosequi,
774 1471 797 1526 si
811 1487 867 1526 nou
883 1474 923 1528 sit
939 1474 970 1529 in
987 1492 1051 1533 rem
1067 1493 1137 1534 suam

168 1559 297 1630 cognitor
325 1558 419 1626 datus,
448 1565 495 1612 ant
524 1557 661 1611 nominum
691 1554 877 1627 delegationes
907 1557 1135 1620 interuenerunt.

169 1633 270 1696 l’lane'
293 1640 366 1714 quod
389 1642 413 1696 ei
434 1640 550 1696 soluitur
571 1648 648 1713 patre
669 1655 724 1693 non
751 1638 949 1711 dissentiente,
981 1641 1136 1702 debitorem

170 1722 277 1794 liberat3
301 1740 352 1779 nec
369 1726 499 1793 interest,
520 1740 553 1779 an
576 1724 772 1795 emancipatum
793 1723 904 1794 ignoret
926 1718 1010 1780 ’uel⁸
1034 1730 1062 1784 ei
1083 1744 1135 1785 non

169 1822 229 1861 csse
244 1806 376 1878 peculium
393 1807 560 1880 ademptum,
584 1823 644 1862 cnm
665 1807 705 1860 rei
719 1803 869 1861 substantia
884 1804 951 1878 plus
968 1809 1077 1881 polleat
1092 1827 1134 1868 en·

168 1890 332 1946 istimatione
347 1891 422 1948 lalsa.

231 1969 297 2031 ael.
320 1967 414 2030 9ltem.
445 1973 579 2030 Peculium
594 1972 713 2030 uindicta
728 1973 891 2029 manumisso
908 1973 955 2030 uel
978 1977 1057 2034 inter
1071 1979 1134 2033 arni·

169 2075 217 2114 cos
232 2061 255 2114 si
271 2075 325 2114 non
340 2058 481 2126 adimatur,
503 2057 596 2112 donari
616 2056 733 2112 uidetur.
776 2055 848 2122 Quae
864 2057 936 2113 ratio
954 2055 1032 2129 lacit,
1057 2069 1089 2117 ut
1103 2076 1135 2116 ex

170 2141 242 2198 iusta
256 2158 335 2198 causa
350 2141 491 2214 possidens
507 2156 655 2211 usucapere
670 2156 729 2196 rem
745 2140 840 2212 possit.
877 2139 956 2197 alind
971 2143 998 2197 in
1016 2143 1061 2197 bis
1075 2142 1133 2214 pla-

170 2226 240 2294 cuit,
263 2228 308 2297 qui
329 2216 535 2279 'testamento¹⁰
556 2222 707 2279 libertatem
727 2230 899 2294 acceperunt,
923 2223 985 2282 ‘uel
1004 2219 1130 2282 morte¹¹

170 2309 287 2380 parentis
303 2315 437 2379 potestate
454 2305 614 2372 soluuntur;
638 2323 707 2380 quos
722 2306 845 2361 amittere
860 2307 1013 2380 peculium,
1037 2310 1061 2365 si
1076 2325 1132 2365 non

168 2391 204 2444 sit
225 2388 362 2461 legatum,
382 2390 514 2445 constitit.
557 2392 730 2462 nequeenim
747 2390 825 2446 tacita
840 2387 991 2448 liberalitas
1008 2391 1131 2449 defuncti

64 2473 356 2546 [eutranpermittentis
371 2474 489 2530 retinere
504 2473 637 2547 peculium
652 2467 752 2550 poltuit
766 2473 899 2545 intellegi.

244 2647 264 2715 ¹)
280 2650 376 2701 Contra
390 2652 454 2715 lepis
470 2650 574 2700 Cinciae
588 2651 789 2714 replicationem,
803 2665 854 2713 pua
866 2649 977 2701 laedes
990 2655 1130 2704 uindican-

169 2729 208 2772 tca
226 2724 401 2785 exceptionem
419 2723 460 2769 rei
478 2723 590 2771 donatae
604 2723 759 2770 ettruditae
776 2722 901 2784 repellere
916 2731 1060 2773 conantur.

173 2790 194 2855 2)
209 2793 283 2841 altero
304 2792 362 2841 Vnt.
377 2792 446 2840 alteri
460 2793 498 2840 cd.
514 2791 608 2841 Hotlw.
629 2793 699 2841 aliter
717 2793 792 2840 etium
810 2791 849 2839 ed.
870 2790 986 2842 llIommo.
1066 2790 1129 2859 ³)qn

175 2863 215 2920 V„
231 2864 299 2927 quod
313 2864 355 2911 lu'c
369 2869 407 2911 est
421 2862 513 2924 (pirardo
528 2861 566 2926 (ut
580 2863 603 2924 ς.
619 2873 665 2913 249.
682 2858 740 2929 [e]).
755 2862 865 2924 quoniam
880 2861 939 2909 edd.
964 2860 1067 2913 Sensus
1080 2870 1131 2913 ert:

170 2936 247 2983 ctiam
262 2934 366 2989 Latino,
382 2935 425 2996 qui
440 2933 540 2982 directo
555 2935 613 2981 iure
627 2947 661 2980 ea·
675 2934 730 2996 lepe
740 2931 817 2980 Iunia
832 2932 922 2979 mortis
936 2947 1020 2981 causa
1036 2948 1131 2998 capere

170 3019 221 3053 non
232 3011 317 3066 pateat
331 3003 400 3066 (Gai.
416 3015 436 3059 1,
451 3002 499 3066 24),
519 3003 582 3051 baec
601 3003 743 3065 duplicatio
762 3017 796 3050 ear
815 3003 955 3050 uoluntatis
973 3004 1011 3052 ad
1024 3012 1130 3054 mortem

166 3076 364 3137 perseuerantia
379 3074 502 3136 prodest:
524 3089 604 3137 neque
619 3074 685 3122 cuim
700 3088 731 3121 ca
752 3073 869 3134 apposita
885 3069 993 3121 Cinciae
1015 3077 1130 3138 replica·

171 3147 236 3194 tioni
250 3147 372 3208 efficitur,
387 3151 414 3192 ut
423 3145 513 3193 mortio
523 3159 602 3193 causa
612 3144 731 3192 uidentur
740 3143 867 3198 donatum,
878 3143 948 3204 quod
958 3145 1041 3192 aliter
1050 3145 1130 3208 (inter

170 3214 250 3280 uiuos)
265 3217 385 3265 donatum
400 3221 444 3262 ert.
518 3210 540 3277 ⁴)
555 3213 677 3276 Sequitur
692 3215 718 3260 in
739 3213 763 3260 V
766 3212 785 3259 ⁶.
801 3213 909 3260 duorum
928 3227 1053 3263 uersuum
1071 3229 1129 3278 epa·

169 3287 239 3346 tirum,
255 3286 323 3348 quad
337 3284 506 3332 Mornmscnue
520 3285 580 3332 atim
594 3283 725 3332 rubricam
740 3280 784 3331 ‘de
798 3281 982 3332 donationibus
997 3285 1037 3332 ad
1051 3287 1130 3348 lepem

172 3352 296 3404 Cincinm’
312 3355 478 3415 occupavisse
492 3359 561 3400 recte
574 3356 731 3414 suspicatur,
747 3368 811 3416 quae
825 3352 947 3414 deinceps
961 3357 1070 3404 cummis
1080 3369 1129 3418 pa·

167 3426 289 3488 pinorum
304 3425 359 3471 oris
374 3421 534 3470 inscribitur.
566 3421 651 3482 Quare
666 3439 721 3471 earn
735 3424 758 3471 b.
774 3425 790 3471 i.
806 3423 917 3471 restitui.

241 3490 262 3555 ⁶)
279 3492 317 3554 Cf.
333 3493 372 3553 ἕξ.
387 3502 433 3541 ear.
449 3501 495 3542 aaa.
512 3491 543 3540 J..
558 3503 592 3543 oo.
607 3505 640 3544 ne.
660 3493 691 3541 D.
707 3494 738 3542 de
750 3495 834 3555 pecut.
849 3490 894 3555 (ro,
910 3489 941 3556 ι).
957 3492 990 3545 J..
1006 3506 1042 3547 11.
1061 3495 1087 3546 G.
1098 3495 1131 3545 de

170 3562 228 3611 don.
245 3561 275 3624 (8,
290 3560 335 3625 ot).
400 3553 519 3624 ⁰)pecn1'r.
535 3561 700 3627 (prapoculi)
721 3564 751 3614 V.
770 3563 884 3626 pecuniae
899 3562 957 3613 edd.
974 3567 1131 3626 pecuniarios

169 3632 208 3680 cd.
225 3632 337 3680 dlomms.
361 3630 414 3680 Sed
428 3633 463 3694 cf.
479 3648 520 3681 ex.
533 3649 576 3697 pr.
591 3634 622 3681 J..
637 3646 664 3683 tt
675 3649 716 3696 pr.
733 3633 765 3682 D.
780 3634 811 3682 de
825 3636 873 3695 lep.
885 3644 905 3682 1.
959 3630 980 3697 ²)
998 3635 1039 3697 Cf.
1051 3636 1076 3684 1.
1096 3648 1130 3686 ιι.

170 3701 202 3749 Il.
217 3702 304 3765 depae.
319 3702 364 3768 (tn,
378 3702 410 3767 e).
425 3703 457 3751 J..
472 3715 505 3753 tn.
528 3704 560 3751 D.
576 3704 607 3752 de
621 3704 674 3752 reb.
690 3704 760 3752 cred.
776 3702 825 3767 (12,
840 3702 870 3767 1).
895 3701 927 3750 1..
942 3715 976 3753 18.
992 3715 1027 3755 ae.
1049 3706 1082 3755 D.
1096 3706 1131 3755 de

168 3772 348 3838 sulut.(to,tt).
422 3771 443 3837 8)
459 3774 548 3823 Malim
563 3781 594 3822 ct.
668 3771 689 3838 9)
706 3774 831 3836 Cimo.
855 3772 1019 3838 Ldelepat.
1036 3775 1130 3840 (mtto).

173 3856 205 3925 10)
222 3846 289 3909 ff=
304 3868 392 3909 tantum
412 3861 470 3910 Vnt.
486 3862 543 3909 edd.
574 3861 696 3910 Correxit
710 3863 784 3908 etium
800 3860 912 3910 Memno.
968 3858 1003 3927 ¹¹)
1017 3861 1040 3912 si
1054 3869 1130 3912 testa·

142 3980 144 3984 Α
169 3939 248 3980 mento
268 3933 326 3983 l'ut.
337 3932 394 3981 edd.
419 3930 450 3979 In
470 3931 496 3980 V
498 3932 516 3979 d.
532 3938 627 3980 tantum
642 3933 744 3980 litterae
759 3940 782 3979 to
798 3937 883 3979 certae
897 3937 958 3979 runt
972 3939 998 3983 et
1010 3934 1132 3985 secunde
