2378 4386
441 539 499 575 atu
516 540 612 580 ansata.
633 521 680 576 lV.
700 527 741 580 tt.
770 581 777 594 s
1011 523 1073 589 373

111 676 164 759 [ea
173 701 230 756 quo
242 685 352 739 scilicet
363 689 499 755 apparet,
512 685 539 739 ai
550 688 608 739 tota
619 684 718 740 decent
730 686 866 739 sestertia
880 683 908 740 in
921 698 982 740 rem
995 689 1074 740 inam

109 783 197 824 aersa
207 768 332 839 suerint,
348 774 407 824 iota
423 770 520 824 decem
536 773 669 825 sestertia
688 768 789 825 Tition
802 772 942 843 consequi
950 761 1072 844 possm]

108 854 176 909 ticet
192 856 266 908 enim
282 870 341 909 nna
356 858 400 908 est
414 856 502 923 actio,
522 869 581 925 qna
595 855 631 909 dc
644 856 759 925 pecatio
774 856 866 927 deque
882 868 929 923 eo,
953 854 1031 924 qaod
1042 857 1073 909 in

110 927 477 1015 rem(pctris)domini(ue)
490 951 607 993 uersam
619 941 666 1007 sit,
679 942 786 1011 opiinr,
798 948 892 994 tamen
904 938 1072 995 dnasitabet

109 1023 374 1084 condemnationes‚·
385 1024 483 1093 itaque
493 1022 591 1090 iudea,
605 1023 688 1091 apud
696 1038 781 1094 quein
793 1039 828 1079 ea
841 1026 1071 1098 actioneapitnr,

110 1115 176 1162 ante
190 1108 334 1178 dispicere
349 1108 435 1173 sotei,
452 1122 491 1160 an
509 1108 538 1160 in
554 1119 614 1159 rem
635 1104 756 1177 (patris)
770 1097 939 1185 domini(ae)
955 1123 1072 1164 uersum

110 1193 156 1258 sit,
170 1206 225 1247 nec
241 1193 327 1247 atiter
341 1191 381 1244 ad
393 1190 503 1261 pecniii
516 1192 741 1246 aestimationem
757 1195 872 1263 transii,
887 1208 972 1264 qnam
984 1195 1011 1248 si
1021 1197 1073 1247 ont

111 1275 180 1330 nihii
194 1278 223 1330 in
238 1290 299 1330 rem
312 1267 434 1350 (patris)
445 1265 615 1350 domini(ne)
627 1288 744 1330 uersum
754 1277 939 1348 intctiepatur
953 1282 1073 1330 autnon

111 1366 212 1415 totum:
228 1376 293 1415 cum
309 1365 404 1414 antem
419 1362 581 1431 quaeritur,
603 1362 787 1429 quantumin
803 1361 920 1430 pecniio
938 1361 984 1427 sit,
1006 1365 1074 1414 anie

108 1439 278 1519 deiducitur,
306 1442 379 1514 quod
407 1444 476 1514 patri
503 1440 649 1496 domiuone
676 1442 777 1513 quique
799 1444 826 1498 in
850 1444 909 1498 eius
936 1448 1072 1514 potestate
1082 1448 1141 1498 att.

108 1530 155 1598 sit,
171 1545 186 1581 a
203 1525 259 1581 tilio
275 1541 391 1580 scruoue
407 1524 532 1593 debetur,
555 1533 583 1580 ct
598 1523 672 1597 quod
688 1534 830 1596 superest,
852 1526 906 1582 hoc
919 1526 1009 1582 solum
1023 1542 1071 1601 pc·
1084 1517 1102 1554 ‘·
1116 1524 1135 1555 ¹·

108 1613 210 1668 eutium
229 1624 289 1664 esse
311 1608 494 1683 intellegitur3
517 1608 660 1681 aliquando
683 1618 771 1665 tamen
790 1609 832 1680 id,
854 1610 926 1683 quod
948 1613 973 1668 ci
993 1609 1074 1667 debet

111 1694 183 1750 iiiius
198 1708 344 1762 scruxxsue,
369 1694 416 1765 qui
432 1694 459 1748 in
474 1701 610 1766 potestate
626 1695 709 1765 patris
725 1694 861 1751 dominius
876 1696 926 1766 sit,
949 1713 1004 1752 non
1026 1695 1073 1752 dc-

108 1779 219 1835 ducitur
240 1792 272 1832 ex
298 1777 419 1850 peculio,
442 1777 519 1834 uelut
540 1780 563 1833 si
585 1779 622 1850 is,
646 1779 689 1835 cui
712 1779 811 1850 debet,
833 1781 861 1836 in
884 1779 964 1836 huius
985 1781 1072 1854 ipsius

108 1862 215 1937 peculio
232 1865 277 1917 sit.
314 1856 362 1918 tt.
385 1861 511 1918 Ceterum
534 1862 643 1919 dubium
666 1879 721 1919 nou
744 1872 800 1935 est,
824 1865 889 1938 quin
912 1872 941 1920 et
962 1865 1003 1937 is,
1026 1864 1073 1938 qui

108 1949 185 2003 iussu
208 1946 294 2020 patris
317 1945 454 2003 dominiuc
475 1948 627 2018 contraxit,
650 1949 749 2021 cuique
772 1949 908 2006 institoria
930 1949 976 2005 uei
998 1964 1074 2006 exer·

110 2032 202 2089 citoria
218 2029 334 2087 iormuia
349 2032 491 2106 competit,
507 2031 540 2087 de
554 2031 661 2106 peculio
676 2041 724 2088 aut
738 2033 772 2089 dc
784 2035 810 2088 in
821 2050 878 2090 rem
895 2049 976 2090 uerso
989 2049 1073 2108 agere

109 2118 210 2190 possit;
226 2114 274 2171 sed
289 2132 369 2172 xxcmo
385 2124 438 2171 tam
454 2115 556 2172 stultus
571 2118 633 2188 erit,
654 2127 684 2174 ut
699 2120 745 2191 qui
760 2117 849 2192 aitqua
864 2118 972 2176 illarum
987 2119 1072 2176 actio·

110 2201 238 2255 numsinc
250 2199 333 2256 dubio
344 2199 600 2275 solidumconsequi
611 2204 709 2276 possit,
721 2195 789 2258 'uel¹
802 2205 830 2259 iu
840 2202 1030 2262 diiiicuitatem
1042 2219 1073 2260 se

111 2282 225 2339 deducat
240 2284 380 2356 probandi,
396 2284 494 2341 habere
510 2286 644 2359 peculium
660 2303 732 2357 eum,
748 2304 808 2344 cum
824 2304 879 2362 quo
895 2289 1070 2358 contraxerit,

110 2383 197 2441 exque
211 2384 244 2424 eo
259 2369 366 2442 peculio
388 2385 470 2444 posse
486 2369 536 2427 sibi
551 2372 615 2427 satis
631 2370 701 2442 fleri,
724 2373 768 2429 uci
782 2372 820 2444 id,
843 2374 916 2446 quod
932 2374 1072 2448 persequi·

110 2461 164 2523 tur,
181 2454 207 2509 iu
222 2469 279 2508 rem
294 2455 379 2527 patris
395 2454 531 2512 dominius
546 2471 655 2512 uersum
671 2473 741 2512 essc.
772 2456 796 2511 is
817 2474 943 2531 quoquc,
965 2460 1009 2515 cui
1026 2458 1073 2512 tri·

109 2535 215 2593 butoria
230 2537 301 2593 actio
318 2539 450 2611 conpetit,
473 2538 506 2594 dc
529 2538 635 2612 peculio
659 2539 702 2594 uei
724 2541 757 2594 dc
779 2541 806 2596 in
822 2557 879 2596 rem
895 2557 975 2596 uerso
991 2555 1072 2613 agere

109 2631 216 2695 potest3
237 2621 286 2678 sed
307 2622 370 2678 huic
389 2639 453 2679 sune
474 2623 635 2695 pierumque
651 2623 769 2695 expedit,
791 2623 840 2677 hac
854 2626 947 2696 potius
962 2625 1071 2678 actione

63 2713 96 2763 ⁹¹]
110 2708 149 2762 uti
164 2723 245 2779 quom
261 2705 418 2779 tributoria3
435 2723 496 2762 nam
512 2709 540 2763 in
556 2705 699 2762 tributaria
715 2708 773 2761 eius
789 2705 874 2760 solius
889 2705 988 2779 peculii
1003 2706 1072 2761 ratio

111 2789 235 2861 habetur,
250 2789 323 2863 quod
339 2793 367 2847 in
382 2791 424 2847 his
440 2791 574 2847 mercibus
590 2799 646 2856 est,
668 2790 695 2845 ixx
714 2789 812 2864 quibus
828 2791 984 2862 negotiatur
1000 2786 1072 2845 fliius

111 2889 259 2946 seruusue,
280 2875 409 2949 quodque
432 2874 494 2930 inde
514 2884 651 2949 receptum
667 2876 735 2945 erit,
757 2882 783 2931 at
799 2875 947 2930 iunctione
963 2872 1072 2947 peculii,

112 2957 211 3014 totius:
227 2967 255 3014 et
269 2968 362 3032 potest
377 2961 492 3033 quisquc
507 2961 587 3016 tertia
604 2959 674 3016 iorte
690 2968 736 3016 aut
757 2968 851 3033 quarta
866 2958 909 3014 uei
925 2960 1006 3016 etiam
1021 2960 1072 3016 mi·

109 3059 177 3099 nore
192 3051 268 3116 parte
284 3044 382 3117 peculii
397 3045 543 3118 negotiari,
559 3046 699 3101 maximam
716 3061 780 3101 uero
802 3052 905 3117 partem
927 3043 1028 3119 peculii
1043 3045 1072 3102 iu

109 3127 168 3183 aliis
182 3127 265 3184 rebus
281 3127 395 3197 habere3
418 3128 501 3201 longe
516 3131 603 3203 magis
620 3130 644 3184 si
664 3137 756 3204 potest
772 3128 923 3204 adprobari,
946 3128 982 3187 'id
998 3129 1072 3205 quod

110 3211 231 3283 (dederit
245 3211 305 3286 qui)
320 3208 480 3282 contraxit,²
501 3215 526 3268 in
542 3230 599 3270 rem
619 3216 704 3287 patris
724 3215 861 3271 dominiue
876 3232 985 3272 uersum
1001 3229 1072 3283 esse,

109 3295 142 3352 ad
162 3296 232 3352 hauc
252 3297 387 3353 actionem
408 3298 523 3353 transire
544 3297 639 3366 debct;
662 3315 735 3369 uam,
760 3307 891 3373 utsupra
913 3300 1044 3371 diximus,
1066 3293 1070 3375 Ι

108 3379 199 3436 eadem
216 3380 331 3437 formula
346 3390 374 3438 et
389 3382 422 3437 de
437 3381 544 3457 peculio
560 3391 588 3438 et
603 3382 636 3437 de
651 3384 678 3438 iu
694 3400 751 3439 rem
768 3401 848 3440 uerso
865 3386 965 3457 agitur.
1089 3387 1148 3442 tit.

183 3502 202 3569 ¹)
221 3521 237 3553 u
256 3505 330 3555 addit
351 3505 381 3564 0,
405 3507 475 3570 qnod
492 3514 626 3572 acceptam
644 3528 677 3549 =
697 3507 735 3556 uei
758 3509 819 3557 licet
837 3508 866 3556 id
884 3508 948 3556 Iasi.
968 3514 992 3556 et
1015 3506 1073 3558 edd.

109 3578 242 3642 ipnorent‚
259 3577 331 3640 ferri
345 3584 445 3640 potest,·
464 3594 522 3627 narn
541 3579 663 3637 arciori
681 3584 780 3627 mature
793 3581 825 3627 de
840 3579 945 3641 peculio
959 3584 984 3627 et
998 3578 1030 3626 de
1045 3579 1073 3625 in

108 3663 162 3698 rem
172 3662 248 3697 verso
257 3649 333 3696 etiam
339 3663 392 3711 pro
402 3648 502 3698 duabus
511 3648 657 3699 actionibus
667 3650 754 3712 accipi
764 3656 869 3712 coeptae
878 3662 933 3698 esse
943 3647 1072 3704 uidentur,

108 3733 158 3784 quo
172 3725 291 3782 spectant
305 3717 383 3768 verba
399 3718 427 3767 de
442 3720 536 3782 pccuiio
551 3727 592 3768 sut
606 3719 635 3768 (ie
650 3719 673 3767 in
688 3733 739 3767 rem
754 3734 834 3781 uerso,
849 3733 932 3782 agere,
948 3722 1073 3765 attamen

107 3791 192 3840 attera
207 3790 316 3839 aiteram
331 3797 499 3841 consumeret.
564 3785 586 3855 ')
603 3790 627 3839 id
641 3787 784 3856 qlcontraxit
803 3785 855 3839 W.
874 3787 1005 3850 Suppieoi.

179 3892 204 3963 §-
221 3897 263 3946 tt.
286 3896 324 3959 Os.
339 3898 363 3959 §-
378 3906 398 3947 5.
419 3895 440 3945 I.
457 3895 490 3945 ib.
509 3898 533 3957 5.
549 3907 582 3947 xo.
