2378 4386
765 83 784 90 ι
804 73 871 85 ‚pf

390 532 426 567 nn
444 532 554 568 moruus
573 533 652 568 umen
669 533 700 569 11.
981 525 1021 582 57

108 657 165 721 ⁴ld.
187 656 247 714 Non
267 658 349 729 onim,
371 656 479 730 Quinte,
500 667 574 716 recto
589 661 781 728 existimamus,
797 674 866 732 quae
880 674 968 731 poena
984 659 1024 714 di·

61 743 191 811 uicerit,
213 741 261 797 sed
284 741 455 814 opinionibus
475 743 552 816 uulgi
573 744 692 816 rapimur
713 745 740 799 iu
755 758 877 799 errorem
892 759 942 798 neo
959 759 1022 799 uero

61 825 205 885 ceruimus.
234 834 321 882 morte
333 834 380 881 aut
391 826 486 883 dolore
497 829 620 900 corporis
636 835 682 883 nui.
696 827 772 883 luctu
787 827 866 882 nuimi
882 836 928 882 aut
939 827 1022 882 olien-

62 911 138 965 sione
154 908 246 967 iudicii
267 909 405 966 bominum
428 911 549 967 miserias
571 910 763 984 ponderamus,
786 926 855 984 quae
869 909 959 966 inteor
973 912 1022 966 bu·

62 1008 138 1049 mano
153 1008 213 1049 csse
228 1001 256 1049 et
278 993 371 1050 multis
394 993 472 1051 bonis
495 996 561 1050 uiris
584 994 724 1051 accidisse:
752 995 862 1052 sceleris
878 1004 920 1050 est
935 1011 1022 1067 poena

62 1078 149 1133 tristis
165 1086 192 1132 et
203 1084 310 1150 praeter
321 1094 368 1134 eos
380 1087 505 1147 euentus,
522 1080 568 1152 qui
580 1087 720 1149 secuntur,
734 1095 784 1152 pcr
795 1095 825 1134 se
836 1081 896 1152 ipse
908 1081 1021 1135 maximo

61 1169 113 1216 est.
143 1160 258 1217 uidimus
273 1177 332 1231 eos,
349 1163 404 1235 qui,
420 1164 472 1218 uisi
487 1163 610 1218 odissent
624 1164 745 1236 patriam,
763 1179 908 1236 numquam
923 1163 1023 1219 inimic!

61 1243 141 1299 nobis
161 1244 288 1316 luissent,
311 1244 428 1301 ardentis
451 1254 510 1303 tum
525 1244 683 1319 cupiditate,
706 1255 762 1301 tum
778 1255 862 1313 metu,
886 1253 943 1301 tum
958 1262 1023 1302 con·

63 1328 187 1397 scientio,
209 1327 367 1401 (puidlquid
388 1338 511 1402 agerent,
537 1328 619 1385 modo
640 1330 770 1398 timentis,
792 1330 911 1384 uicissim
930 1339 1023 1384 conte·

61 1415 178 1468 iuuentis
190 1413 350 1485 religiones,
363 1413 471 1482 iudicio,
486 1420 616 1484 perrupta
626 1412 658 1466 ub
670 1411 754 1467 isdem
770 1411 925 1482 corruptela
939 1412 1023 1465 homi·

61 1511 137 1567 uum,
160 1511 216 1551 non
238 1495 363 1552 deorum.
398 1491 448 1549 44.
471 1493 616 1565 reprimam
637 1496 689 1549 iam
711 1502 738 1548 et
754 1509 808 1548 non
823 1495 952 1565 insequar
966 1492 1024 1548 lon·

61 1581 142 1651 pius,
164 1593 253 1648 eoque
275 1578 379 1645 miuus,
401 1593 455 1647 quo
476 1575 538 1648 plus
558 1590 706 1647 poenarum
725 1574 809 1630 habeo
828 1591 908 1648 quum
927 1577 1024 1650 petiui;

61 1670 168 1717 tantum
191 1674 289 1731 ponam
312 1657 397 1727 breui,
420 1658 555 1731 duplicem
575 1673 688 1730 poenum
711 1673 771 1714 esse
797 1658 923 1730 diuinam,
951 1661 1024 1733 quod

59 1750 174 1802 constat
196 1738 237 1797 et¹
260 1757 291 1796 cr
315 1741 443 1797 ucrundis
466 1743 591 1797 uiuorum
614 1743 708 1797 onimis
729 1750 757 1797 ot
772 1759 802 1798 ea
819 1744 886 1798 lama
901 1752 1024 1801 mortuo-

60 1844 134 1896 rum,
147 1834 177 1881 ut
188 1841 282 1882 eorum
292 1827 402 1881 exitium
413 1834 441 1883 et
453 1826 685 1883 iudiclouiuorum
691 1834 719 1882 et
726 1826 825 1899 gaudio
832 1825 1023 1900 conprobetur.

124 1909 211 1966 xviii.
236 1905 282 1967 45.
304 1911 371 1983 Apri
392 1918 481 1967 autem
503 1927 538 1966 ne
558 1918 762 1983 consecrentur,
785 1911 890 1968 Platoni
912 1927 1024 1985 prorsus

63 1995 210 2065 ementior,
231 1995 288 2068 qui,
310 1995 334 2049 si
357 1994 436 2050 modo
457 1996 630 2068 interpretari
650 2004 776 2068 potuero,
798 1995 840 2051 his
861 1995 918 2052 iere
934 1995 1023 2053 uerbis

63 2079 164 2134 utitur:
187 2076 272 2135 ‘terra
294 2078 393 2151 igitur,
422 2089 452 2135 ut
473 2079 551 2135 locus
573 2079 786 2150 domiciliorum,
815 2096 889 2135 mora
911 2080 1024 2136 deorum

64 2163 181 2218 omnium
197 2170 256 2231 est3
272 2163 398 2234 quocirca
413 2178 447 2219 uc
463 2165 524 2237 quis
537 2165 635 2219 iterum
650 2163 720 2219 idem
736 2170 906 2220 consecrato.
930 2177 1024 2218 aurum

64 2253 154 2300 sutem
169 2251 196 2300 ct
211 2255 355 2319 argentum
370 2247 396 2302 iu
412 2247 523 2303 urbibus
539 2256 566 2303 et
580 2249 707 2320 priuatim
723 2257 750 2303 ct
764 2249 792 2302 in
808 2246 876 2302 sanis
891 2245 1024 2301 inuidiosa

64 2342 109 2383 res
124 2336 174 2385 est.
205 2338 260 2384 turn
280 2328 348 2385 ebur
368 2346 400 2386 er
420 2332 492 2387 inani
512 2347 628 2403 corpore
647 2338 795 2387 extructum
815 2329 886 2386 baud
902 2331 966 2385 sutis
981 2347 1026 2386 ca·

65 2419 138 2467 stum
158 2411 258 2468 donum
276 2414 338 2473 deo.
373 2416 424 2470 iam
447 2431 491 2470 ecs
514 2421 595 2486 atquo
615 2414 716 2469 ferrum
738 2414 820 2470 duelli
834 2416 1025 2483 instrumento,

64 2512 119 2551 uon
136 2495 199 2552 iani.
231 2495 352 2570 ligneum
366 2506 455 2554 autem
472 2496 544 2570 quod
557 2499 603 2569 qui
614 2496 733 2552 uoluerit
746 2513 800 2553 uno
812 2514 827 2552 e
837 2497 911 2569 liguo
924 2497 1025 2567 dicato,

65 2581 182 2651 itemquo
202 2580 354 2653 lapideum,
376 2583 404 2636 iu
419 2580 537 2637 delubris
551 2579 750 2649 communibus,
771 2580 864 2634 textile
879 2596 913 2633 uo
929 2595 1025 2650 opero·

64 2664 123 2717 sius
139 2679 217 2736 quum
232 2663 351 2721 mulieris
368 2681 437 2737 opus
453 2672 632 2721 menstruum.
662 2660 739 2716 color
753 2669 843 2716 nutem
858 2660 934 2715 albus
948 2676 1025 2732 prue-

64 2747 144 2818 cipue
166 2746 281 2804 decorus
303 2747 355 2804 deo
375 2756 418 2805 cst
437 2764 497 2805 curu
513 2749 540 2804 in
555 2754 664 2815 cetero,
688 2751 745 2799 turu
760 2744 872 2799 maxime
888 2745 915 2798 in
930 2743 1026 2820 textili,

67 2831 151 2886 tincto
166 2846 231 2887 uero
246 2831 337 2888 obsint
352 2834 403 2888 nisi
417 2849 432 2888 a
446 2831 550 2889 bellicis
564 2827 725 2904 insignibus.
757 2828 920 2883 dluiuissimo
937 2833 1025 2884 autem

66 2914 136 2970 dona
151 2930 213 2972 aues
235 2923 263 2972 ct
286 2915 388 2971 formae
403 2915 436 2972 ab
452 2933 506 2972 uno
521 2917 626 2989 pictore
642 2929 695 2969 uno
711 2911 850 2969 absolutae
865 2912 925 2981 die;
948 2913 1025 2969 item·

66 3015 118 3071 que
133 3009 222 3057 cetera
242 3000 324 3056 buius
346 3000 460 3073 exempli
476 2999 544 3055 dona
559 2998 664 3055 sunto?
702 2998 765 3054 haec
778 2998 817 3054 illi
831 2997 948 3070 placent.
978 2998 1026 3054 sed

66 3097 117 3156 epo
133 3093 223 3141 cetera
239 3100 294 3139 non
310 3090 365 3139 tum
379 3085 504 3140 restricte
518 3081 658 3156 praefinio,
679 3082 723 3138 uel
738 3083 877 3139 hominum
892 3084 966 3138 uitiis
981 3082 1025 3138 ucl

66 3166 192 3223 subsidiis
217 3175 368 3239 temporum
387 3169 490 3225 uictus:
514 3175 601 3223 terrac
616 3166 718 3222 cultum
734 3168 888 3240 segniorem
903 3168 1027 3239 suspicor

64 3249 134 3322 iore,
157 3252 181 3307 si
203 3250 236 3307 nl
258 3267 316 3306 eom
339 3251 463 3308 utendum
487 3250 615 3324 ierroqnc
637 3250 810 3324 subigendam
825 3252 1026 3323 superstitionis

65 3332 167 3408 aliquid
183 3336 339 3391 accesserit.

128 3421 164 3475 A.
188 3417 279 3474 Habeo
301 3419 365 3473 isto:
388 3435 460 3474 nunc
482 3418 515 3474 dc
537 3420 618 3475 sacris
641 3419 780 3491 perpetuis
802 3425 831 3473 et
858 3416 891 3472 de
911 3416 1027 3471 lirnium

66 3502 124 3559 iure
139 3510 235 3559 rcstnt.

127 3586 171 3643 M.
193 3585 215 3642 0
236 3586 331 3640 miram
352 3588 524 3656 memorium,
546 3585 693 3660 Pomponi,
717 3593 798 3640 tuum.
841 3590 868 3638 at
890 3582 954 3637 mibi
975 3583 1026 3636 ists

66 3670 231 3727 exciderunt.

64 3792 268 3804 -μ-σ--ῠ

139 3850 161 3918 ι)
175 3856 297 3901 constaret
310 3848 361 3897 AB
373 3846 520 3917 const[ar]et
534 3851 572 3899 ed.
584 3849 614 3899 V.
