2378 4386
167 492 230 560 506
454 508 521 545 arun
539 507 635 544 ennam
654 507 724 542 sana.
743 488 790 541 111.
810 494 835 542 6.

168 649 225 696 turn
239 655 293 695 uon
309 637 433 706 debetur,
447 638 498 692 nisi
514 636 547 691 de
562 637 602 692 bis
619 652 727 710 quoquc
742 635 882 692 manifeste
902 636 1022 691 sensisse
1038 643 1123 692 testa·

169 733 255 780 torem
284 722 371 795 possit
397 720 512 777 ostendi.
568 714 613 779 61.
646 720 826 776 instrumento
855 720 987 792 cauponio
1016 717 1121 793 legato,

168 803 261 878 lcum)
277 805 405 879 cauponis
421 802 565 859 tabernarii
580 797 707 875 dicitur,¹
723 820 752 860 ea
768 803 913 872 debentur,
931 804 1042 876 quaein
1058 819 1122 860 cau·

168 891 246 964 ponis
262 905 339 944 usuro
356 895 446 962 parata
461 896 540 963 sunt,
562 888 638 943 uelut
654 905 733 959 uasa,
755 891 782 944 in
804 886 900 960 quibus
917 888 1009 942 uinum
1026 885 1123 944 deiun-

168 973 257 1042 ditur;
269 974 368 1029 escaria
381 987 490 1045 quoque
502 980 530 1026 et
541 971 676 1044 pocularia
689 988 751 1027 uasa
763 970 903 1028 debentur.
927 986 992 1027 sane
1005 970 1123 1028 ministri

169 1073 260 1113 earum
281 1072 369 1113 rerum
390 1056 480 1130 legato
501 1072 556 1111 uon
577 1056 685 1112 cedunt.
732 1052 781 1112 62.
805 1049 1007 1110 ²lnstrumento
1027 1055 1123 1112 medici

169 1140 278 1215 legato,
300 1139 411 1213 collyria
432 1149 461 1195 et
488 1140 630 1213 emplastra
652 1148 680 1196 et
701 1148 845 1212 apparatus
868 1140 954 1194 omnis
976 1136 1122 1195 conficien-

168 1224 264 1281 dorum
285 1223 557 1295 medicamentorum,
572 1226 692 1297 itemque
713 1224 873 1278 ferramenta
895 1222 986 1296 legato
1009 1222 1122 1279 aedunt.

169 1304 218 1366 68.
243 1302 442 1364 ³lustrumento
458 1309 569 1381 pictoris
585 1306 692 1381 legato,
707 1308 830 1377 colores,
845 1305 980 1379 pennicilli,
1002 1307 1123 1363 cauteria

169 1401 197 1449 et
218 1390 453 1466 temperandorum
469 1391 590 1447 colorum
607 1408 670 1447 uasa
691 1389 870 1446 debebantur.
914 1386 964 1446 64.
989 1383 1123 1446 ⁴l¹lstoris

169 1479 350 1533 instrumento
368 1475 468 1549 iegato,
484 1474 579 1546 cribra,
595 1476 673 1546 asini,
686 1475 771 1530 molae
782 1484 810 1529 et
821 1475 905 1543 serui,
918 1475 964 1545 qui
977 1475 1122 1547 pistrinum

169 1567 311 1630 exercent,
331 1561 395 1615 item
411 1558 563 1627 machinae,
585 1558 683 1632 quilius
704 1559 802 1613 tarinae
825 1557 1004 1630 subiguntur,
1028 1557 1121 1632 legato

170 1643 279 1698 cedunt.
317 1637 366 1699 85.
384 1637 582 1698 ‘instrumento
598 1641 763 1697 balineatorio
779 1640 880 1714 legato,
897 1641 1037 1697 lralueator
1050 1643 1121 1714 ipse,

169 1735 197 1782 ct
212 1743 329 1797 scamm,
344 1735 372 1781 et
386 1719 576 1798 ’irppopodia,⁰
591 1723 711 1795 fistulae,
727 1726 853 1795 miliaria,
868 1726 1026 1797 epistomia,
1043 1735 1120 1783 rotae

168 1813 309 1884 aquariae,
332 1812 449 1864 iumenta
472 1824 597 1881 quoque,
620 1809 716 1881 quibas
739 1809 810 1881 ligna
832 1807 1003 1878 deteruntur,
1026 1809 1118 1883 legato

169 1894 278 1951 cedunt.
322 1888 369 1949 66.
394 1886 593 1948 ⁷instrumento
609 1893 749 1964 piscatoris
765 1892 865 1965 iegato,
888 1903 915 1948 et
932 1892 999 1947 retia
1015 1901 1043 1948 et
1058 1909 1120 1949 nas·
1132 1902 1185 1951 [⁴1⁰]

169 1994 214 2032 sae
236 1987 264 2033 et
279 1978 397 2032 fuscinae
413 1985 441 2031 et
455 1975 604 2044 nauiculae,
628 1977 697 2032 lrami
715 1992 824 2049 quoque
840 1985 867 2031 et
883 1984 973 2032 cetera
988 1976 1121 2033 eiusmodi

169 2059 262 2117 usibus
277 2061 410 2116 destinata
430 2057 570 2120 debentur,
614 2055 661 2116 67.
684 2054 874 2132 ⁵Supellectile
895 2059 1003 2133 legata,
1025 2077 1121 2134 capsae

169 2140 247 2217 ’let)⁹
270 2143 391 2211 armaria,
414 2141 474 2196 'nisi
490 2157 558 2213 quae
573 2144 660 2199 solum
677 2143 806 2199 librorum
821 2154 867 2199 aut
884 2145 968 2200 uestis
977 2135 1002 2177 ¹⁰
1017 2160 1121 2218 ponen-

168 2360 224 2410 eod.
239 2359 284 2426 (ιο,
295 2359 338 2426 tu).
362 2361 402 2411 Ao
416 2379 482 2413 auro
496 2371 521 2412 et
534 2373 641 2428 arpenta
655 2371 737 2414 autent
752 2371 908 2428 separantur
922 2367 1026 2416 ratonilia
1043 2368 1120 2416 etiam

169 2434 196 2481 in
211 2430 242 2479 L.
257 2441 291 2481 at.
314 2430 358 2479 ΤΙι.
375 2432 400 2482 C.
413 2434 444 2483 de
459 2436 536 2498 episc.
551 2437 612 2483 ecel.
628 2432 672 2499 (to,
683 2433 714 2500 a).
730 2435 760 2483 L.
772 2447 791 2485 ι.
811 2434 854 2483 Tb.
868 2435 892 2483 C.
904 2435 935 2483 de
945 2435 1001 2486 bon.
1014 2451 1118 2499 procer.

167 2501 200 2569 (o,
210 2501 255 2567 ta).
281 2501 395 2552 L'eteram
409 2506 435 2554 in
451 2512 539 2555 nostro
550 2507 605 2554 loco
616 2513 686 2554 oetas
696 2507 795 2561 uitione·
813 2506 880 2553 unde
889 2507 955 2554 eninr
966 2508 1018 2556 nisi
1027 2522 1062 2556 erc
1071 2506 1119 2556 loc

167 2574 320 2639 Byzantini,
338 2573 556 2639 Harmenopnlum
571 2577 630 2625 dieo
644 2588 665 2631 5,
681 2590 704 2625 ιι
719 2574 774 2641 (10).
794 2577 817 2637 5.
833 2587 879 2633 aa,
898 2591 947 2625 sua
960 2577 1120 2626 hauserunt?

172 2642 191 2711 ¹)
211 2644 297 2695 Verba
311 2660 430 2709 caupones
445 2646 494 2711 (uel
508 2645 631 2711 cauponis)
646 2647 774 2694 tabernarii
788 2646 899 2695 dicuntur
912 2649 939 2696 in
954 2650 1040 2697 multis
1056 2646 1117 2697 cad.

168 2720 301 2781 teporatur,
316 2719 398 2765 uariis
414 2719 478 2767 loeis
494 2725 587 2780 postte.
624 2716 719 2775 Quibus
734 2724 761 2764 ut
773 2718 923 2781 plossemote
938 2719 1027 2766 eiectis
1041 2717 1120 2783 (quod

167 2787 291 2837 hactenus
305 2786 336 2835 ab
351 2787 408 2836 edd.
420 2788 542 2852 facturn),
559 2794 660 2851 pugnat
678 2786 741 2835 baec
754 2788 879 2835 sententia
894 2802 950 2835 curu
964 2787 996 2836 11.
1011 2798 1045 2838 tt.
1060 2790 1083 2850 ξ.
1097 2797 1118 2837 t.

168 2858 200 2906 1).
216 2858 248 2906 de
263 2858 336 2906 inotr.
353 2874 374 2906 u.
390 2858 505 2908 instrum.
521 2858 570 2920 (aa,
584 2856 619 2920 t),
642 2872 688 2905 nec
707 2857 848 2906 concordat
863 2872 918 2906 cum
933 2859 1016 2920 ipsius
1031 2857 1119 2907 Paulli

168 2929 294 2977 sententia
312 2929 338 2976 in
358 2928 389 2975 Il·
410 2939 434 2978 tt
445 2943 487 2991 pr.
508 2926 540 2976 Ι).
559 2927 629 2980 eorde
652 2926 767 2975 odiridita
787 2942 846 2976 uero
866 2929 947 2976 etsie
967 2935 994 2975 ut
1009 2928 1118 2989 fecimus

168 2998 300 3046 emendata
314 2998 488 3047 derrtonetrant
502 2999 694 3045 instrumentum
708 2999 832 3060 cauponis
846 2997 1000 3059 tabernarii,
1014 3001 1032 3048 i.
1043 3013 1065 3048 e.
1075 2997 1118 3062 qui

169 3068 235 3129 ipae,
260 3082 310 3116 non
325 3081 376 3129 per
395 3069 549 3123 institorem,
569 3082 710 3129 cauponam
729 3075 834 3117 exercet
852 3068 897 3133 (ef.
918 3068 949 3116 L.
966 3081 985 3118 1.
1005 3069 1028 3130 ἓ.
1045 3079 1065 3120 o.
1085 3067 1116 3119 li.

168 3144 263 3185 nautae
277 3151 350 3198 caup.
362 3147 383 3193 t,
393 3135 424 3197 e),
435 3137 502 3186 unde
511 3144 601 3199 postea
611 3145 707 3186 tantum
719 3140 831 3187 ministri
845 3140 900 3186 nini
909 3139 1071 3200 defendendi
1080 3138 1118 3187 uel

168 3205 220 3256 cibi
230 3206 387 3268 porriyendt'
400 3214 642 3262 eonirnemorantur:
660 3210 746 3273 itaque
760 3212 832 3258 locus
847 3225 901 3257 cunt
917 3211 1011 3258 cererin
1025 3211 1117 3273 optime

168 3277 301 3332 consentit,
311 3274 402 3338 quibus
416 3276 482 3325 adde
493 3276 524 3325 L.
535 3289 568 3327 re.
583 3279 605 3338 ξ.
617 3291 636 3328 1.
651 3279 706 3328 eod.
758 3275 779 3345 ²)
795 3279 833 3341 Cf.
844 3279 875 3327 L.
887 3291 920 3330 ιι.
935 3281 957 3336 i·
970 3291 1003 3330 ιο.
1019 3279 1051 3328 D.
1062 3279 1116 3330 eod.

168 3343 245 3411 i)Cf.
261 3345 340 3394 brt.
360 3345 462 3395 D.eod.
514 3345 535 3411 ⁴)
552 3347 588 3409 Cs-
605 3348 876 3410 L.1e.§.1.l).eod.
933 3346 1115 3414 ⁶)Ia.1t.§.1.

168 3417 200 3466 L.
216 3427 248 3468 tt.
264 3417 287 3476 θ.
301 3426 322 3466 a.
338 3414 369 3464 D.
384 3416 439 3465 eod.
495 3413 516 3482 ⁶)
532 3418 641 3480 hypodia,
656 3421 771 3482 epptomia
787 3428 811 3468 et
824 3422 920 3469 similia
936 3420 998 3468 odd.
1014 3420 1117 3482 hypodia

167 3488 225 3538 edd.
273 3483 629 3550 ⁷)Cl.hit.§.1.1).eod.
682 3486 705 3553 8)
721 3491 758 3552 Cf.
775 3490 804 3538 L.
816 3502 884 3542 t—s.
902 3490 932 3538 L.
948 3501 968 3540 t.
983 3492 1008 3551 ὅ.
1018 3502 1039 3540 a.
1055 3491 1087 3539 L.
1097 3501 1117 3540 a.

167 3559 199 3607 1).
215 3558 247 3607 ele
260 3558 350 3618 rupell.
365 3557 412 3621 lep.
431 3556 480 3623 (stt,
500 3558 543 3624 ιο).
608 3556 628 3623 ⁹)
644 3560 681 3609 De
695 3558 792 3610 setun
814 3564 846 3624 <l-
861 3561 960 3610 addidi.
1024 3558 1056 3627 ¹⁰)
1072 3575 1117 3610 non

167 3629 243 3678 solum
258 3627 370 3676 librorum
385 3635 425 3676 tot
439 3643 498 3691 quiae
512 3629 587 3678 uestis
598 3645 666 3693 pare
682 3630 742 3682 Cdd.
753 3632 820 3693 edd,
835 3632 905 3696 quod
918 3638 942 3680 et
956 3639 1046 3693 aperte
1060 3647 1117 3682 eor·

166 3707 269 3762 ruptum
287 3705 325 3746 est
342 3705 366 3746 et
381 3707 481 3762 pupnat
499 3714 555 3748 eum
574 3699 605 3748 L.
620 3712 640 3752 t.
660 3702 683 3764 ἕ.
699 3714 719 3751 ι.
739 3701 770 3751 D.
785 3703 841 3752 ead.
870 3701 901 3751 In
918 3702 980 3750 Celti.
1000 3717 1061 3766 quae
1081 3709 1119 3752 etl

165 3770 236 3819 sedis
249 3770 379 3824 incertam·
394 3771 512 3834 plerique
527 3772 656 3834 omittunt,
671 3774 747 3821 solum
762 3788 822 3837 qnne
837 3781 877 3821 aut
892 3772 1005 3820 librorum
1022 3772 1066 3821 Cd.
1081 3782 1115 3823 to.

167 3839 309 3890 Ibaeterea
323 3847 398 3889 notae
412 3856 449 3889 uu.
465 3842 511 3890 nisi
525 3849 549 3890 et
564 3856 609 3890 uon
621 3851 789 3906 permutatae.
