2378 4386
19 27 1104 359 -

110 601 171 665 852
260 617 318 653 rer.
334 615 437 652 eurrso.
452 616 538 652 rvssc.
552 612 739 652 cossrursrao.
756 597 820 653 VH.
836 605 924 656 3-8.

111 758 138 802 et
150 756 244 803 contre
260 746 361 802 iudices
376 745 451 801 licuit
463 741 589 813 iudicare)
601 752 648 799 sut
661 745 684 798 si
697 746 734 799 its
748 757 943 820 conuenerat,
955 758 987 805 ut
996 750 1076 806 iulioii

110 830 247 887 uinculum
270 823 458 885 solueretur-tl
493 824 521 885 8.
544 826 615 899 Ergo
638 828 729 899 pantio
753 830 816 901 ipss
840 831 940 889 iudicii
964 833 1075 890 ordinem

110 925 137 971 et
154 914 375 970 constitutionem
391 909 517 967 'infirmet
538 904 633 983 atque²
649 910 790 984 discingit,
816 915 899 986 quod
918 924 1011 974 umen
1031 934 1075 973 non
1102 956 1104 965 .

110 995 279 1071 paciscendo,
292 995 340 1052 sed
356 994 481 1053 donando
498 993 555 1050 sieri
571 995 715 1066 potuisset,
733 996 898 1055 seeundum
920 1003 1073 1058 sententian

109 1080 197 1136 Paulli
218 1081 338 1150 iuridici,
369 1082 445 1136 ouius
472 1079 618 1135 sententias
640 1080 901 1139 sacratissimorum
932 1086 1073 1159 principun

110 1165 177 1221 scits
192 1180 298 1236 semper
313 1162 452 1235 nstitutus,
469 1164 509 1220 'ao
522 1160 618 1217 diueiis
634 1156 828 1233 constitutio‚³
847 1163 1033 1226 'declarant⁴

194 1244 225 1304 4.
247 1247 331 1304 Paulli
346 1256 462 1304 sentent.
479 1246 498 1303 Ι.
513 1245 558 1301 lib.
577 1240 643 1322 (til.)
659 1244 693 1300 de
708 1242 819 1319 prouti

153 1331 207 1388 Neo
221 1341 315 1388 contra
330 1332 414 1405 leges,
427 1347 478 1386 neo
489 1339 583 1386 oontrn
592 1328 679 1385 bonos
691 1344 783 1386 mores
797 1334 907 1404 pacisci
926 1352 1069 1410 possumne

193 1412 220 1472 t.
244 1415 309 1472 trem
325 1415 385 1472 eorl.
402 1415 448 1471 lib.
465 1423 493 1470 et
507 1405 586 1469 urai

152 1500 263 1556 Pnoturu
279 1509 371 1557 contro
387 1501 429 1554 ius
444 1507 490 1553 sut
506 1497 717 1553 constitutiones
732 1506 781 1553 sut
793 1497 822 1554 S.
837 1499 871 1557 C.
885 1504 1067 1578 interpositu

153 1583 219 1639 niliii
234 1584 364 1639 momenti
378 1582 467 1638 habet.

195 1662 224 1726 6.
247 1666 311 1723 item
329 1683 361 1722 er
376 1680 491 1738 corpore
505 1663 589 1720 Paulli
603 1662 637 1719 de
652 1671 723 1736 pest.
739 1672 768 1720 et
784 1664 978 1727 conuentis:²

153 1751 218 1805 Post
232 1764 288 1804 rem
303 1749 444 1805 iudicatum
465 1758 581 1822 psoium,
603 1748 654 1803 nisi
674 1746 836 1806 donationis
860 1768 947 1809 eamn
963 1756 1069 1829 interpr

153 1842 241 1902 natur,
257 1833 360 1888 seruari
377 1847 431 1888 nou
446 1824 597 1903 'oportet.⁸

194 1913 220 1974 7.
245 1914 376 1988 intelligis
391 1923 552 1970 memoratae
573 1915 703 1988 pactionis
724 1918 960 1977 constitutionem
976 1920 1067 1978 iuridici

67 2054 79 2079 s
111 2002 228 2058 auctoris
244 2001 386 2056 sententiis
404 1992 550 2054 'urionemi
572 1996 650 2067 unit,
663 1999 785 2069 inquam,
798 1999 923 2059 ulterius
939 2007 1066 2078 requiren-

111 2086 192 2141 ‹iuorl
222 2084 290 2140 llicit
311 2099 372 2156 pars
388 2082 512 2138 aduersa:
535 2080 620 2137 ‘Paeti
635 2097 729 2136 sumus
743 2080 833 2138 libero
859 2086 1104 2159 annumeratione

111 2170 236 2243 rogentis
259 2169 384 2240 imperio,
398 2165 480 2221 ’siem
490 2158 516 2196 ¹⁰
530 2163 608 2219 lionis
624 2163 745 2220 moribus
761 2166 949 2227 ’consonanss
968 2169 996 2225 Si
1009 2184 1061 2223 cer·

112 2261 180 2323 tum,
196 2268 249 2308 non
262 2259 355 2305 contra
367 2249 418 2304 ’ius
431 2261 492 2303 esse
504 2241 590 2303 aut¹²
602 2257 712 2305 senatus
723 2251 865 2325 consults,
879 2251 1059 2328 qussintiinetn

111 2343 175 2390 sunt
190 2336 278 2406 prius,
303 2332 409 2387 eiieotui
432 2330 638 2388 contruduntur:
661 2325 736 2387 ἀῑη
758 2332 793 2389 de
818 2335 875 2408 iris,
899 2354 969 2411 quoe
990 2336 1062 2393 niter·

111 2418 208 2473 cationi
224 2429 369 2488 superesse
384 2424 545 2486 noscuntur,
563 2416 607 2471 ’sit
623 2409 757 2490 dignus¹⁴
781 2433 812 2474 no
827 2419 929 2494 legalis
945 2436 1064 2478 nummus

111 2500 236 2569 iudicum,
261 2500 307 2571 qui
330 2507 427 2556 cuncte
449 2499 529 2556 'lotoe
551 2501 702 2557 sententiae
723 2499 956 2561 moderationeli
976 2505 1066 2562 ‹lisuin-

111 2583 181 2658 μί]
191 2577 216 2618 ¹⁰
252 2581 280 2640 8.
297 2581 375 2639 Certe
390 2585 413 2639 sl
429 2599 540 2641 neeesse
555 2593 607 2656 est,
623 2584 731 2639 rusticis
747 2585 938 2661 improbisque
953 2588 1066 2647 moribus

112 2668 211 2743 aliquid
228 2668 341 2741 suipiius
357 2667 492 2738 satisfieri,
508 2669 558 2742 ipsi
575 2668 644 2740 duo,
660 2683 729 2740 quos
745 2669 867 2742 praeisti
883 2672 1010 2729 osrtlrois
1024 2688 1068 2728 no·

107 2819 253 2883 petentibus
267 2819 450 2883 litipatort'bus,
464 2834 515 2882 per
528 2819 659 2883 delepotos
673 2817 781 2877 iudices,
796 2835 906 2884 quarunt
920 2831 976 2874 tum
989 2826 1068 2875 maior

110 2905 231 2939 riunterus
246 2891 368 2939 constitui
381 2889 486 2939 solebat.
519 2889 577 2938 Vid.
595 2889 684 2952 Praef.
743 2886 762 2952 ¹)
777 2889 846 2939 Edd.
862 2900 887 2942 et
902 2909 996 2955 uncos,
1009 2909 1067 2959 quus

107 2962 249 3026 posuimus,
260 2967 284 3008 el
292 2961 416 3025 interrog.
428 2962 527 3025 sianum
538 2961 667 3024 ipnoranl.
706 2954 728 3023 ¹)
738 2958 783 3008 Ea
791 2959 912 3027 Poppaei
922 2967 958 3028 qi.
969 2967 1067 3015 inurmn

112 3046 172 3094 quse
187 3031 244 3080 edd.
309 3026 331 3094 8)
346 3031 364 3078 i.
379 3046 400 3079 e.
411 3031 522 3093 perinde
536 3045 568 3080 ac
582 3031 677 3079 divalis
691 3032 841 3081 constitutio
858 3032 972 3097 (semper
985 3033 1066 3097 natet).

117 3102 176 3151 Vid.
191 3101 294 3150 Handii
311 3099 419 3151 Turseli.
434 3100 494 3164 Lp.
510 3112 557 3152 titt.
589 3099 658 3160 Quae
673 3106 788 3163 potestus
804 3104 958 3164 particulas
977 3121 1004 3155 sc
1019 3120 1065 3154 non

108 3187 239 3235 perpenso
260 3172 357 3234 effecit,
380 3179 406 3221 ut
427 3173 500 3221 uarie
521 3173 548 3219 in
568 3171 616 3221 noo
637 3173 692 3220 loco
712 3172 910 3234 interpretanda
932 3182 1065 3226 erraretur

112 3243 247 3306 (Zeitsellr.
260 3243 282 3304 Ι.
295 3242 382 3306 pescli.
399 3241 469 3290 litt<
485 3240 563 3290 XIII.
574 3257 603 3304 p.
614 3252 647 3292 tu.
658 3239 703 3304 ss).
727 3240 780 3290 Nec
795 3257 856 3292 uero
871 3245 946 3295 dixit
959 3245 1063 3297 atumem

112 3315 323 3369 constitutionem,
338 3315 399 3375 quia
410 3314 481 3375 ipsae
491 3312 652 3361 Constantini
661 3319 684 3360 et
698 3309 834 3361 Theodosii
848 3321 873 3362 et
888 3315 1065 3366 Valentiniani

111 3386 179 3448 lepes
194 3382 235 3445 (L.
251 3392 271 3431 n.
287 3393 306 3432 s.
327 3381 369 3432 Tlr.
388 3381 413 3430 θ.
427 3382 459 3430 ale
473 3396 539 3444 resp.
556 3383 635 3444 prud.
651 3394 672 3438 1,
686 3380 708 3445 s)
727 3381 775 3431 liae
793 3383 1000 3438 additamentum
1017 3401 1065 3436 non

111 3450 282 3503 continebant.
316 3451 432 3514 Denique
453 3451 538 3501 diuulis
556 3455 581 3500 si
601 3459 640 3501 est
659 3452 768 3501 diuorum
790 3455 941 3519 principum,
964 3472 1069 3522 quarrata

112 3522 306 3573 constitutiones
321 3523 347 3568 in
365 3521 501 3571 codicibus
516 3522 720 3588 continebantur.
793 3521 816 3586 ⁴)
830 3524 939 3575 declarat
957 3528 1021 3578 Par.
1036 3538 1068 3578 tt.

112 3591 368 3642 decinrnuitPur.ss.
422 3589 590 3657 ις)Ι.1.9.4.
643 3590 822 3656 ⁶)I.1.§.t⁸.
900 3593 1070 3662 ')I.1.§.t.

112 3662 133 3728 8)
148 3662 192 3710 En
208 3662 282 3711 Paul.
294 3664 353 3726 epit.
364 3670 443 3727 potest
456 3663 514 3714 eald.
565 3660 586 3728 ⁹)
602 3662 693 3713 Malim
705 3664 809 3712 usousri.
863 3661 897 3730 ¹⁰)
914 3668 1069 3719 tibietPar.

111 3746 144 3785 rr.
165 3734 210 3781 sibi
227 3733 338 3785 Panos.
405 3731 438 3796 ¹¹)
453 3741 546 3784 constat
560 3735 617 3783 edd.
685 3731 909 3796 ¹⁹)iussoetedd.
937 3737 1072 3803 Scriptum

108 3806 212 3866 furerat:
225 3811 235 3853 t
250 3819 303 3853 esse
318 3812 365 3854 sut.
420 3801 452 3870 ¹³)
468 3813 492 3853 et
506 3805 563 3855 edd.
617 3802 649 3868 ¹⁴)
663 3805 694 3853 sil
708 3804 801 3864 dignius
818 3805 881 3854 Par.
892 3817 926 3856 tt.
948 3810 970 3857 si
986 3811 1073 3872 dignus

112 3876 175 3925 Par.
190 3887 224 3928 ss.
292 3872 323 3938 ¹⁵)
339 3875 385 3924 lein
404 3877 520 3924 sententis
541 3875 661 3925 moderatu
680 3875 770 3923 ratione
786 3873 849 3923 Por.
864 3886 899 3927 tt.
921 3876 1010 3944 Pupp.
1026 3881 1073 3930 ists

110 3948 227 3995 sententie
242 3946 404 3995 moderatione
421 3946 483 3994 I’ur.
498 3957 532 3996 eo.
593 3942 625 4011 ¹⁶)
639 3945 720 4011 Sipna
735 3944 834 3994 citandi
848 3959 895 3994 nos
910 3948 1074 4002 addidimus.
