2378 4386
808 114 830 121 ..-

413 545 448 578 ne
466 543 578 580 moruus
596 544 675 578 uranu
693 546 722 579 11.
1006 539 1044 596 61

80 688 142 730 esse
162 677 193 728 et
206 670 340 746 religione
356 680 490 728 teneatur.
521 667 569 729 dd.
589 678 617 726 at
631 670 695 726 mihi
710 668 819 744 quidem
833 672 1048 743 anthuissimum

80 755 239 830 sepulturae
254 772 340 830 genus
357 754 424 812 illud
439 754 523 810 fuisse
538 754 655 824 uidetur,
679 771 733 828 quo
749 754 819 828 apud
841 755 1047 829 Xenophontem

81 841 167 914 Cyrus
188 841 289 896 utitur:
311 839 436 895 redditur
455 840 525 893 enim
548 846 635 894 terrae
654 854 754 911 corpus
776 841 861 895 etita
882 838 1000 896 iocatum
1016 858 1048 898 ac

80 927 163 981 situm
184 926 262 997 quasi
282 925 451 998 operimento
472 923 565 978 matris
586 920 738 979 obducitur.
774 922 925 996 eodemque
944 926 999 980 ritu
1019 927 1047 981 in

82 1025 116 1065 eo
137 1008 294 1082 sepulchro,
317 1007 391 1081 quod
415 1005 513 1082 (haud)
536 1006 632 1079 procul
655 1023 669 1061 a
688 1005 781 1062 Fontls
802 1024 847 1063 ara
868 1016 926 1077 est,
955 1024 1047 1081 regem

83 1101 209 1148 nostrum
230 1091 343 1148 Numam
371 1091 509 1148 conditum
537 1091 688 1162 accepimus
711 1100 875 1165 gentemque
897 1090 1046 1148 Corneliam

83 1192 172 1248 usque
192 1176 224 1231 ad
245 1177 400 1232 memoriam
416 1184 536 1231 nostrum
552 1174 602 1229 hac
615 1174 755 1246 sepultura
769 1177 870 1232 scimus
885 1192 945 1232 esse
961 1191 1046 1233 usam.

83 1259 114 1316 C.
141 1258 203 1315 llari
227 1262 294 1316 sitas
322 1259 451 1331 reliquias
478 1257 549 1332 apud
572 1260 700 1313 Anienem
727 1258 850 1332 dissipari
872 1261 951 1316 lussit
973 1260 1046 1316 Sulla

83 1344 183 1413 uictor,
202 1343 341 1401 acerbiore
357 1342 420 1398 odio
435 1344 578 1413 incitatus,
599 1357 678 1414 qusm
694 1341 731 1411 (oi
745 1344 813 1416 tom)
829 1346 936 1416 sopiens
952 1344 1047 1399 suisset

85 1443 165 1501 quam
181 1427 236 1483 iuit
251 1427 406 1485 uehemens.
441 1421 486 1484 ot.
507 1425 580 1499 quod
601 1425 672 1481 haud
688 1427 744 1482 scio
760 1443 793 1482 an
811 1429 906 1481 timens
923 1424 978 1500 (ne)
996 1443 1045 1482 suo

84 1511 194 1584 corpori
209 1519 305 1583 posset
320 1510 454 1583 accidere,
468 1514 573 1583 primus
584 1511 729 1582 epatriciis
741 1508 872 1564 Corneliis
888 1512 944 1582 igni
960 1511 1048 1566 uoluit

84 1595 210 1652 cremori.
258 1592 376 1648 declarat
395 1594 466 1648 enim
486 1591 587 1648 Ennius
610 1594 643 1649 de
663 1593 804 1648 Africano:
834 1592 885 1648 hic
910 1602 963 1649 est
984 1593 1047 1650 ille

82 1678 191 1735 situs.
217 1690 299 1742 uere3
315 1690 377 1730 nam
390 1676 438 1731 siti
449 1675 575 1732 dicrsutur
585 1679 614 1748 ii,
630 1679 677 1749 qui
688 1676 790 1732 conditi
802 1687 875 1732 sunt.
897 1693 947 1733 nec
959 1686 1047 1734 tamen

83 1775 183 1819 eorum
199 1766 262 1814 ante
275 1758 449 1832 sepulchrum
464 1769 516 1830 est,
531 1777 611 1834 quam
625 1763 696 1816 iusta
713 1761 782 1817 lecta
796 1769 825 1816 ct
839 1777 939 1833 porcus
954 1778 1046 1818 caesus

84 1853 137 1902 est.
169 1851 197 1899 et
212 1841 286 1917 quod
301 1857 374 1900 nunc
388 1846 566 1900 communiter
580 1847 608 1900 in
623 1845 748 1901 omnibus
762 1844 876 1919 sepultis
895 1847 970 1900 uenit
985 1862 1045 1916 usu,

84 1936 117 1984 ut
130 1929 233 1984 humati
250 1926 385 1998 dicantur,
404 1927 432 1984 id
447 1938 506 1984 erat
520 1930 662 2002 proprium
678 1938 735 1984 tum
750 1931 777 1985 in
793 1931 836 2001 iis,
858 1947 928 2003 quos
950 1931 1047 1985 humus

87 2013 186 2067 iniecta
206 2019 375 2083 contexerat,
397 2027 513 2085 eumque
535 2029 636 2068 morem
658 2014 702 2068 ius
723 2013 877 2086 pontificale
893 2013 1044 2071 confirmat.

74 2111 147 2150 nam
161 2097 237 2169 prlus
251 2112 331 2170 quam
345 2097 375 2152 in
390 2112 421 2152 os
436 2098 534 2153 iniecta
549 2094 628 2169 gleba
643 2105 695 2167 est,
716 2097 792 2153 iocus
808 2097 863 2167 ille,
885 2096 931 2153 ubi
947 2115 1046 2154 crema·

87 2187 145 2234 tum
160 2188 202 2235 eat
217 2196 328 2253 corpus,
348 2179 414 2235 nihil
430 2180 511 2236 hahet
525 2178 681 2252 religionis:
704 2182 799 2238 iniecta
816 2180 894 2254 gleba
910 2181 978 2236 'tum
994 2182 1048 2237 illic

87 2256 129 2318 et¹
144 2263 270 2319 humatus
283 2271 368 2320 estet
384 2257 459 2337 (eoe)²
475 2264 553 2337 gleba
568 2273 691 2335 uocatur,
708 2281 739 2321 ac
757 2273 815 2320 turn
830 2264 948 2338 denique
964 2264 1048 2320 multa

87 2345 216 2418 religiosa
230 2348 288 2403 iure
302 2347 491 2420 conplectitur.
522 2349 612 2421 itaque
626 2349 654 2403 in
670 2365 717 2419 eo,
738 2352 784 2422 qni
800 2351 827 2405 in
843 2366 911 2404 naue
926 2358 1046 2422 necatus,

86 2429 185 2485 deinde
204 2431 233 2486 in
253 2447 325 2487 mare
345 2434 483 2506 proiectus
504 2441 594 2502 esset,
614 2432 734 2488 decreuit
755 2432 784 2488 P.
800 2433 902 2489 Mucius
922 2434 1046 2490 familiam

86 2530 192 2586 puram,
207 2514 280 2589 quod
296 2532 327 2571 os
343 2531 424 2588 supra
440 2524 539 2571 terram
554 2531 609 2571 non
625 2524 742 2583 entaret3
758 2533 867 2589 porcam
878 2518 972 2573 heredi
987 2535 1046 2574 esse

86 2605 251 2655 contractam
266 2608 294 2655 et
306 2595 444 2655 habendas
460 2599 580 2655 triduum
597 2599 687 2668 serias,
702 2607 731 2654 et
746 2615 830 2671 porco
847 2600 943 2654 semina
958 2603 1048 2672 piccu-

87 2681 143 2737 lum
163 2675 248 2746 dari³;
269 2684 293 2738 si
313 2684 341 2739 iu
356 2683 422 2739 mari
437 2693 563 2739 mortuus
579 2689 667 2751 essct,
683 2680 774 2736 eadem
791 2691 899 2754 praeter
914 2683 1047 2753 piaculum

88 2774 117 2821 et
132 2765 222 2821 ferias.

153 2846 238 2906 xxiii.
263 2847 312 2908 58.
338 2852 374 2907 Α.
406 2850 505 2920 Video,
528 2866 597 2923 quae
618 2849 721 2906 sintin
743 2846 883 2924 pontificio
906 2849 977 2921 iure,
1000 2851 1048 2906 sed

87 2947 198 3005 quaero,
214 2934 371 3007 ecquidnam
387 2936 464 2990 sitin
480 2934 596 3008 legibus.

150 3015 192 3073 M.
216 3017 303 3075 Pauca
317 3035 391 3088 sane,
414 3017 483 3087 Tite,
503 3027 541 3087 et,
562 3021 601 3074 uti
617 3017 744 3088 arbitror,
766 3035 821 3074 non
837 3020 931 3092 ignota
952 3018 1047 3089 uobis;

86 3101 134 3157 sed
153 3118 185 3158 ea
204 3119 261 3158 nou
281 3110 336 3158 tam
356 3102 389 3158 ad
409 3101 567 3174 religionem
588 3111 723 3176 spectant,
745 3119 825 3176 quam
847 3103 879 3158 ad
901 3105 943 3159 ius
958 3104 1048 3177 sepul·

87 3186 224 3243 chrorum.
269 3185 440 3242 homiuem
463 3195 648 3256 mortuum,
671 3188 759 3261 inquit
779 3187 822 3242 len
845 3187 872 3242 in
894 3186 1046 3257 duodecim,

86 3270 121 3326 in
149 3268 234 3326 urbe
260 3285 300 3324 ne
326 3269 477 3344 sepelito
505 3286 591 3326 neue
619 3273 721 3326 urito.
766 3270 847 3328 credo
871 3271 914 3326 uel
936 3280 1049 3344 propter

85 3355 156 3426 ignis
172 3352 334 3428 perieulum.
365 3353 438 3426 quod
454 3362 543 3409 autem
554 3354 628 3411 addit
643 3371 730 3410 neue
745 3357 852 3425 urito,
868 3355 978 3427 indicat,
993 3371 1047 3411 non

86 3440 133 3511 qui
149 3449 245 3496 uratur
260 3436 381 3510 sepeliri,
397 3436 444 3492 sed
460 3440 506 3511 qui
522 3437 658 3494 humetur.

103 3525 184 3662 ἱΓῆνΑ.
209 3520 296 3588 Quid?
318 3521 401 3594 'quod
423 3515 482 3578 uel‘¹
502 3530 566 3595 post
586 3540 633 3580 xrr
655 3524 682 3576 iu
705 3521 770 3577 urbe
789 3521 890 3596 sepulti
904 3530 968 3577 sunt
983 3520 1047 3578 clari

85 3622 102 3661 u
148 3649 154 3660 .

160 3792 181 3860 ¹)
196 3793 291 3843 tumulis
306 3803 329 3842 et
344 3793 397 3843 AB
408 3803 458 3844 tum
472 3802 495 3843 et
510 3793 555 3843 illis
570 3792 628 3856 (illio
643 3795 686 3857 cj.)
701 3795 733 3843 ed
760 3794 790 3844 V.
822 3791 844 3858 ²)
858 3794 966 3842 Addidi.

83 3863 105 3932 ³)
120 3865 173 3930 pati
187 3862 244 3913 AB
255 3865 312 3913 edd.
328 3865 379 3914 uid.
395 3864 512 3916 Macrob.
527 3863 581 3913 Sat.
598 3877 617 3922 1,
632 3877 666 3922 ro,
681 3876 714 3914 ιο.
744 3862 764 3921 ⁴>
778 3865 816 3927 qui
833 3863 888 3911 Ali
899 3863 938 3910 ed.
959 3857 989 3907 V.
