2378 4386
171 522 235 589 690
320 538 428 575 noman
446 537 553 574 rreum
570 535 668 573 suan.
690 517 762 573 xvi.
777 515 925 572 e-xvlt.
940 522 963 570 2.

233 666 263 727 8.
283 668 334 738 Qui
349 669 418 724 iutra
433 667 629 740 sexagesimum
645 665 689 721 uel
705 681 772 738 quac
787 667 856 720 intra
872 664 1128 737 quinquagesimum
1141 677 1187 727 tus

171 768 270 810 sunum
295 752 384 806 neutri
409 749 467 824 legi
490 750 623 824 paruerit,
651 749 714 805 iicet
739 749 806 822 ipsis
836 747 942 820 legibus
968 755 1033 820 post
1057 747 1128 806 haue

69 841 285 911 iterpretatem
312 833 441 890 liberatus
464 840 550 901 esset,
579 834 718 906 perpetuis
742 840 829 888 tamen
857 833 951 904 poenis
973 822 1125 910 ’tenuitur¹

171 936 204 975 es
219 928 329 974 senatus
345 917 470 974 consulto
491 908 683 973 ’Persiciano.²
718 914 747 974 4.
773 908 838 971 ³Sed
855 914 998 971 Ciaudiano
1015 923 1126 971 senatus

171 1001 297 1059 consulto
323 1002 406 1057 maior
426 1001 601 1074 sexagenario
623 1000 647 1054 si
669 1000 800 1055 minorem
828 999 1055 1072 quinquagenaria
1077 997 1126 1055 du·

172 1087 257 1156 uerit,
280 1082 391 1159 perinde
409 1083 516 1141 ’habers'
534 1079 674 1155 iubetur,⁴
695 1098 725 1139 ac
740 1084 763 1138 si
779 1084 866 1138 minor
887 1084 1028 1155 sexaginta
1043 1098 1126 1138 auno·

171 1184 232 1226 rum
247 1168 370 1225 duxisset
391 1183 511 1226 uxorem.
547 1166 619 1239 quod
635 1169 658 1223 si
674 1168 759 1222 maior
779 1167 1006 1240 quinquagenaria
1027 1167 1125 1222 minori

171 1253 345 1327 sexagenario
366 1252 502 1325 nupserit,
518 1244 597 1324 ’(ἑά)5
619 1252 696 1324 inpar
716 1251 914 1306 matrimonium
935 1249 1086 1323 appellatur
1100 1257 1127 1305 et

172 1344 282 1394 senatus
301 1335 426 1392 consulto
441 1326 606 1390 Caluisiauu¹
625 1333 733 1389 iubetur
752 1349 807 1388 non
822 1331 955 1407 proicere
971 1333 1004 1388 ad
1020 1335 1127 1407 capien-

172 1419 220 1476 das
235 1419 397 1476 hereditates
417 1426 445 1474 et
464 1418 551 1490 legata
570 1411 661 1493 ¹(taut)
677 1409 791 1473 dotent.¹
828 1419 919 1491 itaque
939 1425 1047 1473 mortua
1067 1431 1127 1473 mu·

172 1502 238 1560 licre
253 1501 304 1559 dos
318 1502 417 1560 caduca
432 1497 509 1558 erit.¹¹
523 1519 540 1558 n
554 1517 571 1556 e
585 1517 603 1557 s

457 1672 521 1712 utt'.
537 1670 613 1713 xvia.
639 1672 680 1712 Du
697 1670 838 1713 CADVOIS.

235 1773 258 1834 1.
282 1770 377 1845 ¹0uod
394 1775 454 1848 quis
469 1773 519 1829 sibi
538 1780 699 1829 testamento
720 1772 859 1842 relictum,
878 1773 915 1828 ita
930 1780 961 1828 ut
975 1773 1035 1831 iure
1053 1777 1124 1834 ciuili

149 1877 268 1935 ,capere
284 1861 387 1933 possit,
408 1857 494 1930 aitqua
510 1871 636 1913 excausa
657 1873 711 1913 non
727 1858 844 1929 ceperit,
865 1856 993 1913 caducum
1009 1854 1125 1935 appella·

174 1952 234 2013 tur,
262 1942 362 2000 'tteiuti
372 1934 396 1975 ¹⁰
423 1939 553 1996 ceciderit
580 1938 681 1995 abeo:
705 1939 780 1996 uerbi
803 1942 886 2012 gratis
909 1942 931 1995 si
954 1941 1051 2007 caeFibi
1081 1944 1126 2001 uel

173 2025 266 2084 Latino
282 2026 391 2081 iuniano
407 2023 524 2095 legatum
541 2022 633 2095 inerit,
654 2039 703 2081 nec
719 2025 789 2079 intra
805 2023 863 2079 dies
878 2031 985 2079 centum
999 2027 1043 2083 uel
1059 2044 1125 2084 coe·

173 2109 230 2168 debs
246 2109 300 2182 legi
323 2108 461 2181 paruerit,
483 2105 526 2160 uei
542 2104 650 2160 Latinus
671 2109 713 2162 ius
729 2105 871 2172 Quiritium
892 2119 1052 2167 consecutus
1072 2112 1124 2179 sit3

173 2194 253 2249 autsi
269 2208 300 2247 ex
316 2197 391 2261 parte
411 2189 490 2243 heres
507 2190 625 2261 scrIptus
646 2190 689 2245 uel
711 2190 856 2263 legatarius
876 2199 938 2246 aute
958 2203 1065 2265 apertas
1086 2204 1124 2250 ta-

173 2273 249 2329 bulas
264 2271 411 2328 decesserit
427 2270 470 2327 uel
485 2266 679 2345 'peregrinus¹¹
696 2272 783 2329 iactus
800 2275 845 2331 sit.
856 2289 874 2331 n
885 2267 958 2331 *Ν
993 2273 1024 2332 2.
1042 2277 1125 2334 ttodte

173 2461 294 2510 haeserat
306 2459 364 2507 oeci
378 2458 478 2522 tamosa)
497 2458 555 2508 Vat.
571 2460 628 2508 cdd.
656 2458 709 2509 Sed
722 2461 772 2512 oiri.
787 2461 825 2508 tit.
842 2470 874 2510 ts.
889 2466 914 2508 et
928 2458 982 2508 FiI.
994 2476 1022 2523 p.
1038 2472 1086 2512 sto.

177 2528 197 2595 ¹)
211 2528 330 2580 tenebitur
348 2528 407 2578 Vat.
418 2529 475 2579 edd,
524 2526 544 2595 ¹)
559 2529 713 2579 Emendaoit
722 2530 885 2587 Perizonius,
900 2536 927 2577 ut
940 2532 974 2578 sit
988 2545 1004 2577 o
1018 2531 1125 2582 Persice

173 2615 224 2652 cas.
240 2616 264 2650 a.
280 2611 314 2651 tt.
333 2600 470 2662 pcruiciuuo
495 2599 553 2649 Vat.
573 2601 630 2650 edd.
661 2600 775 2650 Ceterum
793 2601 827 2662 cs.
847 2599 878 2647 L.
898 2611 931 2649 at.
957 2600 982 2648 C.
1002 2601 1036 2650 dc
1054 2609 1123 2665 nupt.

174 2670 205 2736 (t,
213 2670 246 2736 t).
294 2666 314 2734 ¹)
333 2670 417 2720 Nouae
431 2673 459 2732 §i
472 2673 580 2735 sipnurn,
595 2671 663 2735 quad
672 2671 785 2720 editores
795 2677 938 2733 posuerunt
950 2678 1010 2732 pest
1020 2672 1125 2721 duxisset

174 2756 282 2799 uxorem,
297 2756 348 2791 non
362 2742 592 2791 animadvertentes
605 2742 717 2798 scilicet,
739 2748 798 2790 ante
812 2742 897 2790 omnio
911 2748 982 2788 aetus
996 2749 1020 2789 et
1036 2757 1124 2792 nouum

174 2813 215 2861 ius
228 2812 261 2861 ad
274 2811 384 2874 Ulpiano
398 2813 522 2869 discerni,
536 2812 585 2860 duc
599 2813 729 2860 transtuli.
749 2811 788 2858 Dc
798 2825 827 2859 re
836 2811 871 2872 cs.
879 2808 982 2860 Sueten.
994 2811 1082 2862 Claud.
1091 2823 1123 2863 aa.

174 2880 196 2948 ¹)
210 2883 336 2931 habebitur
355 2881 412 2930 Vat.
427 2882 484 2931 edd.
550 2878 571 2946 ¹)
588 2881 744 2930 demiranda
759 2882 867 2929 restitui.
897 2880 934 2928 De
949 2896 978 2928 re
993 2883 1028 2943 cs.
1044 2881 1075 2930 L.
1091 2893 1122 2933 rt.

175 2953 200 3002 0.
216 2954 248 3002 de
262 2955 332 3017 lepit.
347 2952 400 3001 iter.
417 2951 447 3016 (o,
458 2950 502 3016 ds).
555 2948 576 3016 ⁶)
593 2951 714 2999 Correma't
725 2951 843 2999 Perizon.
859 2951 984 2999 caluitiano
999 2952 1080 3013 (utto,
1090 2963 1122 3002 ts.

172 3023 308 3088 pecatiauo)
328 3022 385 3070 Vat.
401 3022 458 3070 edd.
525 3018 628 3084 ¹)dotes
648 3021 705 3069 Vat⁴
722 3020 766 3085 (et)
781 3020 849 3069 dotes
863 3022 901 3069 ed.
917 3020 965 3084 Bp.
992 3021 1050 3070 Vid.
1067 3020 1122 3070 att.

169 3107 197 3155 p.
208 3102 255 3142 uta.
308 3087 328 3153 ⁸)
346 3090 425 3151 Quam
439 3093 538 3153 alioqui
551 3092 641 3140 mortis
655 3105 733 3140 carisa
745 3099 823 3153 pater
837 3092 876 3139 uel
890 3092 931 3139 uir
941 3091 1072 3153 capiebat;
1088 3091 1122 3154 cf.

172 3176 253 3223 supra
268 3174 289 3221 a,
303 3173 324 3211 t.
351 3161 441 3224 Itaque
455 3176 523 3209 nnnc
537 3176 572 3209 ex
585 3167 732 3211 testamento
746 3163 782 3210 ad
791 3168 890 3223 patres,
905 3168 1017 3209 ceterum
1031 3162 1066 3211 ad
1075 3175 1125 3225 pu·

168 3233 259 3294 putum
270 3230 424 3293 pertinebat.
485 3227 506 3292 ⁹)
522 3230 560 3293 Cf.
575 3230 648 3292 infra
662 3242 696 3289 aa,
711 3242 730 3282 a.
746 3244 779 3288 ro,
795 3244 827 3281 rr.
842 3241 876 3287 ee,
890 3241 911 3279 e.
926 3243 946 3282 s.
969 3230 1026 3280 Gai.
1041 3244 1062 3291 e,
1077 3242 1123 3283 ιιι.

173 3311 221 3351 tu.
235 3311 281 3351 tuo.
304 3300 346 3347 Fr.
362 3300 393 3348 de
404 3302 420 3348 i.
433 3301 493 3363 pisci
505 3313 525 3351 s.
542 3299 573 3348 L.
586 3317 626 3349 un.
643 3303 665 3362 ξ.
676 3312 697 3352 5.
714 3300 739 3350 0.
754 3302 786 3350 de
800 3302 890 3351 eaduc.
902 3298 987 3365 (mot).
1040 3299 1072 3366 ¹⁰)
1083 3301 1124 3350 An

172 3370 238 3419 uelut
252 3386 275 3433 q.
290 3369 392 3433 (quodii
458 3367 490 3435 ¹¹)
505 3385 605 3433 pereger·
619 3370 729 3436 (facturn
739 3379 805 3434 puta
819 3387 854 3419 ea·
868 3378 928 3420 nota
942 3371 1046 3436 perege.)
1067 3371 1123 3420 Vct.

172 3441 212 3489 ed.
223 3439 271 3504 Bp.
323 3436 356 3503 ¹¹)
373 3438 429 3489 Non
441 3448 524 3501 pateat
538 3441 662 3504 Ulpianus
676 3456 727 3491 non
741 3442 848 3502 dixisse,
864 3442 926 3505 quid
939 3444 983 3489 lea:
994 3442 1079 3504 Papia
1094 3441 1125 3491 de

173 3511 280 3560 caducis
299 3511 406 3560 caverit.
441 3510 475 3559 Et
493 3511 536 3561 iiic
554 3518 651 3560 tanturn
672 3512 802 3562 caecidisse
822 3503 1035 3577 dporoae'ieusou
1051 3517 1124 3575 puto,

173 3582 240 3630 uelut
254 3580 346 3630 hocce:
362 3576 479 3630 ‘Caduca
494 3583 551 3631 iure
565 3584 671 3646 antiqua
686 3583 786 3646 quiden
800 3583 835 3630 ad
848 3581 986 3632 coheredes
1000 3583 1039 3631 oei
1049 3582 1124 3631 coiis-

170 3652 290 3716 patarr'os
307 3651 472 3714 pertinebant
489 3654 547 3702 iure
566 3653 745 3710 accrescendi,
767 3660 812 3700 aut
831 3655 915 3717 deputa
936 3654 963 3700 in
982 3652 1124 3700 hereditate

173 3720 345 3771 remanebant.
381 3721 425 3771 Ex
446 3725 501 3787 depe
521 3723 607 3786 Papia
627 3729 710 3771 autem
733 3725 861 3771 translata
881 3729 941 3771 suni
962 3723 997 3770 ad
1018 3721 1125 3771 heredes

169 3798 261 3854 patres
275 3795 314 3841 uei
328 3795 469 3857 {spatarios
483 3800 576 3856 patres
594 3800 664 3842 certo
682 3793 775 3841 ordine
793 3795 820 3840 in
839 3792 947 3841 caducis
961 3790 1125 3842 vindicandis

173 3864 323 3921 constituto,
339 3871 366 3913 ut
379 3865 403 3912 si
416 3864 490 3912 lieres
504 3863 544 3912 oei
558 3864 700 3928 legatarius
714 3870 793 3926 pater
808 3878 858 3913 non
873 3869 938 3911 esset
951 3865 989 3911 oei
1004 3878 1055 3913 non
1069 3863 1123 3912 oin-
