2378 4386
61 39 1163 301 u

446 572 481 608 nx
497 572 581 609 nero
598 571 720 610 amomo.
826 563 830 570 ’
1001 553 1058 617 727

108 705 180 778 legis
196 704 273 760 istius
287 703 413 760 cautione
427 711 570 773 currente,
591 709 622 758 ut
636 702 739 759 etiamsi
760 693 936 759 'subseeiua1
958 700 1013 773 nel,
1035 708 1065 757 ut

113 789 198 861 uolgo
215 790 298 850 aiunt,
314 802 420 843 scamna
436 786 596 852 tundantur,
613 785 709 842 borum
725 777 902 842 uendendae²
916 787 1065 860 proprieta-

111 875 146 929 tis
162 870 285 946 probatio
300 870 473 944 conpleatur.
496 865 547 943 (6.)
565 869 631 926 liinc
647 871 745 927 etenim
758 870 846 943 iurgia
859 869 941 926 multa
952 885 1065 925 nascun-

112 965 167 1027 tur,
183 955 245 1012 bino
260 954 433 1029 proprietatis
448 955 507 1009 lura
523 960 697 1022 temerantur,
719 954 781 1009 binc
795 952 920 1009 dominiis
937 953 1065 1010 uetustis·

113 1041 187 1095 simis
210 1038 332 1094 molestia
353 1044 527 1110 conparatur,
550 1051 611 1093 curn
625 1038 752 1092 caecitate
773 1053 963 1111 praepropera,
985 1045 1013 1094 et
1027 1037 1067 1092 rei

112 1123 291 1196 inquisitione
305 1119 440 1193 neglecta,
462 1121 523 1176 luce
545 1121 666 1174 ueritatis
688 1121 795 1190 omissa,
817 1136 868 1176 nec
887 1122 1067 1194 perpetuitate

112 1209 230 1280 cogitata
241 1206 362 1273 dominii,
377 1205 443 1259 luris
455 1205 560 1258 ratione
575 1204 736 1275 postposita,
753 1202 785 1257 ad
797 1204 835 1259 rel
848 1206 1066 1276 conparationem

113 1290 256 1360 accedunt,
272 1290 377 1345 omissis
393 1280 482 1359 'iltis)³
497 1284 632 1352 omnibus,
647 1284 820 1341 dissimulatis
832 1296 913 1358 atqne
925 1287 1066 1360 neglectis,

113 1374 139 1430 id
156 1381 303 1446 properant
317 1379 397 1444 atque
412 1370 551 1434 lestinant,
569 1378 597 1423 ut
612 1384 722 1440 quoquo
737 1369 818 1424 modo
831 1369 960 1425 cuniculis
976 1370 1066 1425 nescio

114 1455 211 1529 quibus
230 1456 301 1510 inter
322 1461 471 1525 emptorem
486 1461 514 1507 et
536 1451 704 1508 uenditorem
720 1452 860 1507 sollemnia
880 1451 1066 1508 celebrentur:

113 1556 175 1596 cum
191 1538 273 1609 longe
288 1537 324 1591 sit
339 1535 445 1608 melius,
461 1536 541 1592 sicuti
552 1535 677 1606 diximus,
694 1544 725 1590 nt
738 1529 822 1592 'luce‘
838 1537 967 1598 ueritatis.
981 1528 1068 1592 ’lidei⁵

115 1622 288 1688 testimonio,
315 1617 422 1693 publica
444 1635 528 1693 uoce,
556 1617 809 1675 subclamationibus
836 1620 928 1693 populi
952 1620 1067 1676 idoneus

114 1703 241 1759 uenditor
262 1702 435 1776 inprobetur,
458 1719 513 1777 quo
534 1705 573 1759 sic
596 1702 658 1759 lelin
673 1712 835 1777 conparatur
856 1712 936 1777 atque
955 1719 1067 1761 securus

113 1802 182 1843 aeuo
197 1786 327 1842 diuturno
342 1789 479 1860 persistat.
521 1787 593 1860 quod
615 1803 665 1860 pro
681 1788 772 1860 quiete
788 1789 872 1843 totius
888 1789 1067 1844 successionis

115 1870 278 1942 eloquimur,
300 1885 335 1926 ne
351 1869 433 1938 lortc,
454 1865 554 1944 (eum)⁸
567 1870 663 1943 allqols
678 1870 805 1927 uenditor
818 1887 897 1927 suurn
912 1887 972 1927 esse
987 1871 1067 1942 dicat,

114 1953 189 2027 quod
204 1968 264 2009 esse
278 1961 386 2010 constat
405 1953 537 2025 alienum,
559 1947 618 2010 ’lta⁷
640 1963 809 2028 conparator,
832 1955 902 2010 malo
925 1944 1080 2011 uenditore¹

113 2037 244 2110 deterior,
259 2038 382 2094 incautus
394 2044 422 2093 et
432 2037 568 2101 credulus,
584 2053 645 2094 com
656 2036 861 2095 testificantlbns
873 2040 967 2096 ulclnls
979 2040 1066 2095 omnia

113 2120 210 2176 debeat
236 2136 383 2195 quaerere,
411 2120 443 2177 ab
470 2123 659 2177 uniuersorum
686 2122 874 2195 disquisitione
902 2122 1065 2192 dissimulet,

114 2197 219 2276 ’quems
240 2206 280 2260 sle
295 2213 420 2278 oporteat
434 2220 528 2279 agere,
550 2213 581 2261 ut
601 2221 650 2262 nec
663 2205 730 2261 lllnd
745 2205 841 2263 debeat
855 2207 971 2281 requiri,
994 2205 1067 2279 qnod

115 2304 147 2344 er
162 2290 221 2343 iure
236 2287 335 2345 dicitur
357 2285 391 2344 ‘sl
407 2304 422 2344 a
436 2287 545 2344 domino
558 2304 602 2345 res
618 2289 727 2346 uendlta
740 2285 822 2348 sit’⁹
864 2283 925 2369 (7.)
947 2291 985 2346 lta
1000 2305 1067 2365 ergo

115 2370 302 2428 uendltlonum
317 2372 437 2428 omnlom
451 2381 494 2429 est
515 2372 652 2428 tractanda
674 2373 855 2446 sollemnitas,
879 2383 908 2431 ut
928 2373 1008 2431 lallan
1022 2374 1068 2431 llla

113 2463 143 2511 ct
157 2454 328 2511 frandulenta
351 2455 471 2512 uenditlo
493 2457 616 2529 paenitus
637 2457 743 2529 sepulta
762 2457 899 2531 depereat.
943 2457 991 2514 (lul
1013 2457 1067 2532 legi

114 2538 243 2614 deinceps
258 2540 348 2596 concil
362 2555 457 2614 parere
472 2537 621 2609 debebunt,
644 2548 675 2595 nt
697 2542 785 2596 omnia
807 2540 931 2615 dlligentl
953 2542 1067 2599 circum·

116 2624 254 2696 spectione
270 2625 391 2696 quaesita
407 2638 456 2697 per
471 2623 611 2678 onlnersas
627 2624 814 2679 successiones
836 2632 896 2679 toto
911 2624 1066 2693 decurrant,

116 2715 204 2778 neque
226 2706 344 2780 aliquem
366 2723 397 2762 ex
419 2705 626 2780 improuidentia
653 2722 745 2763 casum
765 2705 896 2780 malignae
921 2705 1066 2780 'captionis

115 2785 317 2850 horrescant.¹⁰
359 2792 416 2846 bat.
432 2789 483 2844 llll.
500 2789 553 2846 lral.
569 2789 632 2863 Sep.
654 2789 678 2844 'a
694 2789 742 2845 Pl'.
758 2784 816 2847 P.¹¹
837 2790 869 2847 ad
886 2798 1066 2848 correctorem

115 2923 327 2931 ——-——

190 2988 210 3056 ¹)
224 2993 241 3040 ἰ.
256 3006 278 3043 e.
295 2988 407 3042 ‘steriles
420 2989 502 3056 epri'.
532 2993 570 3055 Cf.
586 2993 627 3041 Du
639 2992 725 3058 Cunpe
737 3007 759 3042 a.
774 3008 796 3045 e,
811 2993 923 3043 subsellia
940 2994 997 3044 Vnt.
1008 2995 1065 3045 edd.

115 3059 169 3111 Sed
180 3068 278 3111 tanturn
292 3062 323 3111 de
337 3065 388 3112 noti
400 3063 478 3113 rebus
492 3065 567 3127 impp.
583 3070 681 3112 canent.
733 3059 755 3121 'l
768 3063 944 3114 hostendendae
964 3065 992 3113 V
991 3062 1012 3114 ⁴.
1027 3065 1066 3114 ed.
1142 3098 1146 3104 <

117 3132 230 3182 Metuens.
242 3147 293 3195 pro
307 3133 498 3183 bor'nendendae
508 3141 581 3197 puto.
609 3134 769 3184 ostendendae
784 3134 841 3184 edd.
857 3149 926 3184 mene
941 3148 960 3187 1.
975 3148 996 3187 a.

116 3199 312 3268 ³)Gerninando
329 3206 452 3266 supplevi.
485 3206 531 3254 aed
548 3211 573 3253 et
591 3206 675 3254 malim
694 3204 777 3272 e'(um)
797 3205 876 3254 missis
892 3221 943 3270 pro
962 3206 1066 3256 omissis.

116 3268 138 3336 ⁴)
154 3273 230 3322 lucem
249 3273 307 3322 Vnt.
322 3275 361 3322 ed.
377 3274 470 3324 Heliae.
522 3272 544 3338 ⁶)
559 3275 648 3325 Malim
663 3276 734 3325 tideli.
789 3272 902 3341 ⁵)Nrtnc
915 3278 1032 3341 supplevi
1045 3280 1066 3325 c'

111 3349 172 3405 port
186 3343 267 3391 lert-e.
320 3341 341 3408 7)
360 3344 418 3393 Vat.
434 3346 508 3409 idque
519 3346 632 3396 Momma.
648 3346 781 3411 editaque
795 3346 852 3396 edd.
863 3363 932 3397 meae
942 3360 962 3399 1.
973 3359 992 3400 n.
1009 3347 1067 3398 alie·

116 3427 179 3461 num,
208 3412 242 3461 lta
257 3415 442 3479 interpunpunt
455 3417 512 3464 edd.
591 3415 613 3480 ⁸)
633 3417 660 3464 V
661 3417 680 3465 ἆ.
695 3418 734 3466 ed.
750 3417 863 3467 Momm.
878 3419 989 3481 quonlam
1009 3418 1066 3469 Vnt.

115 3491 217 3532 ceterae
231 3484 290 3532 edd.
337 3480 358 3548 ⁹)
371 3482 426 3543 Qun
436 3487 590 3550 allepntione
600 3488 768 3537 aduersarius
776 3489 854 3550 empti
863 3489 937 3539 tituto
947 3489 1067 3552 conflatam

115 3560 227 3602 actorem
236 3554 374 3603 dominium
384 3557 500 3604 auctoris
510 3555 625 3617 probare
635 3557 747 3621 cepebnt.
794 3554 826 3622 ¹⁰)
836 3560 959 3622 captiones
968 3563 1068 3609 oriennt

121 3622 148 3670 V
148 3620 168 3671 ⁴.
188 3624 305 3686 captionis
324 3631 448 3673 orreseant
465 3625 504 3673 ed,
520 3625 633 3675 Monens.
653 3627 774 3688 captiones
793 3626 895 3677 obruant
912 3629 952 3678 ed.
972 3629 1065 3680 Holtw.

118 3691 151 3756 ¹¹)
165 3695 220 3756 apli.
241 3693 299 3743 Vnt.
325 3693 402 3742 Recte
416 3695 602 3756 interpretator
612 3693 715 3753 Hellen,
729 3696 778 3746 boc
791 3700 992 3760 exemplarem
1005 3713 1066 3749 eon·

115 3765 258 3813 stitutionis
276 3779 289 3812 a
305 3763 436 3812 Prael'eeto
452 3764 573 3812 Praetorio
588 3764 704 3827 (Aquileia
723 3766 772 3814 illl.
792 3766 838 3814 ltal.
859 3766 935 3833 Sept.)
955 3768 991 3817 aet
1008 3783 1066 3818 cor·

115 3841 240 3883 reetorem
256 3833 350 3882 Piceni
363 3835 539 3883 transmissum
558 3833 592 3898 (et
606 3833 638 3882 ab
653 3849 683 3884 eo
698 3835 768 3883 llllll.
784 3836 830 3884 tat.
845 3836 897 3885 Oct.
913 3838 983 3886 Albae
997 3851 1067 3886 acee-

116 3900 200 3966 ptum).
228 3903 268 3951 De
281 3902 472 3965 rubecriptione
486 3902 518 3951 L.
529 3913 549 3953 n.
570 3903 613 3952 ln.
630 3903 655 3952 C.
672 3911 722 3955 not.
733 3915 745 3955 t
756 3920 784 3968 p.
795 3920 838 3967 pr.
854 3907 897 3955 cit.
908 3906 942 3968 ef.
959 3905 1066 3955 Wenelr.
