2378 4386
119 524 183 590 334
401 539 459 575 om
476 538 577 574 ruurrr.
595 518 645 575 ΙΙΙ.
665 525 806 575 tet-196.

120 681 267 760 prohibet,
289 682 313 737 is
336 689 364 736 et
385 680 488 737 nudum
503 696 633 755 quaerere
655 680 848 755 prohibiturus
864 689 922 751 est,
945 695 978 735 eo
1002 681 1087 755 tnagis

122 766 195 842 quod
212 767 248 822 ita
263 766 390 838 quaesita
404 763 445 821 ’re
460 756 528 843 (ει)Ι
553 768 663 821 inuenta
686 767 780 821 maiori
800 780 904 839 poenae
926 763 1086 822 subiciatur.

122 850 220 909 delude
236 849 310 924 quod
325 849 429 906 lancem
445 851 504 906 siue
525 849 587 906 ideo
604 849 713 906 ’habere
736 844 891 920 iubeatur‚²
913 859 944 905 ut
965 849 1087 906 manibus

120 927 290 1008 'occupatis³
301 933 368 990 nihil
379 932 542 1004 subiciatur,
554 936 614 990 siue
625 934 697 1003 idco,
711 943 740 989 ut
750 934 823 1008 quod
835 935 981 1007 inuenerit,
994 933 1031 990 ibi
1041 935 1089 990 im·

123 1028 218 1095 ponat,
232 1027 360 1075 neutrum
375 1034 470 1075 eorum
487 1018 621 1093 procedit,
636 1018 659 1073 si
675 1019 712 1089 iel,
733 1018 807 1091 quoti
822 1009 1015 1096 (qrruebatur,
1031 1022 1089 1075 eius

124 1103 318 1179 magnitudinis
333 1112 379 1159 aut
394 1110 506 1159 naturae
522 1104 567 1173 rit,
587 1111 617 1158 ut
633 1119 722 1176 neque
737 1102 821 1159 subici
839 1119 927 1176 neque
942 1103 979 1158 ibi
994 1105 1088 1177 inponi

123 1189 222 1264 possit.
254 1194 328 1245 certe
343 1203 398 1243 uon
413 1186 562 1258 dubitatur,
578 1187 775 1261 cuiuscumque
787 1189 914 1243 materiae
925 1189 960 1243 sit
972 1205 1002 1244 ea
1017 1188 1088 1253 lanx,

123 1275 191 1331 sutis
206 1272 262 1346 legi
278 1270 348 1330 lieri.
378 1267 445 1328 194.
460 1271 578 1346 Propter
594 1272 647 1328 hoc
663 1280 763 1344 temen,
779 1273 851 1345 quoti
867 1272 910 1328 lex
921 1288 953 1328 ex
965 1289 995 1329 ea
1012 1288 1090 1328 cause

123 1358 296 1414 menifestum
325 1356 428 1412 lurtum
452 1372 512 1412 esse
534 1355 624 1425 iubet,
646 1366 728 1428 suut,
756 1359 803 1430 qui
825 1355 964 1426 scribunt,
988 1358 1089 1413 lurtum

124 1442 295 1499 manifestum
317 1450 364 1497 aut
386 1441 448 1515 lege
469 1433 653 1519 '(r‘nteilepr‘)⁴
675 1450 721 1497 aut
737 1451 846 1515 nature;
872 1441 933 1515 lege
949 1442 1089 1516 idipsum,

124 1526 158 1583 de
177 1543 233 1601 quo
254 1525 405 1599 loquimur;
427 1535 523 1582 natura
539 1525 617 1597 illud,
638 1526 672 1581 de
692 1542 747 1599 quo
763 1528 889 1600 superius
905 1529 1088 1600 exposuimus.

123 1611 172 1667 sed
193 1611 285 1667 uerius
307 1620 364 1682 est,
387 1618 484 1666 natura
507 1619 609 1666 tantum
632 1610 803 1666 nranilesturu
826 1610 928 1666 lurtum
950 1611 1089 1684 intellegi3

124 1710 214 1768 neque
230 1696 300 1751 enim
316 1695 358 1753 lex
379 1694 469 1750 lacere
492 1701 598 1768 potest,
623 1703 653 1750 ut
676 1696 722 1767 qui
739 1694 898 1751 manifestus
916 1696 958 1750 lur
975 1698 1089 1766 nonsit,

125 1779 286 1837 manifestus
298 1781 342 1850 sit,
360 1795 414 1835 nou
427 1780 512 1852 magis
527 1795 606 1850 quam
619 1780 664 1850 qul
677 1781 786 1836 omuino
800 1780 843 1835 lur
856 1795 910 1834 non
925 1782 972 1849 sit,
989 1780 1090 1849 sursit,

57 1869 115 1919 179.
126 1874 155 1920 et
169 1866 216 1937 qui
231 1863 336 1920 adulter
351 1871 398 1919 rut
414 1862 545 1919 bouticida
561 1879 615 1918 non
632 1865 677 1931 sit,
693 1863 800 1920 adulter
812 1864 855 1919 uel
872 1856 877 1940 Ι
893 1864 1027 1919 homicida
1039 1867 1088 1928 sit;

127 1957 154 2004 at
169 1948 240 2006 illud
252 1964 317 2004 sane
332 1947 375 2005 lex
391 1947 478 2003 lacere
493 1955 595 2020 potest,
612 1957 642 2002 ut
657 1948 772 2021 proinde
788 1948 884 2021 aliquis
900 1964 987 2020 poena
1000 1956 1091 2004 terrea·

127 2041 182 2103 tur,
198 2042 280 2106 atque
294 2034 316 2088 si
334 2033 436 2088 lurtum
450 2030 493 2086 uel
504 2030 665 2088 adulterium
678 2032 722 2089 uel
736 2031 909 2088 homicidium
925 2031 1090 2101 attribuisset,

126 2119 250 2191 quamuis
265 2115 332 2172 nibil
347 2132 441 2173 eorum
457 2115 606 2173 admiserit.

190 2199 256 2259 195.
280 2199 393 2257 Furtum
416 2208 506 2256 autem
529 2198 559 2256 bt
574 2217 629 2257 nou
643 2199 733 2256 solum
748 2216 809 2256 cum
825 2200 886 2273 quis
902 2198 1091 2272 intercipiendi

126 2301 204 2342 causa
221 2301 277 2340 rem
293 2286 405 2341 alienum
421 2294 541 2356 mouet,
564 2294 607 2342 cet
622 2285 786 2358 generaliter
800 2301 862 2341 cum
878 2285 1012 2357 quierem
1029 2284 1092 2341 alie·

126 2383 186 2424 uam
201 2370 288 2425 inuito
304 2369 415 2426 ‹lomino
432 2377 592 2430 contrectat.
629 2365 695 2426 199.
712 2369 804 2443 ltaque
822 2370 844 2424 si
869 2370 929 2442 quis
953 2384 997 2436 re,
1022 2385 1091 2441 quae

125 2455 201 2526 apud
213 2468 274 2508 eum
290 2454 416 2527 deposita
430 2456 483 2527 sit,
507 2463 612 2524 utatur,
637 2453 739 2511 lurtum
762 2455 924 2521 committit3
948 2455 1014 2508 etsi
1031 2455 1091 2527 quis

126 2538 252 2594 utentium
275 2556 331 2596 rem
353 2541 503 2615 acceperit,
526 2556 640 2613 eamque
661 2540 688 2594 in
711 2539 791 2594 alium
815 2555 894 2594 usum
911 2537 1091 2607 transtulerit,

126 2621 192 2679 lurtl
215 2622 366 2699 obligatur,
390 2624 475 2682 ueluti
499 2625 522 2680 si
544 2625 605 2698 quis
627 2631 770 2698 argeutum
795 2623 924 2679 utendum
947 2623 1091 2696 acceperit,

128 2774 220 2827 Grircb.
245 2785 328 2835 recte,
353 2779 468 2842 quamuis
488 2783 563 2825 notae
584 2774 610 2824 C.
629 2781 688 2823 unte
712 2774 748 2822 len
771 2781 819 2823 totu
834 2776 944 2838 proprie
968 2788 1028 2837 quae
1052 2786 1090 2822 res

125 2848 281 2911 sipniflcent.
304 2863 365 2911 quae
386 2863 424 2897 res
445 2844 493 2914 [lert
513 2842 574 2912 tote]
594 2846 733 2894 seeundum
749 2845 934 2894 Polenuurr'um
948 2845 987 2894 ed.
1003 2843 1052 2892 Kr.
1069 2853 1089 2892 2.

126 2920 205 2971 rnule:
225 2933 283 2966 num
302 2933 333 2967 en
352 2933 395 2968 res
413 2915 522 2983 (licium)
542 2916 643 2979 quidem
662 2918 771 2965 inarime
791 2931 825 2965 ex
844 2918 890 2965 itta
910 2917 1012 2965 veriore
1033 2929 1090 2963 sen·

126 2989 207 3036 tentio
226 2989 326 3036 minime
345 2995 403 3038 erut
422 2988 550 3043 ridicula,
569 2987 616 3034 teri
633 2988 689 3044 lere,
709 2993 734 3035 et
753 2995 806 3037 totu
824 2988 924 3050 quidum
938 2986 998 3050 (tam
1009 2998 1089 3047 prae·

127 3065 199 3119 cepto
215 3072 289 3120 quum
303 3058 461 3122 sanctione),
481 3072 546 3121 quoe
565 3055 611 3120 (erc
626 3059 784 3119 posterioris
797 3060 856 3106 uerri
869 3056 981 3108 moribus
994 3062 1018 3104 et
1031 3068 1088 3103 ren·

126 3126 217 3191 tentia)
233 3128 302 3191 quod
312 3128 452 3191 probibere
467 3126 574 3183 uolebat,
589 3126 693 3176 iuuabat
708 3129 794 3192 itaque
803 3131 920 3179 renerius
933 3123 1089 3177 vindicabat.

129 3193 149 3263 ¹)
164 3212 176 3246 r
191 3204 280 3247 notata
292 3198 317 3247 C.
330 3220 363 3240 =
374 3214 422 3260 res,
436 3199 585 3260 utforturre
595 3197 722 3248 librarius
735 3200 761 3247 iu
772 3200 829 3248 cod.
840 3215 911 3264 quem
921 3196 1091 3253 describebat,

126 3282 165 3317 res
176 3283 229 3332 pro
245 3275 281 3316 ret
296 3290 329 3310 ε-
344 3284 370 3318 re
381 3276 404 3317 el
414 3270 507 3334 lepisee
516 3275 540 3316 et
550 3275 653 3318 notasse
666 3269 793 3318 uideatur.
814 3285 853 3319 res
868 3271 1012 3319 ccidebant
1022 3282 1090 3317 mene

126 3351 177 3390 1.1.
198 3354 224 3388 re
235 3342 267 3402 ej.
279 3340 337 3389 ud.
348 3340 453 3390 IIoeuen
465 3342 480 3388 l.
492 3356 514 3388 e.
567 3334 587 3404 1)
603 3339 648 3388 Em
659 3340 748 3390 Pelen.
760 3341 799 3391 ed.
810 3341 892 3389 heberi
904 3341 983 3389 iubent
995 3340 1021 3391 C.
1031 3338 1090 3388 edd.

128 3405 150 3475 ⁸)
164 3409 209 3460 Sic
224 3418 294 3460 reete
303 3410 343 3458 eri.
356 3411 445 3462 Polen.
456 3411 595 3472 occupantis
607 3410 632 3459 C.
652 3412 699 3459 red
708 3412 801 3460 deinde
807 3427 858 3475 pro
869 3412 972 3460 subiciat
988 3410 1014 3460 C.
1034 3410 1091 3459 sub·

127 3480 217 3529 icietur
234 3481 292 3530 edd.
312 3483 417 3530 retinui.
478 3480 500 3548 ⁴)
520 3481 578 3530 Hor
597 3483 652 3531 loeo
668 3490 728 3544 post
742 3490 795 3530 riu-t
815 3482 865 3543 lege
882 3482 993 3544 facilius
1009 3481 1091 3531 omitti

121 3553 208 3614 potuit
229 3552 309 3613 trient,
329 3568 403 3617 quarn
417 3569 467 3617 quo
481 3554 538 3603 edd.
554 3552 590 3619 (et
609 3567 663 3601 mea
681 3551 704 3618 1)
724 3556 907 3616 suppleverunt
921 3560 983 3615 post
1000 3560 1091 3600 nutura.

196 3679 223 3750 ξ.
242 3686 299 3734 194.
320 3685 359 3748 Cf.
376 3685 406 3734 l..
417 3696 437 3734 1.
453 3687 476 3747 5.
488 3697 508 3735 1,
527 3685 559 3733 D.
575 3686 607 3734 rie
623 3685 707 3747 ucufr.
723 3700 777 3734 eur.
794 3700 845 3733 rer.
856 3684 888 3748 (t,
899 3683 930 3747 u).
987 3680 1012 3752 §
1031 3685 1089 3734 195.

125 3755 198 3815 ng.
213 3766 234 3805 o.
253 3754 315 3808 Lu.
331 3763 348 3805 r.
364 3754 396 3823 (1,
412 3756 442 3821 r).
464 3757 502 3819 Cf.
518 3756 589 3819 Epir.
604 3767 624 3816 e,
640 3768 673 3806 ro.
693 3757 717 3817 §-
730 3769 750 3806 e.
773 3756 928 3815 Pantuer.
944 3757 967 3816 ἓ.
984 3769 1003 3807 a.
1026 3754 1089 3803 Geli.

125 3838 159 3887 ιι,
174 3837 207 3877 re.
272 3823 297 3895 ξ.
316 3829 374 3878 196.
396 3828 434 3891 Cf.
449 3830 473 3890 ς.
488 3840 509 3879 o.
529 3827 551 3876 I.
567 3829 610 3877 cit.
626 3826 695 3889 Epr't.
706 3837 728 3888 s,
744 3839 776 3877 to.
796 3829 835 3888 ἐξ.
850 3840 871 3877 r.
886 3837 907 3876 o.
929 3826 1004 3874 l’uut.
1021 3837 1041 3887 e,
1056 3837 1089 3875 m.

125 3899 148 3960 5.
163 3908 197 3949 19.
221 3897 284 3950 Geli.
300 3911 320 3962 t,
336 3910 368 3951 15.
394 3898 452 3949 Vol.
469 3899 543 3949 rilrrx.
559 3911 580 3961 s,
595 3910 616 3961 2,
631 3910 651 3947 1.
