2378 4386
402 530 527 568 vonvsivs
545 531 693 569 usmarus
712 519 823 568 tn-tu.
1019 514 1082 580 417

136 663 248 734 septima
263 659 364 717 decima
378 659 473 717 deinde
487 662 625 717 interiecta
637 662 744 717 nomine
755 670 872 735 notaque
884 670 967 720 caret.
989 671 1086 720 octaua

135 745 237 804 decium
259 743 400 806 uocabitur
427 747 561 801 semuncia
583 745 702 800 sextula:
730 761 789 801 nam
817 746 866 802 bae
889 745 979 802 decies
1000 748 1085 804 octies

136 827 231 884 ductae
246 845 332 885 assem
347 826 478 885 efficiunt,
518 826 570 886 42.
592 827 658 883 Post
678 829 725 884 bas
745 829 887 885 inferiores
909 839 1017 903 partes,
1040 846 1085 887 ex-

137 919 214 985 eepla
239 914 388 982 semuncia,
418 912 520 968 duabus
542 912 668 981 sextulis,
689 911 806 978 sicilico,
832 913 953 984 sextula,
978 913 1085 970 dimidia

136 995 250 1068 sestula,
266 996 409 1069 scriptule,
424 1011 512 1069 neque
529 994 657 1050 uocabula
668 998 775 1068 propria
787 1012 876 1070 neque
886 1005 965 1052 notas
976 996 1085 1054 babent.

137 1073 184 1136 43.
208 1078 368 1149 Centesima,
384 1094 452 1151 quae
467 1078 610 1134 'commodi
625 1089 671 1135 aut
683 1095 822 1135 usurarum
834 1074 963 1136 uomlne¹
979 1080 1011 1137 ad
1027 1097 1086 1138 sor·

137 1171 191 1218 tem
206 1163 401 1237 applicaretur,
415 1162 485 1218 'cum
501 1161 520 1215 C
535 1171 642 1217 centum
659 1156 850 1233 significaret,²
870 1164 985 1234 sicilico,
1002 1164 1028 1221 id
1044 1176 1086 1222 est

138 1245 156 1300 G
171 1262 267 1302 auerso
282 1239 425 1320 ’co(epit)³
447 1245 554 1315 notari,
577 1244 649 1317 quod
671 1244 880 1301 connectebatur
895 1246 927 1301 ad
943 1263 999 1302 eam
1014 1263 1087 1305 sum·

138 1345 221 1402 mam,
244 1332 320 1386 euius
341 1331 486 1386 centesima
509 1328 598 1383 lutura
620 1337 690 1391 erat,
715 1335 743 1384 ei
762 1330 819 1383 siue
841 1344 893 1384 una
912 1339 1086 1401 conuenerat,

138 1428 207 1470 unus
222 1414 352 1484 sicilicus,
367 1415 425 1468 siue
441 1412 543 1485 plures,
561 1419 601 1466 tot
616 1404 727 1466 sicilici⁴
742 1411 921 1484 ponebantur.

200 1493 250 1553 44,
273 1496 349 1552 Sicut
364 1503 451 1550 autem
467 1496 534 1550 assis
549 1493 692 1567 appellatio
704 1493 735 1548 ad
748 1509 838 1550 rerum
854 1495 1000 1551 solidarum
1010 1496 1087 1553 bere·

138 1579 285 1652 ditatisque
304 1580 401 1647 totius,
425 1577 523 1633 diulslo
545 1586 633 1633 autem
654 1578 711 1632 elus
732 1577 764 1633 ad
786 1579 901 1650 partium
921 1578 1087 1637 demonstra·

140 1664 241 1717 tionem
263 1663 393 1735 pertluet.
414 1662 449 1716 ita
472 1662 550 1717 etiarn
570 1660 601 1716 ad
618 1662 756 1734 pecuniam
778 1670 943 1717 numeratam
959 1663 1087 1737 retertur,

140 1761 208 1818 quae
224 1745 288 1800 olim
303 1746 330 1799 ln
346 1760 406 1800 aere
421 1753 493 1809 erat,
515 1752 608 1818 postea
624 1754 650 1800 et
666 1746 693 1800 in
708 1753 821 1818 argento
841 1744 915 1800 leciri
936 1748 1025 1821 eoepit
1039 1749 1086 1818 lta,

140 1837 169 1885 ut
185 1830 273 1884 omnis
288 1844 413 1884 nummus
427 1838 572 1901 argenteus
592 1845 624 1884 er
645 1844 756 1884 numero
778 1829 849 1884 aeris
864 1835 1026 1902 potestatem
1042 1831 1088 1888 ba·

139 1911 222 1969 beret
260 1909 307 1970 4⁶.
330 1910 367 1967 llo
382 1913 408 1967 in
431 1927 542 1968 numero
558 1923 622 1968 sunt
642 1912 668 1967 hi
685 1915 806 1986 argentei
823 1914 938 1970 nummi:
953 1913 1087 1987 denarius,

139 1999 215 2053 cuius
231 2004 271 2052 est
287 2004 350 2051 nota
361 1991 398 2067 li,
414 1997 563 2069 quinarius,
578 1998 654 2051 euius
670 2004 711 2051 est
724 2005 788 2052 nota
800 1995 830 2068 V,
846 1998 999 2069 sestertius,
1012 2000 1088 2055 culus

139 2088 202 2136 nota
218 2089 259 2137 est
276 2079 326 2140 llS.
364 2079 525 2136 victoriatus
542 2072 625 2148 euim,
642 2074 742 2152 'iperii5
757 2097 828 2136 nunc
844 2081 1000 2138 tantundem
1015 2083 1088 2140 ualet

140 2173 268 2238 quantum
283 2165 436 2238 quinarius,
462 2163 524 2219 olim
548 2171 577 2218 ut
591 2165 749 2237 peregrinus
765 2181 889 2220 nummus
904 2165 965 2222 loco
981 2169 1088 2240 mercis,

141 2254 171 2301 nt
185 2264 256 2304 nuno
271 2247 497 2304 tetradraclrmum
514 2257 542 2304 et
553 2246 689 2319 drachma,
701 2247 856 2306 habebatur.
895 2245 944 2306 46.
961 2250 1087 2308 Denarlus

140 2332 227 2403 primo
242 2347 313 2387 asses
336 2330 428 2388 decern
452 2330 567 2403 ualebat,
591 2331 661 2388 unde
676 2339 704 2389 et
719 2349 816 2388 nomon
833 2335 928 2403 traxit,
950 2337 1087 2408 quinarius

140 2413 276 2470 dimidium
299 2417 367 2486 eius,
389 2415 415 2471 id
432 2424 473 2472 est
488 2417 607 2489 quinque
622 2432 706 2489 asses,
730 2417 800 2472 uncle
814 2425 840 2473 et
856 2420 913 2491 lpse
927 2414 1088 2488 ‘uocatus;⁶

81 2509 130 2560 stt]
140 2501 280 2555 sestertius
303 2499 371 2554 duos
394 2515 467 2555 asses
489 2507 516 2554 et
537 2500 684 2569 semissem,
707 2504 782 2574 quusi
805 2503 1013 2573 semistertius,
1036 2498 1087 2575 (ot)

141 2582 239 2639 Graeca
255 2580 339 2656 figura
355 2574 481 2656 ἕβδομον
495 2574 691 2656 ἡμιτάλαντον
708 2581 782 2652 (narn
797 2600 844 2638 sen
861 2582 960 2638 talenta
976 2594 1003 2639 et
1018 2586 1090 2639 siml·

140 2667 270 2723 talentum
293 2682 326 2722 eo
349 2665 431 2723 uerbo
454 2660 619 2742 significant)
648 2659 752 2737 ’literni⁷
782 2666 822 2719 lex
845 2667 924 2719 etiam
947 2665 1089 2720 duodecim

214 2804 234 2873 ι)
249 2806 307 2857 Hoc
321 2815 358 2856 est
371 2814 416 2856 out
426 2808 549 2857 commodi
563 2808 690 2857 creditori
704 2805 784 2853 abluti
798 2805 906 2860 nomine,
919 2806 944 2852 si
954 2813 1013 2867 post
1023 2820 1091 2854 men·

142 2891 192 2926 sem
215 2877 311 2927 demum
332 2880 486 2936 solveretur,
510 2885 554 2926 out
577 2878 645 2941 qaod
664 2877 777 2939 pecunia
800 2876 826 2922 in
849 2889 956 2923 ocensem
979 2875 1091 2925 debitori

143 2947 312 2997 utendadota
327 2956 391 2997 orat.
422 2949 459 3011 Os.
477 2948 508 2996 L.
523 2959 544 2997 t.
560 2950 583 3009 5.
598 2958 618 2997 5.
647 2947 678 2994 tt.
693 2946 804 2995 deodm.
820 2959 872 2992 rer.
888 2945 923 2993 od
937 2947 984 2994 cio.
1000 2944 1044 3011 (oo,
1059 2944 1090 3013 t).

144 3013 165 3082 ¹)
184 3016 293 3083 Uterque
306 3019 390 3069 codex
403 3025 427 3067 et
441 3018 499 3067 edd.
514 3018 577 3066 laec
592 3016 668 3066 verba
682 3015 775 3065 labent
790 3018 857 3062 inter
876 3015 938 3078 quod
953 3024 977 3065 et
991 3022 1090 3067 conuer-

142 3089 241 3138 tebatur.
264 3086 318 3137 Sed
331 3096 448 3152 apparet,
462 3104 493 3137 ea
507 3088 655 3151 aliquando,
667 3103 722 3136 eum
733 3086 869 3149 applicaret
883 3089 1008 3150 scriptum
1017 3097 1090 3149 esset,

142 3167 169 3208 ot
185 3160 304 3208 similiter
323 3159 467 3208 desinentia
485 3161 589 3215 omisso,
611 3158 704 3206 deinde
722 3160 748 3206 in
763 3158 878 3222 morpine
896 3161 1026 3221 suppleta,
1042 3175 1092 3223 po·

140 3237 233 3280 ctremo
248 3230 333 3279 alieno
348 3232 403 3279 loco
418 3230 537 3278 restituta
551 3243 613 3277 erse.
666 3225 687 3293 ⁸)
701 3243 784 3277 auerso
800 3242 827 3276 eo
843 3227 873 3275 P.
894 3227 924 3277 V.
939 3229 996 3279 edd.
1011 3244 1040 3278 eo
1054 3246 1090 3279 se.

138 3315 189 3363 pro
204 3314 232 3349 co
246 3301 379 3362 scriptam,
391 3305 531 3363 posteaque
546 3300 593 3361 epit
604 3306 631 3347 nt
640 3313 715 3347 sensu
726 3313 819 3348 coreno
828 3300 953 3349 omissum.
977 3301 1089 3350 Mommr.

138 3377 197 3433 posi
212 3370 371 3434 applicaretur
380 3371 506 3433 suppleuit
517 3366 620 3436 [solebat
630 3365 706 3436 olim].
732 3368 784 3418 Sed
792 3369 834 3418 lie
845 3372 960 3419 moesiae
971 3370 1058 3427 dubio,
1067 3372 1092 3417 ei

142 3439 214 3490 binos
229 3442 379 3490 centesimae
393 3441 536 3503 exceperis,
550 3441 624 3488 etium
637 3448 726 3502 posteo
741 3441 852 3488 durarit.
903 3436 925 3504 ⁴)
944 3440 1091 3496 Videamus,

142 3525 173 3560 ne
187 3511 229 3560 liic
240 3518 351 3574 propter
365 3526 505 3560 recurrens
519 3510 584 3559 idem
599 3509 700 3559 uerbum
714 3509 843 3558 exciderit
848 3525 857 3563 ,·
876 3510 925 3557 siue
939 3524 996 3572 pars
1010 3517 1091 3558 cente·

142 3581 228 3641 simae,
249 3581 300 3629 eius
320 3583 394 3645 partis
415 3588 469 3630 nota
488 3580 594 3629 subiecta
615 3581 715 3628 sicilico.
780 3575 801 3643 ὓ)
814 3577 950 3641 Suppteoe
969 3579 1003 3642 cs.
1019 3581 1042 3640 5.
1056 3591 1091 3629 tt.

143 3646 165 3715 ⁰)
179 3657 277 3699 uocatur
293 3650 323 3700 P.
343 3651 374 3700 V.
390 3652 448 3701 edd.
513 3648 534 3716 7)
549 3657 611 3698 utet
626 3658 673 3698 tum
688 3650 818 3713 supplevi:
835 3664 871 3697 ec.
886 3649 935 3699 boc
949 3656 1060 3699 notatum
1075 3653 1092 3697 l.

143 3735 202 3770 mox
216 3722 332 3771 interiit:
347 3723 407 3771 inde
420 3723 495 3771 etium
510 3729 532 3769 ut
548 3722 665 3769 omissum
679 3729 724 3769 ert.
759 3719 885 3768 Graecum
903 3721 1044 3782 exemplum
1059 3732 1093 3766 eo:

143 3789 276 3842 Herodoto
296 3800 419 3855 sumptum
440 3807 508 3849 esse,
534 3791 658 3854 Didymus
683 3790 754 3853 apud
777 3789 908 3839 Priscian.
934 3789 965 3837 de
982 3786 1094 3849 ponder.

140 3875 167 3922 p.
183 3872 234 3912 nult
252 3861 355 3912 Putsclt.
371 3864 452 3924 docet,
467 3877 537 3926 quent
553 3861 705 3910 alloecionas
719 3859 820 3908 uidetur
834 3865 936 3908 recatus
949 3869 1011 3904 esce.

195 3956 296 3989 rvnrsen.
311 3959 392 3988 nansi.
406 3958 458 3990 nen.
477 3958 515 3989 ιε.
540 3958 562 3990 v.
845 3943 878 3991 27
