2378 4386
148 529 214 597 236
451 549 509 586 our
526 549 618 584 merra.
638 530 671 584 ΙΙ.
688 537 801 586 71-78.

148 680 185 736 ita
200 678 325 752 paulatim
342 677 443 735 llumen
459 693 525 751 agro
541 685 635 733 nostro
651 676 745 748 adicit,
762 685 792 732 ut
808 680 947 734 aestimare
969 695 1023 734 nou
1039 695 1102 752 pos·

147 763 242 836 simus,
257 768 386 833 quantum
399 777 508 833 qnoque
520 768 655 817 momento
673 762 801 833 temporis
814 760 958 817 adiciatur:
977 757 1037 834 (et)¹
1051 763 1104 820 boc

148 853 200 914 est,
216 843 290 917 quod
306 843 390 916 uolgo
406 842 519 913 dicitur,
535 858 585 917 per
599 842 763 900 alluuionem
778 844 805 899 id
820 844 887 900 adici
903 845 1006 917 uideri,
1028 846 1101 920 quod
1113 859 1173 908 [rer]

146 929 184 982 ita
199 926 325 999 paulatim
340 926 469 999 adicitur,
493 936 523 984 ut
539 927 632 984 oculos
654 933 765 984 nostros
786 927 871 984 saliat.
908 925 949 985 71.
971 931 1063 1002 itaque
1079 932 1102 987 si

148 1009 247 1066 [iumen
263 1019 366 1083 partem
382 1010 497 1084 aliquam
513 1026 546 1068 ex
560 1018 609 1067 tuo
624 1011 735 1085 praedio
750 1004 908 1069 resciderit²
923 1022 951 1068 et
966 1012 998 1068 ad
1014 1030 1102 1070 meum

95 1092 285 1167 aspicedum
300 1094 452 1168 pertulerit,
466 1095 535 1154 baec
549 1111 611 1170 pars
629 1103 674 1151 tua
687 1089 785 1172 majnet
829 1091 876 1155 72.
893 1100 927 1152 nt
937 1099 961 1153 si
976 1099 1003 1153 in
1015 1097 1103 1154 medio

147 1176 257 1234 flumine
277 1178 365 1243 insula
385 1187 446 1236 nata
466 1181 519 1250 sit,
539 1179 606 1237 baec
626 1195 721 1236 eorum
743 1180 861 1236 ninnium
886 1185 1036 1237 communis
1050 1188 1102 1252 est,

147 1261 193 1334 qui
209 1260 241 1319 ab
257 1270 373 1338 utraque
388 1271 464 1337 parte
479 1261 596 1320 litaminis
612 1279 697 1337 prope
718 1264 804 1337 ripam
824 1263 930 1337 praedio
946 1263 1102 1338 possident;

146 1347 169 1402 si
181 1361 248 1403 uero
260 1361 314 1403 nou
326 1349 362 1402 sit
372 1347 494 1405 inmedio
507 1348 627 1420 bomine,
634 1348 666 1403 ad
679 1363 725 1403 eos
737 1346 921 1422 pertinet,qui
934 1347 966 1405 ab
975 1364 1005 1404 ea
1013 1359 1101 1421 perte,

148 1445 216 1504 quae
230 1435 353 1506 proxima
368 1439 420 1500 est,
435 1433 509 1488 iuxta
524 1433 608 1505 ripam
623 1429 731 1506 praedia
746 1430 855 1488 babent.
892 1427 939 1490 73.
959 1431 1101 1488 Praeterea

146 1514 182 1586 id,
199 1514 272 1588 qnod
286 1516 314 1571 in
329 1516 389 1571 solo
404 1524 501 1573 nostro
513 1514 545 1572 ab
561 1515 651 1590 aliquo
666 1513 833 1571 aedificatum
846 1524 898 1589 est,
914 1517 1039 1590 quamuis
1053 1515 1100 1572 ilie

146 1613 197 1654 suo
212 1598 322 1655 nomine
333 1597 526 1670 aedificaberit,
541 1601 600 1657 iure
609 1599 725 1656 naturali
736 1607 861 1656 nostrum
873 1597 914 1672 iit,
930 1603 992 1674 quia
1006 1616 1101 1673 super·

147 1678 219 1738 ficies
234 1681 294 1738 solo
310 1682 389 1740 cedit.
431 1679 480 1739 74.
503 1683 642 1757 licitoque
658 1684 743 1755 magis
758 1681 786 1739 id
802 1683 897 1741 accidit
913 1693 940 1740 et
955 1686 982 1739 iu
997 1684 1102 1759 planta,

147 1780 226 1841 quam
241 1767 302 1838 quis
315 1769 344 1823 iu
358 1766 418 1824 solo
434 1775 529 1823 nostro
544 1767 683 1841 posuerit,
704 1767 728 1822 si
749 1767 830 1824 modo
852 1766 986 1825 radicibus
1002 1777 1101 1825 terram

146 1848 284 1924 complexa
300 1849 391 1907 luerit.
427 1846 472 1908 75.
492 1849 564 1906 idem
579 1849 714 1923 contingit
729 1858 756 1905 et
771 1852 799 1907 ln
810 1851 968 1924 frumento,
986 1851 1059 1927 quod
1074 1854 1102 1908 in

146 1931 207 1990 solo
223 1941 319 1990 nostro
334 1934 367 1993 ab
383 1933 474 2007 aliquo
488 1942 576 1990 satum
592 1932 682 1990 luerit.
720 1927 765 1992 76.
788 1933 840 1992 Sed
856 1938 879 1992 sl
890 1934 922 1993 ab
935 1952 966 1993 eo
979 1945 1102 2009 petamus

147 2016 261 2074 lundam
276 2017 319 2074 uel
330 2015 525 2092 aedilicium,et
535 2018 662 2090 inpensas
672 2018 699 2073 in
712 2015 861 2075 aediticium
872 2019 915 2077 uei
924 2021 951 2075 in
961 2021 1101 2076 seminaria

147 2099 192 2157 uel
206 2101 234 2158 in
247 2110 395 2159 sementem
411 2101 493 2158 lactes
509 2102 533 2157 ei
547 2101 656 2158 soluere
671 2099 798 2170 nolimus,
814 2104 916 2176 poterit
930 2118 980 2159 nos
995 2118 1044 2177 per
1056 2119 1101 2157 ex·

147 2186 297 2259 ceptionem
321 2183 377 2241 doli
397 2184 459 2241 maii
474 2184 616 2258 repellere,
637 2186 730 2260 utique
745 2186 768 2241 si
783 2184 869 2243 bonae
885 2184 945 2242 lidei
956 2203 1101 2260 possessor

146 2266 239 2325 inerit.
275 2263 319 2324 77.
343 2267 440 2326 Eadem
461 2271 567 2328 ratione
586 2268 730 2345 probatum
750 2277 807 2346 est,
828 2269 901 2344 quod
922 2273 950 2327 in
971 2271 1101 2328 chartulis

147 2352 206 2407 siue
224 2351 385 2408 membranis
407 2353 473 2410 meis
494 2353 590 2427 aliquis
612 2354 769 2427 scripserit,
793 2353 858 2411 licet
878 2356 967 2412 aureis
993 2354 1100 2425 litteris,

146 2447 236 2492 meum
251 2450 321 2509 esso,
337 2438 398 2511 quia
408 2437 515 2495 litterae
527 2436 657 2494 chartulis
668 2439 727 2493 siue
739 2437 900 2495 membranis
912 2438 1026 2496 cedunt:
1042 2439 1100 2495 ‘ita-

146 2533 199 2592 que
221 2511 290 2595 (et)³
315 2522 338 2577 si
357 2537 411 2598 ego
437 2536 485 2578 eos
504 2521 588 2580 libros
613 2537 713 2595 easque
734 2520 899 2579 membranas
920 2531 1022 2596 petam,
1052 2539 1101 2578 nec

145 2604 285 2679 inpensam
306 2606 454 2681 scripturae
470 2605 588 2676 soluam,
608 2621 658 2680 per
678 2606 864 2679 exceptionem
880 2605 935 2662 doli
952 2607 1013 2663 maii
1028 2623 1101 2662 sum·

145 2690 250 2747 moueri
270 2699 377 2766 potero.
421 2686 468 2749 78.
491 2689 543 2748 Sed
569 2693 592 2746 si
613 2691 640 2746 in
661 2687 751 2746 tabula
776 2706 834 2746 mea
861 2690 958 2764 aliquis
985 2693 1101 2765 pinxerit

93 2778 134 2828 77.
147 2771 232 2830 ueluti
248 2775 402 2849 imaginem,
417 2783 512 2833 contra
527 2775 672 2849 probatur:
692 2767 697 2849 Ι
717 2775 803 2850 magis
818 2775 888 2830 enim
900 2774 1007 2839 dicitur,
1024 2774 1100 2830 tabu·

146 2855 197 2912 iam
206 2859 326 2930 picturae
338 2859 449 2926 cedere;
459 2860 535 2916 cuius
548 2858 711 2913 diuersitatis
722 2859 765 2913 uir
775 2856 871 2914 idonea
881 2860 951 2914 retio
963 2857 1099 2914 redditurt

145 2950 221 2996 certe
232 2941 379 2998 seeundum
390 2942 460 2999 hano
471 2941 592 3015 regulam
605 2941 627 2996 si
638 2956 681 2996 me
691 2941 850 3013 possidente
859 2950 949 3016 petas,
958 2942 1100 3013 imaginem

145 3055 358 3067 —v——Q-

219 3118 239 3188 ¹)
254 3123 360 3173 Addidi.
412 3120 433 3189 ¹)
453 3120 508 3184 11¹2,
524 3140 574 3174 non
589 3125 702 3175 reciderit
717 3129 767 3176 uid.
783 3143 875 3194 opopr.
890 3126 1002 3178 Stodem.
1013 3142 1041 3191 p.
1053 3137 1100 3178 798.

146 3190 226 3258 ¹)St'c
240 3209 308 3243 nanc
322 3195 402 3243 malui
415 3195 530 3246 scribere
544 3211 619 3261 quam
633 3203 724 3246 aulea:
738 3207 765 3246 ot
779 3214 864 3264 aeque.

146 3300 357 3309 ———-

215 3366 240 3439 5.
257 3372 297 3421 tt.
319 3370 358 3432 Cf.
372 3370 404 3421 L.
419 3382 439 3422 r.
455 3373 478 3433 5.
493 3383 514 3423 a.
533 3372 566 3421 J).
582 3374 620 3422 tte.
635 3375 679 3423 etr.
694 3375 718 3436 s.
733 3386 767 3425 aa.
784 3375 806 3424 1.
822 3378 860 3425 att.
871 3377 915 3425 att.
965 3372 991 3443 §-
1003 3378 1045 3428 te.
1062 3376 1101 3438 Cf.

144 3440 286 3502 ΗΜ
305 3440 687 3504 D.tit.ctt.§.se.l.ttt.ctt.
738 3441 764 3511 ξ.
781 3449 822 3497 73.
844 3445 1003 3506 dmm&
1020 3459 1052 3497 re.
1070 3447 1100 3495 1).

143 3513 241 3561 titeit.
266 3510 721 3576 §.so.1.ttt.eit.Eptt.a,1.§.n
787 3512 811 3583 ᾖ.
828 3518 868 3565 tt.
891 3515 929 3575 Cf.
944 3514 976 3563 L.
993 3527 1011 3564 r.
1027 3519 1051 3577 §-
1067 3528 1101 3568 re.

144 3581 177 3631 Ι).
191 3583 229 3631 tit.
245 3584 288 3630 cit.
304 3582 343 3642 §t-
358 3593 392 3633 ro.
406 3594 440 3634 sa.
460 3583 482 3632 1.
497 3586 536 3632 tit.
551 3585 595 3632 eit.
611 3583 680 3646 Epir.
697 3597 717 3642 e,
733 3598 752 3634 ι.
768 3587 791 3646 ξ.
806 3597 826 3635 a.
882 3580 908 3650 §-
924 3587 965 3634 76.
987 3584 1026 3644 cs.
1042 3585 1072 3633 L.
1088 3598 1102 3636 o

140 3667 184 3715 pr.
203 3652 236 3701 D.
251 3654 289 3701 tit.
305 3653 348 3700 cit.
367 3654 390 3712 δ.
406 3663 439 3703 aa.
455 3652 477 3700 1.
493 3655 530 3702 tit.
547 3655 589 3702 cit.
604 3653 674 3715 Epir.
690 3657 706 3701 i.
722 3670 744 3704 e.
800 3650 824 3721 ξ.
841 3656 882 3703 76.
904 3653 942 3715 Cf.
958 3652 1028 3715 Epit.
1043 3666 1064 3715 a,
1079 3669 1099 3703 1.

143 3723 166 3784 t.
185 3722 326 3784 o.h.a.§.
343 3732 375 3772 rr.
395 3721 509 3785 depr.
529 3723 674 3772 incitem
695 3725 827 3784 §panse
847 3722 922 3771 Lata.
939 3724 982 3770 cta.
1020 3718 1099 3790 §.rm

144 3793 183 3857 Cf.
198 3793 267 3858 Epir.
283 3803 304 3850 s,
319 3805 339 3842 1.
358 3795 397 3855 §i-
411 3803 433 3844 t.
448 3805 468 3844 o.
488 3791 520 3840 It.
534 3803 556 3843 e.
572 3794 594 3853 ξ.
610 3803 630 3842 1.
646 3791 678 3840 D.
694 3796 732 3842 tit.
749 3795 791 3843 cit.
809 3795 833 3855 ς.
848 3791 973 3844 sotto.
989 3794 1032 3841 cit.

142 3860 168 3933 §.
184 3865 226 3916 78.
246 3864 303 3914 lurti
317 3861 391 3932 aetio]
407 3863 441 3928 ef.
457 3875 478 3926 ³,
492 3873 539 3914 ²0³.
