<?xml version="1.0" encoding="UTF-8"?>
<!DOCTYPE html PUBLIC "-//W3C//DTD XHTML 1.0 Transitional//EN"
    "http://www.w3.org/TR/xhtml1/DTD/xhtml1-transitional.dtd">
<html xmlns="http://www.w3.org/1999/xhtml" xml:lang="en" lang="en">
 <head>
  <title>
</title>
<meta http-equiv="Content-Type" content="text/html;charset=utf-8" />
  <meta name='ocr-system' content='tesseract 3.04.00' />
  <meta name='ocr-capabilities' content='ocr_page ocr_carea ocr_par ocr_line ocrx_word'/>
</head>
<body>
  <div class='ocr_page' id='page_1' title='image "./iurisprvdentiae00huscgoog_0805.png"; bbox 0 0 2378 4386; ppageno 0'>
   <div class='ocr_carea' id='block_1_1' title="bbox 183 587 943 653">
    <p class='ocr_par' dir='ltr' id='par_1_1' title="bbox 183 587 943 653">
     <span class='ocr_line' id='line_1_1' title="bbox 183 587 943 653; baseline -0.005 -9"><span class='ocrx_word' id='word_1_1' title='bbox 183 587 242 653; x_wconf 77' lang='grc'><strong><em>766</em></strong></span> <span class='ocrx_word' id='word_1_2' title='bbox 388 604 485 641; x_wconf 73' lang='lat' dir='ltr'><strong><em>ruore.</em></strong></span> <span class='ocrx_word' id='word_1_3' title='bbox 504 603 557 641; x_wconf 77' lang='lat' dir='ltr'><strong><em>svs.</em></strong></span> <span class='ocrx_word' id='word_1_4' title='bbox 576 603 639 639; x_wconf 76' lang='lat' dir='ltr'><strong><em>sorr.</em></strong></span> <span class='ocrx_word' id='word_1_5' title='bbox 657 604 742 640; x_wconf 72' lang='lat' dir='ltr'><strong><em>varic.</em></strong></span> <span class='ocrx_word' id='word_1_6' title='bbox 764 589 943 640; x_wconf 64' lang='lat' dir='ltr'><strong><em>ltu-186.-</em></strong></span> 
     </span>
    </p>
   </div>
   <div class='ocr_carea' id='block_1_2' title="bbox 74 733 1152 2898">
    <p class='ocr_par' dir='ltr' id='par_1_2' title="bbox 74 733 1152 1726">
     <span class='ocr_line' id='line_1_2' title="bbox 181 733 1152 811; baseline 0.003 -18"><span class='ocrx_word' id='word_1_7' title='bbox 181 745 238 793; x_wconf 89' lang='lat' dir='ltr'><strong><em>tum</em></strong></span> <span class='ocrx_word' id='word_1_8' title='bbox 251 752 342 804; x_wconf 79' lang='lat' dir='ltr'><strong><em>uuam,</em></strong></span> <span class='ocrx_word' id='word_1_9' title='bbox 358 735 467 790; x_wconf 79' lang='lat' dir='ltr'><strong><em>tractari</em></strong></span> <span class='ocrx_word' id='word_1_10' title='bbox 481 741 583 807; x_wconf 87' lang='lat' dir='ltr'><strong><em>potest.</em></strong></span> <span class='ocrx_word' id='word_1_11' title='bbox 607 733 675 790; x_wconf 86' lang='lat' dir='ltr'><strong><em>Puto</em></strong></span> <span class='ocrx_word' id='word_1_12' title='bbox 688 741 791 802; x_wconf 89' lang='lat' dir='ltr'><strong><em>tamen,</em></strong></span> <span class='ocrx_word' id='word_1_13' title='bbox 808 734 891 789; x_wconf 85' lang='lat' dir='ltr'><strong><em>simui</em></strong></span> <span class='ocrx_word' id='word_1_14' title='bbox 903 749 963 789; x_wconf 87' lang='lat' dir='ltr'><strong><em>non</em></strong></span> <span class='ocrx_word' id='word_1_15' title='bbox 974 737 1152 811; x_wconf 83' lang='lat' dir='ltr'><strong><em>plusquam</em></strong></span> 
     </span>
     <span class='ocr_line' id='line_1_3' title="bbox 181 818 669 889; baseline -0.006 -14"><span class='ocrx_word' id='word_1_16' title='bbox 181 837 275 886; x_wconf 89' lang='lat' dir='ltr'><strong><em>unam,</em></strong></span> <span class='ocrx_word' id='word_1_17' title='bbox 293 825 320 873; x_wconf 92' lang='lat' dir='ltr'><strong><em>et</em></strong></span> <span class='ocrx_word' id='word_1_18' title='bbox 334 822 375 873; x_wconf 89' lang='lat' dir='ltr'><strong><em>ita</em></strong></span> <span class='ocrx_word' id='word_1_19' title='bbox 391 819 480 872; x_wconf 86' lang='lat' dir='ltr'><strong><em>inueni</em></strong></span> <span class='ocrx_word' id='word_1_20' title='bbox 497 818 669 889; x_wconf 87' lang='lat' dir='ltr'><strong><em>rescriptum.</em></strong></span> 
     </span>
     <span class='ocr_line' id='line_1_4' title="bbox 221 897 1150 961; baseline 0.002 -2"><span class='ocrx_word' id='word_1_21' title='bbox 221 897 290 960; x_wconf 74' lang='lat' dir='ltr'><strong><em>ltu.</em></strong></span> <span class='ocrx_word' id='word_1_22' title='bbox 337 898 419 956; x_wconf 83' lang='lat' dir='ltr'><strong><em>Item.</em></strong></span> <span class='ocrx_word' id='word_1_23' title='bbox 459 900 519 957; x_wconf 87' lang='lat' dir='ltr'><strong><em>Non</em></strong></span> <span class='ocrx_word' id='word_1_24' title='bbox 535 901 654 957; x_wconf 75' lang='lat' dir='ltr'><strong><em>honesto</em></strong></span> <span class='ocrx_word' id='word_1_25' title='bbox 675 903 807 956; x_wconf 77' lang='lat' dir='ltr'><strong><em>missione</em></strong></span> <span class='ocrx_word' id='word_1_26' title='bbox 829 903 911 955; x_wconf 90' lang='lat' dir='ltr'><strong><em>missi</em></strong></span> <span class='ocrx_word' id='word_1_27' title='bbox 926 917 987 957; x_wconf 92' lang='lat' dir='ltr'><strong><em>non</em></strong></span> <span class='ocrx_word' id='word_1_28' title='bbox 1004 918 1150 961; x_wconf 79' lang='lat' dir='ltr'><strong><em>excusan-</em></strong></span> 
     </span>
     <span class='ocr_line' id='line_1_5' title="bbox 181 982 1149 1056; baseline 0.004 -16"><span class='ocrx_word' id='word_1_29' title='bbox 181 994 235 1046; x_wconf 90' lang='lat' dir='ltr'><strong><em>tur.</em></strong></span> <span class='ocrx_word' id='word_1_30' title='bbox 280 992 307 1039; x_wconf 86' lang='lat' dir='ltr'><strong><em>et</em></strong></span> <span class='ocrx_word' id='word_1_31' title='bbox 328 985 365 1039; x_wconf 83' lang='lat' dir='ltr'><strong><em>its</em></strong></span> <span class='ocrx_word' id='word_1_32' title='bbox 388 982 420 1039; x_wconf 91' lang='lat' dir='ltr'><strong><em>de</em></strong></span> <span class='ocrx_word' id='word_1_33' title='bbox 443 986 625 1056; x_wconf 76' lang='lat' dir='ltr'><strong><em>ignominiose</em></strong></span> <span class='ocrx_word' id='word_1_34' title='bbox 647 988 730 1040; x_wconf 88' lang='lat' dir='ltr'><strong><em>misso</em></strong></span> <span class='ocrx_word' id='word_1_35' title='bbox 751 987 945 1056; x_wconf 87' lang='lat' dir='ltr'><strong><em>imperatores</em></strong></span> <span class='ocrx_word' id='word_1_36' title='bbox 961 1027 1080 1044; x_wconf 88' lang='grc'><strong>.....</strong></span> <span class='ocrx_word' id='word_1_37' title='bbox 1095 992 1149 1044; x_wconf 80' lang='lat' dir='ltr'><strong><em>rire</em></strong></span> 
     </span>
     <span class='ocr_line' id='line_1_6' title="bbox 180 1067 1149 1140; baseline 0.003 -15"><span class='ocrx_word' id='word_1_38' title='bbox 180 1067 292 1125; x_wconf 81' lang='lat' dir='ltr'><strong><em>Sabinae</em></strong></span> <span class='ocrx_word' id='word_1_39' title='bbox 307 1069 516 1139; x_wconf 77' lang='lat' dir='ltr'><strong><em>rescripserunt,</em></strong></span> <span class='ocrx_word' id='word_1_40' title='bbox 533 1084 597 1123; x_wconf 91' lang='lat' dir='ltr'><strong><em>cum</em></strong></span> <span class='ocrx_word' id='word_1_41' title='bbox 612 1074 772 1140; x_wconf 82' lang='lat' dir='ltr'><strong><em>copnotum,</em></strong></span> <span class='ocrx_word' id='word_1_42' title='bbox 788 1081 870 1140; x_wconf 83' lang='lat' dir='ltr'><strong><em>quern</em></strong></span> <span class='ocrx_word' id='word_1_43' title='bbox 886 1068 920 1122; x_wconf 82' lang='lat' dir='ltr'><strong><em>ob</em></strong></span> <span class='ocrx_word' id='word_1_44' title='bbox 937 1069 1085 1127; x_wconf 86' lang='lat' dir='ltr'><strong><em>delictum</em></strong></span> <span class='ocrx_word' id='word_1_45' title='bbox 1096 1076 1149 1128; x_wconf 90' lang='lat' dir='ltr'><strong><em>ati·</em></strong></span> 
     </span>
     <span class='ocr_line' id='line_1_7' title="bbox 179 1152 1147 1225; baseline 0.001 -14"><span class='ocrx_word' id='word_1_46' title='bbox 179 1154 256 1224; x_wconf 80' lang='lat' dir='ltr'><strong><em>quod</em></strong></span> <span class='ocrx_word' id='word_1_47' title='bbox 265 1159 466 1207; x_wconf 79' lang='lat' dir='ltr'><strong><em>exauctoratum</em></strong></span> <span class='ocrx_word' id='word_1_48' title='bbox 477 1166 540 1207; x_wconf 94' lang='lat' dir='ltr'><strong><em>esse</em></strong></span> <span class='ocrx_word' id='word_1_49' title='bbox 554 1153 676 1219; x_wconf 86' lang='lat' dir='ltr'><strong><em>dicebat,</em></strong></span> <span class='ocrx_word' id='word_1_50' title='bbox 693 1152 792 1207; x_wconf 86' lang='lat' dir='ltr'><strong><em>tiberis</em></strong></span> <span class='ocrx_word' id='word_1_51' title='bbox 803 1154 863 1207; x_wconf 88' lang='lat' dir='ltr'><strong><em>suis</em></strong></span> <span class='ocrx_word' id='word_1_52' title='bbox 877 1157 1004 1208; x_wconf 91' lang='lat' dir='ltr'><strong><em>tutorem</em></strong></span> <span class='ocrx_word' id='word_1_53' title='bbox 1019 1162 1147 1225; x_wconf 89' lang='lat' dir='ltr'><strong><em>peteret.</em></strong></span> 
     </span>
     <span class='ocr_line' id='line_1_8' title="bbox 180 1234 1148 1309; baseline 0.004 -17"><span class='ocrx_word' id='word_1_54' title='bbox 180 1235 219 1292; x_wconf 80' lang='lat' dir='ltr'><strong><em>lh</em></strong></span> <span class='ocrx_word' id='word_1_55' title='bbox 231 1234 330 1292; x_wconf 79' lang='lat' dir='ltr'><strong><em>urbicis</em></strong></span> <span class='ocrx_word' id='word_1_56' title='bbox 342 1234 422 1309; x_wconf 78' lang='lat' dir='ltr'><strong><em>plane</em></strong></span> <span class='ocrx_word' id='word_1_57' title='bbox 434 1238 529 1291; x_wconf 88' lang='lat' dir='ltr'><strong><em>tutelis</em></strong></span> <span class='ocrx_word' id='word_1_58' title='bbox 540 1236 770 1298; x_wconf 74' lang='lat' dir='ltr'><strong><em>excusabuntur,</em></strong></span> <span class='ocrx_word' id='word_1_59' title='bbox 786 1237 852 1307; x_wconf 82' lang='lat' dir='ltr'><strong><em>puio</em></strong></span> <span class='ocrx_word' id='word_1_60' title='bbox 867 1237 985 1306; x_wconf 82' lang='lat' dir='ltr'><strong><em>inpredi</em></strong></span> <span class='ocrx_word' id='word_1_61' title='bbox 995 1241 1034 1293; x_wconf 91' lang='lat' dir='ltr'><strong><em>iis</em></strong></span> <span class='ocrx_word' id='word_1_62' title='bbox 1047 1240 1148 1296; x_wconf 85' lang='lat' dir='ltr'><strong><em>urbem</em></strong></span> 
     </span>
     <span class='ocr_line' id='line_1_9' title="bbox 179 1313 1146 1390; baseline 0.003 -13"><span class='ocrx_word' id='word_1_63' title='bbox 179 1322 334 1377; x_wconf 84' lang='lat' dir='ltr'><strong><em>nonlicet.</em></strong></span> <span class='ocrx_word' id='word_1_64' title='bbox 377 1319 429 1375; x_wconf 87' lang='lat' dir='ltr'><strong><em>Sed</em></strong></span> <span class='ocrx_word' id='word_1_65' title='bbox 452 1320 504 1374; x_wconf 85' lang='lat' dir='ltr'><strong><em>etsi</em></strong></span> <span class='ocrx_word' id='word_1_66' title='bbox 524 1334 578 1374; x_wconf 89' lang='lat' dir='ltr'><strong><em>uon</em></strong></span> <span class='ocrx_word' id='word_1_67' title='bbox 600 1319 654 1373; x_wconf 85' lang='lat' dir='ltr'><strong><em>sint</em></strong></span> <span class='ocrx_word' id='word_1_68' title='bbox 676 1317 822 1390; x_wconf 74' lang='lat' dir='ltr'><strong><em>’perfuncti</em></strong></span> <span class='ocrx_word' id='word_1_69' title='bbox 844 1313 1025 1390; x_wconf 87' lang='lat' dir='ltr'><strong><em>stipendiis,¹</em></strong></span> <span class='ocrx_word' id='word_1_70' title='bbox 1051 1330 1146 1380; x_wconf 86' lang='lat' dir='ltr'><strong><em>tanen</em></strong></span> 
     </span>
     <span class='ocr_line' id='line_1_10' title="bbox 178 1400 1146 1479; baseline 0.002 -18"><span class='ocrx_word' id='word_1_71' title='bbox 178 1410 243 1477; x_wconf 90' lang='lat' dir='ltr'><strong><em>post</em></strong></span> <span class='ocrx_word' id='word_1_72' title='bbox 265 1407 367 1477; x_wconf 79' lang='lat' dir='ltr'><strong><em>uipinti</em></strong></span> <span class='ocrx_word' id='word_1_73' title='bbox 387 1418 479 1459; x_wconf 90' lang='lat' dir='ltr'><strong><em>annos</em></strong></span> <span class='ocrx_word' id='word_1_74' title='bbox 500 1404 522 1457; x_wconf 89' lang='lat' dir='ltr'><strong><em>si</em></strong></span> <span class='ocrx_word' id='word_1_75' title='bbox 539 1403 692 1458; x_wconf 80' lang='lat' dir='ltr'><strong><em>missionem</em></strong></span> <span class='ocrx_word' id='word_1_76' title='bbox 707 1416 762 1457; x_wconf 86' lang='lat' dir='ltr'><strong><em>nou</em></strong></span> <span class='ocrx_word' id='word_1_77' title='bbox 784 1400 1003 1474; x_wconf 78' lang='lat' dir='ltr'><strong><em>ignominiosam</em></strong></span> <span class='ocrx_word' id='word_1_78' title='bbox 1021 1421 1146 1479; x_wconf 86' lang='lat' dir='ltr'><strong><em>accepe-</em></strong></span> 
     </span>
     <span class='ocr_line' id='line_1_11' title="bbox 180 1490 648 1558; baseline -0.006 -15"><span class='ocrx_word' id='word_1_79' title='bbox 180 1493 249 1558; x_wconf 88' lang='lat' dir='ltr'><strong><em>rint,</em></strong></span> <span class='ocrx_word' id='word_1_80' title='bbox 264 1496 296 1543; x_wconf 92' lang='lat' dir='ltr'><strong><em>ut</em></strong></span> <span class='ocrx_word' id='word_1_81' title='bbox 311 1490 443 1543; x_wconf 88' lang='lat' dir='ltr'><strong><em>ueterani</em></strong></span> <span class='ocrx_word' id='word_1_82' title='bbox 457 1492 648 1542; x_wconf 77' lang='lat' dir='ltr'><strong><em>excusantur.</em></strong></span> 
     </span>
     <span class='ocr_line' id='line_1_12' title="bbox 74 1561 1146 1644; baseline 0.001 -16"><span class='ocrx_word' id='word_1_83' title='bbox 74 1564 180 1634; x_wconf 62' lang='lat' dir='ltr'><strong><em>Mlti]</em></strong></span> <span class='ocrx_word' id='word_1_84' title='bbox 244 1566 303 1629; x_wconf 83' lang='lat' dir='ltr'><strong><em>its.</em></strong></span> <span class='ocrx_word' id='word_1_85' title='bbox 333 1564 425 1626; x_wconf 82' lang='lat' dir='ltr'><strong><em>²liem.</em></strong></span> <span class='ocrx_word' id='word_1_86' title='bbox 463 1567 514 1625; x_wconf 85' lang='lat' dir='ltr'><strong><em>Sed</em></strong></span> <span class='ocrx_word' id='word_1_87' title='bbox 530 1568 647 1642; x_wconf 88' lang='lat' dir='ltr'><strong><em>primipil</em></strong></span> <span class='ocrx_word' id='word_1_88' title='bbox 664 1611 670 1625; x_wconf 93' lang='lat'><strong><em>.</em></strong></span> <span class='ocrx_word' id='word_1_89' title='bbox 688 1610 695 1623; x_wconf 86' lang='lat'><strong>.</strong></span> <span class='ocrx_word' id='word_1_90' title='bbox 713 1561 742 1644; x_wconf 73' lang='lat' dir='ltr'><strong><em>‚l</em></strong></span> <span class='ocrx_word' id='word_1_91' title='bbox 760 1607 863 1624; x_wconf 91' lang='grc'><strong>.....</strong></span> <span class='ocrx_word' id='word_1_92' title='bbox 877 1568 1085 1643; x_wconf 80' lang='lat' dir='ltr'><strong><em>primipilarem</em></strong></span> <span class='ocrx_word' id='word_1_93' title='bbox 1101 1573 1146 1628; x_wconf 81' lang='lat' dir='ltr'><strong><em>ds·</em></strong></span> 
     </span>
     <span class='ocr_line' id='line_1_13' title="bbox 87 1637 1104 1726; baseline -0.001 -15"><span class='ocrx_word' id='word_1_94' title='bbox 87 1637 160 1704; x_wconf 62' lang='grc' dir='ltr'><strong><em>ΗΜ·</em></strong></span> <span class='ocrx_word' id='word_1_95' title='bbox 180 1656 247 1711; x_wconf 87' lang='lat' dir='ltr'><strong><em>bunt</em></strong></span> <span class='ocrx_word' id='word_1_96' title='bbox 264 1694 395 1710; x_wconf 94' lang='grc'><strong>......</strong></span> <span class='ocrx_word' id='word_1_97' title='bbox 411 1654 502 1726; x_wconf 77' lang='lat' dir='ltr'><strong><em>lepore</em></strong></span> <span class='ocrx_word' id='word_1_98' title='bbox 518 1668 626 1726; x_wconf 88' lang='lat' dir='ltr'><strong><em>quoque</em></strong></span> <span class='ocrx_word' id='word_1_99' title='bbox 642 1654 699 1726; x_wconf 90' lang='lat' dir='ltr'><strong><em>ipse</em></strong></span> <span class='ocrx_word' id='word_1_100' title='bbox 716 1667 824 1725; x_wconf 86' lang='lat' dir='ltr'><strong><em>quoque</em></strong></span> <span class='ocrx_word' id='word_1_101' title='bbox 840 1654 866 1706; x_wconf 88' lang='lat' dir='ltr'><strong><em>lu</em></strong></span> <span class='ocrx_word' id='word_1_102' title='bbox 882 1651 975 1707; x_wconf 89' lang='lat' dir='ltr'><strong><em>locum</em></strong></span> <span class='ocrx_word' id='word_1_103' title='bbox 992 1694 1104 1711; x_wconf 92' lang='grc'><strong>.....</strong></span> 
     </span>
    </p>

    <p class='ocr_par' dir='ltr' id='par_1_3' title="bbox 179 1729 1144 1979">
     <span class='ocr_line' id='line_1_14' title="bbox 241 1729 1144 1809; baseline 0.002 -15"><span class='ocrx_word' id='word_1_104' title='bbox 241 1732 299 1795; x_wconf 85' lang='grc'><strong>179.</strong></span> <span class='ocrx_word' id='word_1_105' title='bbox 334 1729 434 1794; x_wconf 82' lang='lat' dir='ltr'><strong><em>³ltem.</em></strong></span> <span class='ocrx_word' id='word_1_106' title='bbox 473 1736 689 1807; x_wconf 87' lang='lat' dir='ltr'><strong><em>Temporarium</em></strong></span> <span class='ocrx_word' id='word_1_107' title='bbox 711 1736 904 1792; x_wconf 86' lang='lat' dir='ltr'><strong><em>sacerdotium</em></strong></span> <span class='ocrx_word' id='word_1_108' title='bbox 927 1745 1053 1809; x_wconf 89' lang='lat' dir='ltr'><strong><em>nactus,</em></strong></span> <span class='ocrx_word' id='word_1_109' title='bbox 1078 1742 1144 1796; x_wconf 87' lang='lat' dir='ltr'><strong><em>dum</em></strong></span> 
     </span>
     <span class='ocr_line' id='line_1_15' title="bbox 180 1820 1144 1894; baseline 0.002 -17"><span class='ocrx_word' id='word_1_110' title='bbox 180 1820 331 1877; x_wconf 81' lang='lat' dir='ltr'><strong><em>sacerdotio</em></strong></span> <span class='ocrx_word' id='word_1_111' title='bbox 355 1821 487 1894; x_wconf 71' lang='lat' dir='ltr'><strong><em>iungitur,</em></strong></span> <span class='ocrx_word' id='word_1_112' title='bbox 510 1823 599 1876; x_wconf 87' lang='lat' dir='ltr'><strong><em>tutela</em></strong></span> <span class='ocrx_word' id='word_1_113' title='bbox 613 1820 757 1876; x_wconf 86' lang='lat' dir='ltr'><strong><em>liberatur</em></strong></span> <span class='ocrx_word' id='word_1_114' title='bbox 771 1826 909 1876; x_wconf 85' lang='lat' dir='ltr'><strong><em>curatore</em></strong></span> <span class='ocrx_word' id='word_1_115' title='bbox 924 1823 1045 1878; x_wconf 86' lang='lat' dir='ltr'><strong><em>interim</em></strong></span> <span class='ocrx_word' id='word_1_116' title='bbox 1060 1825 1144 1888; x_wconf 88' lang='lat' dir='ltr'><strong><em>dato;</em></strong></span> 
     </span>
     <span class='ocr_line' id='line_1_16' title="bbox 179 1901 922 1979; baseline -0.008 -17"><span class='ocrx_word' id='word_1_117' title='bbox 179 1906 255 1979; x_wconf 80' lang='lat' dir='ltr'><strong><em>quod</em></strong></span> <span class='ocrx_word' id='word_1_118' title='bbox 270 1909 309 1961; x_wconf 90' lang='lat' dir='ltr'><strong><em>ita</em></strong></span> <span class='ocrx_word' id='word_1_119' title='bbox 326 1904 457 1977; x_wconf 87' lang='lat' dir='ltr'><strong><em>rescripto</em></strong></span> <span class='ocrx_word' id='word_1_120' title='bbox 473 1903 528 1958; x_wconf 91' lang='lat' dir='ltr'><strong><em>diul</em></strong></span> <span class='ocrx_word' id='word_1_121' title='bbox 543 1901 582 1958; x_wconf 85' lang='lat' dir='ltr'><strong><em>Pii</em></strong></span> <span class='ocrx_word' id='word_1_122' title='bbox 597 1902 748 1958; x_wconf 79' lang='lat' dir='ltr'><strong><em>declaratur</em></strong></span> <span class='ocrx_word' id='word_1_123' title='bbox 763 1904 803 1958; x_wconf 85' lang='lat' dir='ltr'><strong><em>ad</em></strong></span> <span class='ocrx_word' id='word_1_124' title='bbox 817 1941 922 1958; x_wconf 93' lang='grc'><strong>.....</strong></span> 
     </span>
    </p>

    <p class='ocr_par' dir='ltr' id='par_1_4' title="bbox 178 1980 1143 2229">
     <span class='ocr_line' id='line_1_17' title="bbox 241 1980 1142 2060; baseline 0 -13"><span class='ocrx_word' id='word_1_125' title='bbox 241 1986 307 2047; x_wconf 81' lang='grc'><strong>180.</strong></span> <span class='ocrx_word' id='word_1_126' title='bbox 338 1980 435 2045; x_wconf 85' lang='lat' dir='ltr'><strong><em>⁴ltem.</em></strong></span> <span class='ocrx_word' id='word_1_127' title='bbox 481 1987 561 2055; x_wconf 84' lang='lat' dir='ltr'><strong><em>Quae</em></strong></span> <span class='ocrx_word' id='word_1_128' title='bbox 575 1989 610 2043; x_wconf 86' lang='lat' dir='ltr'><strong><em>de</em></strong></span> <span class='ocrx_word' id='word_1_129' title='bbox 629 1988 821 2059; x_wconf 85' lang='lat' dir='ltr'><strong><em>primipilaris</em></strong></span> <span class='ocrx_word' id='word_1_130' title='bbox 842 1989 896 2058; x_wconf 80' lang='lat' dir='ltr'><strong><em>filii</em></strong></span> <span class='ocrx_word' id='word_1_131' title='bbox 911 1991 1001 2044; x_wconf 89' lang='lat' dir='ltr'><strong><em>tutela</em></strong></span> <span class='ocrx_word' id='word_1_132' title='bbox 1016 1993 1142 2060; x_wconf 89' lang='lat' dir='ltr'><strong><em>placue-</em></strong></span> 
     </span>
     <span class='ocr_line' id='line_1_18' title="bbox 178 2069 1143 2146; baseline 0.002 -18"><span class='ocrx_word' id='word_1_133' title='bbox 178 2082 245 2129; x_wconf 88' lang='lat' dir='ltr'><strong><em>runt</em></strong></span> <span class='ocrx_word' id='word_1_134' title='bbox 267 2076 292 2128; x_wconf 88' lang='lat' dir='ltr'><strong><em>ln</em></strong></span> <span class='ocrx_word' id='word_1_135' title='bbox 309 2069 528 2146; x_wconf 82' lang='lat' dir='ltr'><strong><em>primipilaribus,</em></strong></span> <span class='ocrx_word' id='word_1_136' title='bbox 552 2072 697 2126; x_wconf 86' lang='lat' dir='ltr'><strong><em>sciendum</em></strong></span> <span class='ocrx_word' id='word_1_137' title='bbox 713 2077 763 2134; x_wconf 89' lang='lat' dir='ltr'><strong><em>est,</em></strong></span> <span class='ocrx_word' id='word_1_138' title='bbox 787 2074 827 2126; x_wconf 92' lang='lat' dir='ltr'><strong><em>ita</em></strong></span> <span class='ocrx_word' id='word_1_139' title='bbox 843 2074 872 2125; x_wconf 90' lang='lat' dir='ltr'><strong><em>in</em></strong></span> <span class='ocrx_word' id='word_1_140' title='bbox 888 2086 945 2127; x_wconf 89' lang='lat' dir='ltr'><strong><em>usu</em></strong></span> <span class='ocrx_word' id='word_1_141' title='bbox 961 2078 1091 2142; x_wconf 86' lang='lat' dir='ltr'><strong><em>seruari,</em></strong></span> <span class='ocrx_word' id='word_1_142' title='bbox 1111 2080 1143 2130; x_wconf 91' lang='lat' dir='ltr'><strong><em>ut</em></strong></span> 
     </span>
     <span class='ocr_line' id='line_1_19' title="bbox 179 2155 1061 2229; baseline -0.005 -14"><span class='ocrx_word' id='word_1_143' title='bbox 179 2155 309 2229; x_wconf 87' lang='lat' dir='ltr'><strong><em>exemplo</em></strong></span> <span class='ocrx_word' id='word_1_144' title='bbox 327 2163 514 2209; x_wconf 85' lang='lat' dir='ltr'><strong><em>ueteranorum</em></strong></span> <span class='ocrx_word' id='word_1_145' title='bbox 528 2155 675 2210; x_wconf 88' lang='lat' dir='ltr'><strong><em>duntaxat</em></strong></span> <span class='ocrx_word' id='word_1_146' title='bbox 690 2172 776 2211; x_wconf 89' lang='lat' dir='ltr'><strong><em>unam</em></strong></span> <span class='ocrx_word' id='word_1_147' title='bbox 792 2156 875 2210; x_wconf 88' lang='lat' dir='ltr'><strong><em>simul</em></strong></span> <span class='ocrx_word' id='word_1_148' title='bbox 889 2158 1061 2226; x_wconf 84' lang='lat' dir='ltr'><strong><em>suscipiant.</em></strong></span> 
     </span>
    </p>

    <p class='ocr_par' dir='ltr' id='par_1_5' title="bbox 175 2235 1140 2628">
     <span class='ocr_line' id='line_1_20' title="bbox 240 2235 1140 2307; baseline -0.001 -11"><span class='ocrx_word' id='word_1_149' title='bbox 240 2236 293 2296; x_wconf 79' lang='lat' dir='ltr'><strong><em>let.</em></strong></span> <span class='ocrx_word' id='word_1_150' title='bbox 326 2235 413 2293; x_wconf 79' lang='lat' dir='ltr'><strong><em>⁶item</em></strong></span> <span class='ocrx_word' id='word_1_151' title='bbox 434 2277 464 2291; x_wconf 91' lang='lat'><strong><em>..</em></strong></span> <span class='ocrx_word' id='word_1_152' title='bbox 483 2274 491 2290; x_wconf 86' lang='lat'><strong>.</strong></span> <span class='ocrx_word' id='word_1_153' title='bbox 512 2241 676 2307; x_wconf 86' lang='lat' dir='ltr'><strong><em>rescripsit,</em></strong></span> <span class='ocrx_word' id='word_1_154' title='bbox 703 2244 869 2294; x_wconf 90' lang='lat' dir='ltr'><strong><em>testamento</em></strong></span> <span class='ocrx_word' id='word_1_155' title='bbox 891 2240 989 2294; x_wconf 87' lang='lat' dir='ltr'><strong><em>datum</em></strong></span> <span class='ocrx_word' id='word_1_156' title='bbox 1012 2244 1140 2296; x_wconf 87' lang='lat' dir='ltr'><strong><em>tutorem</em></strong></span> 
     </span>
     <span class='ocr_line' id='line_1_21' title="bbox 175 2323 1140 2396; baseline 0.004 -21"><span class='ocrx_word' id='word_1_157' title='bbox 175 2330 299 2394; x_wconf 86' lang='lat' dir='ltr'><strong><em>propter</em></strong></span> <span class='ocrx_word' id='word_1_158' title='bbox 321 2328 440 2374; x_wconf 88' lang='lat' dir='ltr'><strong><em>ueterem</em></strong></span> <span class='ocrx_word' id='word_1_159' title='bbox 462 2334 535 2374; x_wconf 84' lang='lat' dir='ltr'><strong><em>susm</em></strong></span> <span class='ocrx_word' id='word_1_160' title='bbox 551 2325 717 2393; x_wconf 77' lang='lat' dir='ltr'><strong><em>emptionem</em></strong></span> <span class='ocrx_word' id='word_1_161' title='bbox 737 2340 755 2377; x_wconf 90' lang='lat' dir='ltr'><strong><em>o</em></strong></span> <span class='ocrx_word' id='word_1_162' title='bbox 776 2329 863 2393; x_wconf 87' lang='lat' dir='ltr'><strong><em>patre</em></strong></span> <span class='ocrx_word' id='word_1_163' title='bbox 883 2323 999 2393; x_wconf 83' lang='lat' dir='ltr'><strong><em>pupilli,</em></strong></span> <span class='ocrx_word' id='word_1_164' title='bbox 1024 2339 1065 2379; x_wconf 85' lang='lat' dir='ltr'><strong><em>ex</em></strong></span> <span class='ocrx_word' id='word_1_165' title='bbox 1080 2341 1140 2396; x_wconf 79' lang='lat' dir='ltr'><strong><em>quo</em></strong></span> 
     </span>
     <span class='ocr_line' id='line_1_22' title="bbox 179 2397 1139 2477; baseline 0.003 -17"><span class='ocrx_word' id='word_1_166' title='bbox 179 2407 327 2460; x_wconf 90' lang='lat' dir='ltr'><strong><em>euictionis</em></strong></span> <span class='ocrx_word' id='word_1_167' title='bbox 342 2405 454 2459; x_wconf 91' lang='lat' dir='ltr'><strong><em>nomine</em></strong></span> <span class='ocrx_word' id='word_1_168' title='bbox 468 2397 640 2460; x_wconf 80' lang='lat' dir='ltr'><strong><em>sestertium⁶</em></strong></span> <span class='ocrx_word' id='word_1_169' title='bbox 654 2413 761 2461; x_wconf 87' lang='lat' dir='ltr'><strong><em>centum</em></strong></span> <span class='ocrx_word' id='word_1_170' title='bbox 774 2407 848 2461; x_wconf 88' lang='lat' dir='ltr'><strong><em>milia</em></strong></span> <span class='ocrx_word' id='word_1_171' title='bbox 863 2408 890 2460; x_wconf 93' lang='lat' dir='ltr'><strong><em>ei</em></strong></span> <span class='ocrx_word' id='word_1_172' title='bbox 900 2406 1001 2461; x_wconf 83' lang='lat' dir='ltr'><strong><em>deberi</em></strong></span> <span class='ocrx_word' id='word_1_173' title='bbox 1013 2411 1139 2477; x_wconf 82' lang='lat' dir='ltr'><strong><em>possint,</em></strong></span> 
     </span>
     <span class='ocr_line' id='line_1_23' title="bbox 178 2489 1140 2558; baseline 0.001 -13"><span class='ocrx_word' id='word_1_174' title='bbox 178 2505 235 2545; x_wconf 93' lang='lat' dir='ltr'><strong><em>non</em></strong></span> <span class='ocrx_word' id='word_1_175' title='bbox 251 2489 424 2544; x_wconf 78' lang='lat' dir='ltr'><strong><em>excusaris</em></strong></span> <span class='ocrx_word' id='word_1_176' title='bbox 441 2489 540 2558; x_wconf 88' lang='lat' dir='ltr'><strong><em>tutela,</em></strong></span> <span class='ocrx_word' id='word_1_177' title='bbox 556 2503 620 2544; x_wconf 90' lang='lat' dir='ltr'><strong><em>cum</em></strong></span> <span class='ocrx_word' id='word_1_178' title='bbox 636 2495 703 2544; x_wconf 90' lang='lat' dir='ltr'><strong><em>onte</em></strong></span> <span class='ocrx_word' id='word_1_179' title='bbox 719 2497 933 2545; x_wconf 80' lang='lat' dir='ltr'><strong><em>consummatam</em></strong></span> <span class='ocrx_word' id='word_1_180' title='bbox 945 2504 1003 2544; x_wconf 84' lang='lat' dir='ltr'><strong><em>eam</em></strong></span> <span class='ocrx_word' id='word_1_181' title='bbox 1021 2498 1140 2546; x_wconf 78' lang='lat' dir='ltr'><strong><em>nanctu-</em></strong></span> 
     </span>
     <span class='ocr_line' id='line_1_24' title="bbox 178 2575 686 2628; baseline 0 -1"><span class='ocrx_word' id='word_1_182' title='bbox 178 2586 266 2628; x_wconf 88' lang='lat' dir='ltr'><strong><em>rusne</em></strong></span> <span class='ocrx_word' id='word_1_183' title='bbox 280 2575 317 2628; x_wconf 86' lang='lat' dir='ltr'><strong><em>sit</em></strong></span> <span class='ocrx_word' id='word_1_184' title='bbox 332 2575 471 2627; x_wconf 85' lang='lat' dir='ltr'><strong><em>actionem</em></strong></span> <span class='ocrx_word' id='word_1_185' title='bbox 486 2576 627 2628; x_wconf 85' lang='lat' dir='ltr'><strong><em>incertum</em></strong></span> <span class='ocrx_word' id='word_1_186' title='bbox 642 2575 686 2628; x_wconf 88' lang='lat' dir='ltr'><strong><em>sit.</em></strong></span> 
     </span>
    </p>

    <p class='ocr_par' dir='ltr' id='par_1_6' title="bbox 177 2649 1139 2898">
     <span class='ocr_line' id='line_1_25' title="bbox 240 2649 1139 2726; baseline -0.001 -12"><span class='ocrx_word' id='word_1_187' title='bbox 240 2652 302 2714; x_wconf 78' lang='lat'>182.</span> <span class='ocrx_word' id='word_1_188' title='bbox 330 2649 425 2711; x_wconf 81' lang='lat' dir='ltr'><strong><em>⁷1tem.</em></strong></span> <span class='ocrx_word' id='word_1_189' title='bbox 455 2654 603 2712; x_wconf 81' lang='lat' dir='ltr'><strong><em>Interdum</em></strong></span> <span class='ocrx_word' id='word_1_190' title='bbox 621 2663 745 2726; x_wconf 86' lang='lat' dir='ltr'><strong><em>praetor</em></strong></span> <span class='ocrx_word' id='word_1_191' title='bbox 764 2656 1002 2712; x_wconf 83' lang='lat' dir='ltr'><strong><em>excusationibus</em></strong></span> <span class='ocrx_word' id='word_1_192' title='bbox 1024 2659 1139 2713; x_wconf 88' lang='lat' dir='ltr'><strong><em>modum</em></strong></span> 
     </span>
     <span class='ocr_line' id='line_1_26' title="bbox 177 2732 1138 2812; baseline 0 -16"><span class='ocrx_word' id='word_1_193' title='bbox 177 2739 297 2797; x_wconf 83' lang='lat' dir='ltr'><strong><em>inducit:</em></strong></span> <span class='ocrx_word' id='word_1_194' title='bbox 321 2756 382 2796; x_wconf 84' lang='lat' dir='ltr'><strong><em>nam</em></strong></span> <span class='ocrx_word' id='word_1_195' title='bbox 404 2732 547 2795; x_wconf 82' lang='lat' dir='ltr'><strong><em>’minores8</em></strong></span> <span class='ocrx_word' id='word_1_196' title='bbox 570 2741 668 2812; x_wconf 75' lang='lat' dir='ltr'><strong><em>uiginti</em></strong></span> <span class='ocrx_word' id='word_1_197' title='bbox 688 2742 813 2811; x_wconf 84' lang='lat' dir='ltr'><strong><em>quinque</em></strong></span> <span class='ocrx_word' id='word_1_198' title='bbox 835 2743 920 2794; x_wconf 89' lang='lat' dir='ltr'><strong><em>annis</em></strong></span> <span class='ocrx_word' id='word_1_199' title='bbox 941 2742 983 2794; x_wconf 91' lang='lat' dir='ltr'><strong><em>ita</em></strong></span> <span class='ocrx_word' id='word_1_200' title='bbox 1003 2740 1138 2810; x_wconf 89' lang='lat' dir='ltr'><strong><em>plerum-</em></strong></span> 
     </span>
     <span class='ocr_line' id='line_1_27' title="bbox 178 2823 1138 2898; baseline -0.002 -17"><span class='ocrx_word' id='word_1_201' title='bbox 178 2839 233 2898; x_wconf 85' lang='lat' dir='ltr'><strong><em>que</em></strong></span> <span class='ocrx_word' id='word_1_202' title='bbox 248 2843 266 2881; x_wconf 91' lang='lat' dir='ltr'><strong><em>a</em></strong></span> <span class='ocrx_word' id='word_1_203' title='bbox 283 2823 367 2881; x_wconf 80' lang='lat' dir='ltr'><strong><em>tutelo</em></strong></span> <span class='ocrx_word' id='word_1_204' title='bbox 382 2832 556 2894; x_wconf 80' lang='lat' dir='ltr'><strong><em>excusantur,</em></strong></span> <span class='ocrx_word' id='word_1_205' title='bbox 578 2831 608 2877; x_wconf 89' lang='lat' dir='ltr'><strong><em>ut</em></strong></span> <span class='ocrx_word' id='word_1_206' title='bbox 623 2825 662 2878; x_wconf 86' lang='lat' dir='ltr'><strong><em>ad</em></strong></span> <span class='ocrx_word' id='word_1_207' title='bbox 675 2830 770 2879; x_wconf 87' lang='lat' dir='ltr'><strong><em>certos</em></strong></span> <span class='ocrx_word' id='word_1_208' title='bbox 790 2838 881 2877; x_wconf 91' lang='lat' dir='ltr'><strong><em>annos</em></strong></span> <span class='ocrx_word' id='word_1_209' title='bbox 896 2830 1019 2879; x_wconf 88' lang='lat' dir='ltr'><strong><em>curator</em></strong></span> <span class='ocrx_word' id='word_1_210' title='bbox 1035 2826 1123 2881; x_wconf 85' lang='lat' dir='ltr'><strong><em>detur</em></strong></span> <span class='ocrx_word' id='word_1_211' title='bbox 1129 2850 1138 2888; x_wconf 88' lang='lat'><strong><em>,-</em></strong></span> 
     </span>
    </p>
   </div>
   <div class='ocr_carea' id='block_1_3' title="bbox 178 2904 1184 2981">
    <p class='ocr_par' dir='ltr' id='par_1_7' title="bbox 178 2904 1184 2981">
     <span class='ocr_line' id='line_1_28' title="bbox 178 2904 1184 2981; baseline 0.001 -16"><span class='ocrx_word' id='word_1_212' title='bbox 178 2924 261 2981; x_wconf 85' lang='lat' dir='ltr'><strong><em>quem</em></strong></span> <span class='ocrx_word' id='word_1_213' title='bbox 281 2912 307 2965; x_wconf 87' lang='lat' dir='ltr'><strong><em>si</em></strong></span> <span class='ocrx_word' id='word_1_214' title='bbox 324 2915 464 2980; x_wconf 89' lang='lat' dir='ltr'><strong><em>perpetuo</em></strong></span> <span class='ocrx_word' id='word_1_215' title='bbox 480 2906 571 2977; x_wconf 85' lang='lat' dir='ltr'><strong><em>daret,</em></strong></span> <span class='ocrx_word' id='word_1_216' title='bbox 593 2907 710 2962; x_wconf 86' lang='lat' dir='ltr'><strong><em>minores</em></strong></span> <span class='ocrx_word' id='word_1_217' title='bbox 726 2904 791 2959; x_wconf 89' lang='lat' dir='ltr'><strong><em>llllV</em></strong></span> <span class='ocrx_word' id='word_1_218' title='bbox 813 2910 897 2962; x_wconf 87' lang='lat' dir='ltr'><strong><em>annis</em></strong></span> <span class='ocrx_word' id='word_1_219' title='bbox 916 2909 1002 2962; x_wconf 90' lang='lat' dir='ltr'><strong><em>etiam</em></strong></span> <span class='ocrx_word' id='word_1_220' title='bbox 1018 2909 1184 2968; x_wconf 80' lang='lat' dir='ltr'><strong><em>idoneosuu</em></strong></span> 
     </span>
    </p>
   </div>
   <div class='ocr_carea' id='block_1_4' title="bbox 176 2994 1136 3147">
    <p class='ocr_par' dir='ltr' id='par_1_8' title="bbox 176 2994 1136 3147">
     <span class='ocr_line' id='line_1_29' title="bbox 176 2994 326 3048; baseline 0.007 -1"><span class='ocrx_word' id='word_1_221' title='bbox 176 2994 304 3048; x_wconf 86' lang='lat' dir='ltr'><strong><em>liberare</em></strong></span> <span class='ocrx_word' id='word_1_222' title='bbox 319 3034 326 3048; x_wconf 89' lang='lat'><strong>.</strong></span> 
     </span>
     <span class='ocr_line' id='line_1_30' title="bbox 240 3000 1136 3147; baseline 0.001 -16"><span class='ocrx_word' id='word_1_223' title='bbox 240 3000 429 3133; x_wconf 47' lang='lat' dir='ltr'><strong><em>militem.</em></strong></span> <span class='ocrx_word' id='word_1_224' title='bbox 456 3074 549 3130; x_wconf 86' lang='lat' dir='ltr'><strong><em>Diuus</em></strong></span> <span class='ocrx_word' id='word_1_225' title='bbox 571 3072 692 3130; x_wconf 89' lang='lat' dir='ltr'><strong><em>Marcus</em></strong></span> <span class='ocrx_word' id='word_1_226' title='bbox 713 3077 742 3129; x_wconf 93' lang='lat' dir='ltr'><strong><em>in</em></strong></span> <span class='ocrx_word' id='word_1_227' title='bbox 765 3073 946 3130; x_wconf 87' lang='lat' dir='ltr'><strong><em>semestridus</em></strong></span> <span class='ocrx_word' id='word_1_228' title='bbox 968 3078 1136 3147; x_wconf 85' lang='lat' dir='ltr'><strong><em>rescripsit,</em></strong></span> 
     </span>
    </p>
   </div>
   <div class='ocr_carea' id='block_1_5' title="bbox 146 3227 1136 3996">
    <p class='ocr_par' dir='ltr' id='par_1_9' title="bbox 253 3227 1134 3297">
     <span class='ocr_line' id='line_1_31' title="bbox 253 3227 1134 3297; baseline 0.003 -17"><span class='ocrx_word' id='word_1_229' title='bbox 253 3231 271 3296; x_wconf 87' lang='lat'><strong><em>¹)</em></strong></span> <span class='ocrx_word' id='word_1_230' title='bbox 286 3232 327 3281; x_wconf 90' lang='lat' dir='ltr'><strong><em>Ita</em></strong></span> <span class='ocrx_word' id='word_1_231' title='bbox 343 3233 455 3282; x_wconf 58' lang='lat' dir='ltr'><strong><em>illomms.</em></strong></span> <span class='ocrx_word' id='word_1_232' title='bbox 470 3233 509 3281; x_wconf 91' lang='lat' dir='ltr'><strong><em>ed.</em></strong></span> <span class='ocrx_word' id='word_1_233' title='bbox 525 3247 559 3281; x_wconf 86' lang='lat' dir='ltr'><strong><em>ex</em></strong></span> <span class='ocrx_word' id='word_1_234' title='bbox 578 3231 605 3279; x_wconf 86' lang='lat' dir='ltr'><em>V</em></span> <span class='ocrx_word' id='word_1_235' title='bbox 606 3229 626 3278; x_wconf 53' lang='grc' dir='ltr'><strong><em>ἃ.</em></strong></span> <span class='ocrx_word' id='word_1_236' title='bbox 642 3232 754 3294; x_wconf 86' lang='lat' dir='ltr'><strong><em>perlectis</em></strong></span> <span class='ocrx_word' id='word_1_237' title='bbox 774 3232 832 3281; x_wconf 90' lang='lat' dir='ltr'><strong><em>Vat.</em></strong></span> <span class='ocrx_word' id='word_1_238' title='bbox 898 3227 974 3294; x_wconf 72' lang='lat' dir='ltr'><em>²)Cf.</em></span> <span class='ocrx_word' id='word_1_239' title='bbox 990 3233 1024 3283; x_wconf 83' lang='lat' dir='ltr'><strong><em>L.</em></strong></span> <span class='ocrx_word' id='word_1_240' title='bbox 1039 3247 1074 3286; x_wconf 80' lang='lat' dir='ltr'><strong><em>ro.</em></strong></span> <span class='ocrx_word' id='word_1_241' title='bbox 1093 3236 1134 3297; x_wconf 55' lang='grc' dir='ltr'><strong><em>ἐς.</em></strong></span> 
     </span>
    </p>

    <p class='ocr_par' dir='ltr' id='par_1_10' title="bbox 146 3300 1136 3996">
     <span class='ocr_line' id='line_1_32' title="bbox 178 3300 1136 3366; baseline 0.001 -16"><span class='ocrx_word' id='word_1_242' title='bbox 178 3315 197 3355; x_wconf 78' lang='lat'><strong><em>5.</em></strong></span> <span class='ocrx_word' id='word_1_243' title='bbox 213 3315 233 3354; x_wconf 86' lang='lat' dir='ltr'><strong><em>s.</em></strong></span> <span class='ocrx_word' id='word_1_244' title='bbox 254 3303 285 3350; x_wconf 87' lang='lat' dir='ltr'><strong><em>D.</em></strong></span> <span class='ocrx_word' id='word_1_245' title='bbox 300 3303 324 3349; x_wconf 81' lang='lat' dir='ltr'><strong><em>le.</em></strong></span> <span class='ocrx_word' id='word_1_246' title='bbox 340 3309 356 3350; x_wconf 89' lang='lat' dir='ltr'><strong><em>t.</em></strong></span> <span class='ocrx_word' id='word_1_247' title='bbox 376 3305 399 3362; x_wconf 65' lang='grc' dir='ltr'><strong><em>ξ.</em></strong></span> <span class='ocrx_word' id='word_1_248' title='bbox 415 3315 460 3351; x_wconf 84' lang='lat' dir='ltr'><strong><em>ur.</em></strong></span> <span class='ocrx_word' id='word_1_249' title='bbox 489 3300 541 3350; x_wconf 86' lang='lat' dir='ltr'><strong><em>Sed</em></strong></span> <span class='ocrx_word' id='word_1_250' title='bbox 559 3303 629 3364; x_wconf 89' lang='lat' dir='ltr'><strong><em>ipsa,</em></strong></span> <span class='ocrx_word' id='word_1_251' title='bbox 650 3317 714 3364; x_wconf 85' lang='lat' dir='ltr'><strong><em>quae</em></strong></span> <span class='ocrx_word' id='word_1_252' title='bbox 728 3308 832 3351; x_wconf 88' lang='lat' dir='ltr'><strong><em>seruato</em></strong></span> <span class='ocrx_word' id='word_1_253' title='bbox 845 3309 916 3357; x_wconf 87' lang='lat' dir='ltr'><strong><em>sunt,</em></strong></span> <span class='ocrx_word' id='word_1_254' title='bbox 936 3313 1065 3366; x_wconf 85' lang='lat' dir='ltr'><strong><em>corrupta</em></strong></span> <span class='ocrx_word' id='word_1_255' title='bbox 1080 3319 1136 3355; x_wconf 77' lang='lat' dir='ltr'><strong><em>esse</em></strong></span> 
     </span>
     <span class='ocr_line' id='line_1_33' title="bbox 177 3367 1134 3436; baseline 0.001 -15"><span class='ocrx_word' id='word_1_256' title='bbox 177 3373 304 3421; x_wconf 83' lang='lat' dir='ltr'><strong><em>uidentur.</em></strong></span> <span class='ocrx_word' id='word_1_257' title='bbox 363 3367 385 3434; x_wconf 82' lang='lat'><strong><em>⁸)</em></strong></span> <span class='ocrx_word' id='word_1_258' title='bbox 400 3370 506 3419; x_wconf 87' lang='lat' dir='ltr'><strong><em>Sensum</em></strong></span> <span class='ocrx_word' id='word_1_259' title='bbox 519 3370 676 3432; x_wconf 86' lang='lat' dir='ltr'><strong><em>probabilem</em></strong></span> <span class='ocrx_word' id='word_1_260' title='bbox 691 3373 849 3421; x_wconf 84' lang='lat' dir='ltr'><strong><em>restituendo</em></strong></span> <span class='ocrx_word' id='word_1_261' title='bbox 862 3372 1018 3436; x_wconf 73' lang='lat' dir='ltr'><strong><em>sipnifieaoi.</em></strong></span> <span class='ocrx_word' id='word_1_262' title='bbox 1046 3374 1085 3436; x_wconf 79' lang='lat' dir='ltr'><strong><em>Cf.</em></strong></span> <span class='ocrx_word' id='word_1_263' title='bbox 1102 3375 1134 3423; x_wconf 81' lang='lat' dir='ltr'><strong><em>L.</em></strong></span> 
     </span>
     <span class='ocr_line' id='line_1_34' title="bbox 146 3435 1136 3509; baseline 0.005 -20"><span class='ocrx_word' id='word_1_264' title='bbox 146 3468 150 3476; x_wconf 90' lang='lat'>·</span> <span class='ocrx_word' id='word_1_265' title='bbox 178 3454 210 3492; x_wconf 86' lang='grc' dir='ltr'><strong><em>ιο.</em></strong></span> <span class='ocrx_word' id='word_1_266' title='bbox 232 3443 269 3501; x_wconf 66' lang='grc' dir='ltr'><strong><em>ἓξ.</em></strong></span> <span class='ocrx_word' id='word_1_267' title='bbox 285 3453 305 3490; x_wconf 82' lang='lat' dir='ltr'><strong><em>u.</em></strong></span> <span class='ocrx_word' id='word_1_268' title='bbox 321 3452 340 3490; x_wconf 88' lang='lat' dir='ltr'><strong><em>s.</em></strong></span> <span class='ocrx_word' id='word_1_269' title='bbox 363 3440 394 3487; x_wconf 86' lang='lat' dir='ltr'><strong><em>tt.</em></strong></span> <span class='ocrx_word' id='word_1_270' title='bbox 415 3440 439 3487; x_wconf 85' lang='lat' dir='ltr'><strong><em>lt.</em></strong></span> <span class='ocrx_word' id='word_1_271' title='bbox 459 3447 476 3487; x_wconf 93' lang='lat' dir='ltr'><strong><em>t.</em></strong></span> <span class='ocrx_word' id='word_1_272' title='bbox 509 3439 719 3490; x_wconf 86' lang='lat' dir='ltr'><strong><em>Sacerdotiorum</em></strong></span> <span class='ocrx_word' id='word_1_273' title='bbox 737 3435 785 3490; x_wconf 78' lang='grc' dir='ltr'><strong><em>διὰ</em></strong></span> <span class='ocrx_word' id='word_1_274' title='bbox 808 3440 870 3508; x_wconf 85' lang='grc' dir='ltr'>βίου</span> <span class='ocrx_word' id='word_1_275' title='bbox 892 3445 1017 3504; x_wconf 87' lang='lat' dir='ltr'><strong><em>oppositis</em></strong></span> <span class='ocrx_word' id='word_1_276' title='bbox 1040 3452 1136 3509; x_wconf 86' lang='lat' dir='ltr'><strong><em>tempo·</em></strong></span> 
     </span>
     <span class='ocr_line' id='line_1_35' title="bbox 177 3509 1136 3574; baseline 0.006 -16"><span class='ocrx_word' id='word_1_277' title='bbox 177 3513 260 3558; x_wconf 89' lang='lat' dir='ltr'><strong><em>rariis</em></strong></span> <span class='ocrx_word' id='word_1_278' title='bbox 274 3512 382 3559; x_wconf 82' lang='lat' dir='ltr'><strong><em>maxime</em></strong></span> <span class='ocrx_word' id='word_1_279' title='bbox 397 3511 424 3558; x_wconf 91' lang='lat' dir='ltr'><strong><em>in</em></strong></span> <span class='ocrx_word' id='word_1_280' title='bbox 441 3509 549 3560; x_wconf 85' lang='lat' dir='ltr'><strong><em>Graecis</em></strong></span> <span class='ocrx_word' id='word_1_281' title='bbox 562 3513 645 3560; x_wconf 87' lang='lat' dir='ltr'><strong><em>titulis</em></strong></span> <span class='ocrx_word' id='word_1_282' title='bbox 663 3511 874 3574; x_wconf 79' lang='lat' dir='ltr'><strong><em>frequentissima</em></strong></span> <span class='ocrx_word' id='word_1_283' title='bbox 888 3514 988 3562; x_wconf 88' lang='lat' dir='ltr'><strong><em>mentio.</em></strong></span> <span class='ocrx_word' id='word_1_284' title='bbox 1019 3514 1058 3564; x_wconf 87' lang='lat' dir='ltr'><strong><em>De</em></strong></span> <span class='ocrx_word' id='word_1_285' title='bbox 1073 3523 1136 3564; x_wconf 89' lang='lat' dir='ltr'><strong><em>tem-</em></strong></span> 
     </span>
     <span class='ocr_line' id='line_1_36' title="bbox 174 3579 1135 3644; baseline 0.004 -14"><span class='ocrx_word' id='word_1_286' title='bbox 174 3582 293 3644; x_wconf 83' lang='lat' dir='ltr'><strong><em>porariis</em></strong></span> <span class='ocrx_word' id='word_1_287' title='bbox 307 3581 341 3642; x_wconf 81' lang='lat' dir='ltr'><strong><em>cs.</em></strong></span> <span class='ocrx_word' id='word_1_288' title='bbox 357 3580 414 3628; x_wconf 81' lang='lat' dir='ltr'><strong><em>hio.</em></strong></span> <span class='ocrx_word' id='word_1_289' title='bbox 430 3591 451 3635; x_wconf 83' lang='lat' dir='ltr'><strong><em>s,</em></strong></span> <span class='ocrx_word' id='word_1_290' title='bbox 466 3593 485 3631; x_wconf 84' lang='lat' dir='ltr'><strong><em>r.</em></strong></span> <span class='ocrx_word' id='word_1_291' title='bbox 504 3579 581 3630; x_wconf 88' lang='lat' dir='ltr'><strong><em>Oreit.</em></strong></span> <span class='ocrx_word' id='word_1_292' title='bbox 597 3592 657 3633; x_wconf 78' lang='lat' dir='ltr'><strong><em>soso.</em></strong></span> <span class='ocrx_word' id='word_1_293' title='bbox 676 3581 727 3630; x_wconf 82' lang='lat' dir='ltr'><strong><em>cic.</em></strong></span> <span class='ocrx_word' id='word_1_294' title='bbox 747 3582 824 3630; x_wconf 68' lang='lat' dir='ltr'><strong><em>Verr,</em></strong></span> <span class='ocrx_word' id='word_1_295' title='bbox 834 3581 872 3638; x_wconf 85' lang='lat' dir='ltr'><strong><em>rt,</em></strong></span> <span class='ocrx_word' id='word_1_296' title='bbox 883 3594 903 3639; x_wconf 83' lang='lat' dir='ltr'><strong><em>s,</em></strong></span> <span class='ocrx_word' id='word_1_297' title='bbox 913 3593 947 3633; x_wconf 81' lang='lat'><strong><em>51.</em></strong></span> <span class='ocrx_word' id='word_1_298' title='bbox 959 3593 1005 3634; x_wconf 85' lang='lat' dir='ltr'><strong><em>rso.</em></strong></span> <span class='ocrx_word' id='word_1_299' title='bbox 1021 3585 1135 3636; x_wconf 81' lang='lat' dir='ltr'><strong><em>Diodor.</em></strong></span> 
     </span>
     <span class='ocr_line' id='line_1_37' title="bbox 177 3649 1135 3715; baseline 0.003 -14"><span class='ocrx_word' id='word_1_300' title='bbox 177 3662 210 3705; x_wconf 84' lang='lat' dir='ltr'><strong><em>rs,</em></strong></span> <span class='ocrx_word' id='word_1_301' title='bbox 225 3662 258 3700; x_wconf 83' lang='lat' dir='ltr'><strong><em>ro.</em></strong></span> <span class='ocrx_word' id='word_1_302' title='bbox 323 3649 345 3713; x_wconf 80' lang='lat'><strong><em>⁴)</em></strong></span> <span class='ocrx_word' id='word_1_303' title='bbox 364 3649 490 3700; x_wconf 83' lang='lat' dir='ltr'><strong><em>Similiter</em></strong></span> <span class='ocrx_word' id='word_1_304' title='bbox 509 3654 612 3701; x_wconf 82' lang='lat' dir='ltr'><strong><em>restitui</em></strong></span> <span class='ocrx_word' id='word_1_305' title='bbox 630 3667 676 3714; x_wconf 89' lang='lat' dir='ltr'><strong><em>ope</em></strong></span> <span class='ocrx_word' id='word_1_306' title='bbox 695 3653 735 3714; x_wconf 56' lang='grc' dir='ltr'><strong><em>ἐξ.</em></strong></span> <span class='ocrx_word' id='word_1_307' title='bbox 751 3664 797 3703; x_wconf 83' lang='lat' dir='ltr'><strong><em>1rr.</em></strong></span> <span class='ocrx_word' id='word_1_308' title='bbox 813 3664 859 3703; x_wconf 80' lang='lat' dir='ltr'><strong><em>ure.</em></strong></span> <span class='ocrx_word' id='word_1_309' title='bbox 879 3659 904 3700; x_wconf 88' lang='lat' dir='ltr'><strong><em>et</em></strong></span> <span class='ocrx_word' id='word_1_310' title='bbox 923 3653 953 3701; x_wconf 84' lang='lat' dir='ltr'><strong><em>L.</em></strong></span> <span class='ocrx_word' id='word_1_311' title='bbox 969 3665 989 3703; x_wconf 91' lang='lat' dir='ltr'><strong><em>s.</em></strong></span> <span class='ocrx_word' id='word_1_312' title='bbox 1006 3655 1029 3715; x_wconf 69' lang='grc' dir='ltr'><strong><em>ξ.</em></strong></span> <span class='ocrx_word' id='word_1_313' title='bbox 1046 3665 1080 3704; x_wconf 83' lang='lat' dir='ltr'><strong><em>rs.</em></strong></span> <span class='ocrx_word' id='word_1_314' title='bbox 1101 3656 1135 3703; x_wconf 86' lang='lat' dir='ltr'><strong><em>D.</em></strong></span> 
     </span>
     <span class='ocr_line' id='line_1_38' title="bbox 177 3719 1135 3787; baseline 0.003 -18"><span class='ocrx_word' id='word_1_315' title='bbox 177 3721 233 3769; x_wconf 73' lang='lat' dir='ltr'><strong><em>lui.</em></strong></span> <span class='ocrx_word' id='word_1_316' title='bbox 286 3719 307 3786; x_wconf 75' lang='lat'><strong><em>⁶)</em></strong></span> <span class='ocrx_word' id='word_1_317' title='bbox 324 3720 441 3770; x_wconf 77' lang='lat' dir='ltr'><strong><em>destitui.</em></strong></span> <span class='ocrx_word' id='word_1_318' title='bbox 473 3722 510 3784; x_wconf 69' lang='lat' dir='ltr'><strong><em>Cf.</em></strong></span> <span class='ocrx_word' id='word_1_319' title='bbox 525 3722 557 3772; x_wconf 74' lang='lat' dir='ltr'><strong><em>L.</em></strong></span> <span class='ocrx_word' id='word_1_320' title='bbox 573 3735 597 3773; x_wconf 79' lang='lat'><strong><em>21</em></strong></span> <span class='ocrx_word' id='word_1_321' title='bbox 608 3738 652 3786; x_wconf 79' lang='lat' dir='ltr'><strong><em>pr.</em></strong></span> <span class='ocrx_word' id='word_1_322' title='bbox 672 3721 703 3769; x_wconf 82' lang='lat'><strong><em>1).</em></strong></span> <span class='ocrx_word' id='word_1_323' title='bbox 719 3722 743 3772; x_wconf 83' lang='lat' dir='ltr'><strong><em>lt.</em></strong></span> <span class='ocrx_word' id='word_1_324' title='bbox 758 3728 775 3771; x_wconf 88' lang='lat' dir='ltr'><strong><em>t.</em></strong></span> <span class='ocrx_word' id='word_1_325' title='bbox 796 3722 827 3770; x_wconf 80' lang='lat' dir='ltr'><strong><em>h.</em></strong></span> <span class='ocrx_word' id='word_1_326' title='bbox 843 3734 875 3773; x_wconf 78' lang='grc'><strong><em>16.</em></strong></span> <span class='ocrx_word' id='word_1_327' title='bbox 898 3722 922 3771; x_wconf 79' lang='grc'><strong><em>0.</em></strong></span> <span class='ocrx_word' id='word_1_328' title='bbox 938 3723 962 3771; x_wconf 85' lang='lat' dir='ltr'><strong><em>b.</em></strong></span> <span class='ocrx_word' id='word_1_329' title='bbox 978 3731 994 3771; x_wconf 93' lang='lat' dir='ltr'><strong><em>t.</em></strong></span> <span class='ocrx_word' id='word_1_330' title='bbox 1056 3721 1135 3787; x_wconf 75' lang='lat' dir='ltr'><strong><em>⁰)se-</em></strong></span> 
     </span>
     <span class='ocr_line' id='line_1_39' title="bbox 176 3788 1135 3857; baseline 0.007 -18"><span class='ocrx_word' id='word_1_331' title='bbox 176 3791 259 3840; x_wconf 84' lang='lat' dir='ltr'><strong><em>stertis</em></strong></span> <span class='ocrx_word' id='word_1_332' title='bbox 274 3792 331 3842; x_wconf 85' lang='lat' dir='ltr'><strong><em>edd.</em></strong></span> <span class='ocrx_word' id='word_1_333' title='bbox 361 3792 399 3854; x_wconf 76' lang='lat' dir='ltr'><strong><em>Cf.</em></strong></span> <span class='ocrx_word' id='word_1_334' title='bbox 417 3792 664 3856; x_wconf 77' lang='lat' dir='ltr'><strong><em>Collat.1t,s.§.t.</em></strong></span> <span class='ocrx_word' id='word_1_335' title='bbox 731 3788 885 3857; x_wconf 82' lang='lat' dir='ltr'><strong><em>⁷)Iiestitui.</em></strong></span> <span class='ocrx_word' id='word_1_336' title='bbox 912 3793 1135 3856; x_wconf 73' lang='lat' dir='ltr'><strong><em>Cs.§§.1dt.uss.</em></strong></span> 
     </span>
     <span class='ocr_line' id='line_1_40' title="bbox 176 3860 1134 3928; baseline 0.002 -18"><span class='ocrx_word' id='word_1_337' title='bbox 176 3861 208 3910; x_wconf 83' lang='lat' dir='ltr'><strong><em>L.</em></strong></span> <span class='ocrx_word' id='word_1_338' title='bbox 224 3864 295 3924; x_wconf 78' lang='lat'>10.§.</span> <span class='ocrx_word' id='word_1_339' title='bbox 311 3873 330 3913; x_wconf 82' lang='lat' dir='ltr'><strong><em>t.</em></strong></span> <span class='ocrx_word' id='word_1_340' title='bbox 347 3862 378 3911; x_wconf 85' lang='lat' dir='ltr'><strong><em>D.</em></strong></span> <span class='ocrx_word' id='word_1_341' title='bbox 394 3863 417 3914; x_wconf 84' lang='lat' dir='ltr'><strong><em>b.</em></strong></span> <span class='ocrx_word' id='word_1_342' title='bbox 434 3870 450 3912; x_wconf 93' lang='lat' dir='ltr'><strong><em>t.</em></strong></span> <span class='ocrx_word' id='word_1_343' title='bbox 510 3861 531 3927; x_wconf 81' lang='lat'><strong><em>⁸)</em></strong></span> <span class='ocrx_word' id='word_1_344' title='bbox 545 3864 622 3912; x_wconf 88' lang='lat' dir='ltr'><strong><em>minor</em></strong></span> <span class='ocrx_word' id='word_1_345' title='bbox 637 3861 660 3926; x_wconf 89' lang='lat' dir='ltr'><strong><em>(r</em></strong></span> <span class='ocrx_word' id='word_1_346' title='bbox 673 3878 719 3911; x_wconf 88' lang='lat' dir='ltr'><strong><em>nec</em></strong></span> <span class='ocrx_word' id='word_1_347' title='bbox 735 3865 762 3910; x_wconf 86' lang='lat' dir='ltr'><strong><em>in</em></strong></span> <span class='ocrx_word' id='word_1_348' title='bbox 781 3863 808 3909; x_wconf 88' lang='lat' dir='ltr'><em>V</em></span> <span class='ocrx_word' id='word_1_349' title='bbox 809 3863 828 3910; x_wconf 69' lang='lat'><strong><em>⁴.</em></strong></span> <span class='ocrx_word' id='word_1_350' title='bbox 845 3865 956 3912; x_wconf 83' lang='lat' dir='ltr'><strong><em>traiecta</em></strong></span> <span class='ocrx_word' id='word_1_351' title='bbox 970 3860 1049 3928; x_wconf 87' lang='lat' dir='ltr'><strong><em>linea)</em></strong></span> <span class='ocrx_word' id='word_1_352' title='bbox 1072 3863 1099 3911; x_wconf 83' lang='lat' dir='ltr'><em>V</em></span> <span class='ocrx_word' id='word_1_353' title='bbox 1096 3873 1134 3913; x_wconf 91' lang='lat' dir='ltr'><strong><em>ut.</em></strong></span> 
     </span>
     <span class='ocr_line' id='line_1_41' title="bbox 176 3930 1135 3996; baseline 0.004 -16"><span class='ocrx_word' id='word_1_354' title='bbox 176 3933 233 3981; x_wconf 89' lang='lat' dir='ltr'><strong><em>edd.</em></strong></span> <span class='ocrx_word' id='word_1_355' title='bbox 299 3930 448 3983; x_wconf 68' lang='lat' dir='ltr'><strong><em>&#39;lliestitui</em></strong></span> <span class='ocrx_word' id='word_1_356' title='bbox 461 3935 555 3984; x_wconf 88' lang='lat' dir='ltr'><strong><em>nartim</em></strong></span> <span class='ocrx_word' id='word_1_357' title='bbox 571 3933 749 3982; x_wconf 88' lang='lat' dir='ltr'><strong><em>Mommsenum</em></strong></span> <span class='ocrx_word' id='word_1_358' title='bbox 763 3940 872 3983; x_wconf 89' lang='lat' dir='ltr'><strong><em>secutus.</em></strong></span> <span class='ocrx_word' id='word_1_359' title='bbox 903 3933 941 3995; x_wconf 83' lang='lat' dir='ltr'><strong><em>Cf.</em></strong></span> <span class='ocrx_word' id='word_1_360' title='bbox 957 3935 980 3996; x_wconf 67' lang='grc' dir='ltr'><strong><em>ἓ.</em></strong></span> <span class='ocrx_word' id='word_1_361' title='bbox 996 3947 1016 3984; x_wconf 88' lang='lat'><strong><em>1.</em></strong></span> <span class='ocrx_word' id='word_1_362' title='bbox 1035 3932 1058 3983; x_wconf 88' lang='grc' dir='ltr'><strong><em>Ι.</em></strong></span> <span class='ocrx_word' id='word_1_363' title='bbox 1074 3933 1099 3984; x_wconf 79' lang='lat' dir='ltr'><strong><em>b.</em></strong></span> <span class='ocrx_word' id='word_1_364' title='bbox 1116 3943 1135 3985; x_wconf 89' lang='lat' dir='ltr'><strong><em>t.</em></strong></span> 
     </span>
    </p>
   </div>
   <div class='ocr_carea' id='block_1_6' title="bbox 0 0 1194 4386">
    <p class='ocr_par' dir='ltr' id='par_1_11' title="bbox 0 0 1194 4386">
     <span class='ocr_line' id='line_1_42' title="bbox 0 0 1194 4386; baseline 0 3"><span class='ocrx_word' id='word_1_365' title='bbox 0 0 1194 4386; x_wconf 95' lang='lat' dir='ltr'><strong><em> </em></strong></span> 
     </span>
    </p>
   </div>
  </div>
 </body>
</html>
