2378 4386
191 563 252 628 754
401 582 499 618 rasura
518 582 571 618 ivn.
590 581 651 618 aori.
670 581 757 618 verae.
778 569 925 618 tlt-117.

189 710 335 786 probabilis
351 707 575 768 instrumentum¹
599 714 678 783 filine
689 715 811 783 proprie
826 713 922 768 datum
937 713 966 767 in
983 713 1150 784 periculum

189 795 284 868 redigi,
309 803 338 851 ut
360 811 417 852 eam
440 795 583 868 praelatam
605 797 684 852 liceat
706 795 877 851 'nereditatls
893 788 970 852 curn²
994 801 1082 853 sociis
1099 817 1150 857 ae·

189 882 288 953 quari,
307 896 367 951 por
381 896 439 936 non
455 886 497 935 est
511 893 554 949 eo,
570 881 647 953 quod
655 886 757 951 poter,
781 879 867 935 iratus
883 881 1086 936 coniunctionis
1101 881 1151 939 fir·

189 963 291 1034 nitate,
308 955 542 1036 ’promissionem8
557 964 617 1020 solo
630 964 724 1019 libello
738 962 875 1035 perfecit,
891 980 1067 1036 quamquam
1083 982 1150 1024 eam

188 1050 261 1105 iuxta
282 1054 413 1102 statutum
436 1046 578 1103 iudicantis
600 1045 731 1103 adflixerit
753 1048 787 1102 ob
806 1049 861 1104 laoc
884 1051 1037 1118 sententio,
1064 1055 1151 1108 euius

188 1132 291 1188 iniuria
304 1128 475 1203 deprimitur.
499 1129 600 1186 Viderit
610 1132 691 1202 euim,
709 1141 800 1186 utrum
813 1131 839 1186 in
855 1132 1031 1204 praeteritum
1044 1142 1149 1191 ancto-

188 1219 262 1272 ritas
273 1222 352 1272 extet
363 1216 444 1287 apud
458 1217 552 1271 uirum
564 1216 598 1270 de
611 1216 675 1271 dole
690 1216 851 1286 repromissa
864 1216 1032 1271 aestimantis
1045 1215 1151 1292 aliquid

187 1313 327 1356 remanere
349 1307 498 1371 oportere,
521 1300 597 1372 quod
615 1301 677 1356 sine
698 1301 882 1369 stipulatione
901 1299 979 1355 baud
995 1303 1150 1358 constituta

187 1380 295 1458 petendi
324 1379 436 1438 firmitas
464 1390 606 1456 putaretur
632 1398 646 1438 e
673 1385 812 1439 communi
836 1383 941 1438 dotium
970 1387 1051 1454 iure,
1082 1388 1149 1443 dum

185 1468 280 1539 potior
295 1468 445 1539 parentium
461 1464 570 1522 allectus
585 1466 732 1540 persuasit,
755 1474 785 1521 ut
800 1465 827 1522 in
849 1459 929 1521 ἐοΙε4
953 1474 1148 1527 conuentione
1158 1485 1173 1534 t

185 1552 265 1621 filine
281 1557 368 1606 cauta
384 1549 449 1606 dote
464 1550 594 1623 obligatio
610 1539 794 1623 gigneretur.³
819 1549 929 1604 Frustra
941 1551 1056 1607 euidens
1072 1558 1149 1611 mole

187 1636 413 1704 detorquentium
422 1641 572 1705 paternam
585 1632 766 1688 restituendae
778 1632 849 1689 dotis
861 1633 1033 1691 uoluntatem
1045 1640 1147 1694 astutia

187 1719 318 1775 heredum
333 1721 373 1774 ita
388 1721 608 1789 interpretatur,
625 1720 709 1789 quasi
722 1718 756 1772 de
771 1716 924 1790 speciebus,
943 1734 1012 1792 quas
1025 1719 1086 1777 doti
1102 1740 1148 1796 pa·

187 1812 228 1860 ter
244 1799 312 1858 filiae
331 1803 439 1858 nomine
453 1800 661 1875 designauerat,
684 1816 737 1857 aaa
757 1805 853 1872 pratia
870 1804 940 1872 quid
954 1804 994 1858 ad
1006 1819 1146 1876 penerum

187 1885 268 1944 libelli
283 1887 429 1961 scriptione
444 1893 560 1959 promat,
582 1881 657 1940 etde
675 1882 852 1941 redhibitione
868 1886 922 1942 sibi
934 1885 1079 1957 socienda
1096 1906 1146 1945 ea·

187 1979 264 2043 aeol,
281 1975 330 2045 qui
343 1976 441 2028 contra
454 1968 523 2025 idlae
535 1968 626 2024 dotem
641 1968 746 2023 restitui
762 1969 860 2024 uoluit.
889 1967 999 2025 Frustra
1012 1970 1145 2029 llarimus

186 2075 214 2115 u.
231 2074 268 2127 e.,
289 2057 354 2113 dum
373 2058 453 2127 filiae
468 2055 678 2124 stipulationem
698 2051 846 2119 desiderat,
869 2052 971 2109 denoto
988 2051 1148 2128 submoto,⁶

186 2142 230 2198 aui
245 2140 296 2196 dos
310 2138 435 2195 Paulinae
451 2138 560 2192 nomine
575 2136 644 2190 data
660 2142 718 2206 est,
739 2136 816 2192 bane
831 2140 871 2191 ito
893 2143 1004 2194 tantum
1019 2143 1083 2195 eius
1097 2156 1145 2196 re-

186 2225 343 2297 petitionem
359 2222 501 2277 instituere
516 2219 638 2291 potuisse
653 2216 790 2289 iudicauit,
813 2227 843 2276 ut
865 2221 1025 2293 conferret.
1071 2223 1144 2280 Cum

186 2312 281 2380 ipilur,
298 2320 373 2378 qnae
388 2309 424 2360 sit
439 2304 576 2359 demortui
591 2301 718 2358 uoluntas
730 2304 827 2375 soceri,
844 2306 931 2376 primo
944 2322 994 2378 per
1008 2304 1146 2379 libellum,

184 2388 281 2445 debinc
293 2403 349 2459 per
369 2391 536 2445 relationem
551 2387 683 2443 Renatus
703 2402 755 2443 nos
777 2387 927 2457 consuluit,
950 2389 1081 2446 auxilium
1098 2409 1147 2449 uo·

185 2481 257 2528 strae
273 2472 483 2528 mausuetudinis
497 2471 645 2541 inplorans
664 2487 719 2542 pro
741 2486 851 2541 uxore,
876 2478 906 2527 ut
927 2489 1055 2543 praeses
1075 2493 1146 2547 pro·

184 2559 299 2614 uineiae
314 2555 435 2630 undique
451 2571 559 2611 uersum
572 2555 629 2610 eius
642 2552 791 2610 actionibus
803 2554 902 2610 aditum
915 2555 1003 2627 daret,
1024 2560 1072 2631 qui
1085 2578 1147 2617 curn

185 2642 373 2716 repetitionem
389 2642 462 2698 dotis
476 2654 516 2697 ex
525 2645 616 2710 pacto
632 2640 659 2694 ei
672 2638 848 2710 derrepnssel,
873 2638 975 2695 uiolato
991 2647 1148 2701 necessitu-

184 2726 253 2783 dinis
268 2727 342 2796 iure,
364 2723 482 2782 secundo
497 2723 585 2779 soceri
600 2723 702 2778 iudicio
716 2737 778 2778 eam
791 2726 922 2793 priuauit
937 2732 1045 2782 eontra
1061 2728 1148 2785 liere-

184 2813 244 2879 dea,
267 2811 321 2868 boc
344 2809 458 2883 atlrpisci
481 2805 644 2862 merebatur.
687 2803 858 2879 Quapropter
879 2804 982 2862 diasimi
1008 2815 1148 2868 sententia

184 2895 290 2961 dotem,
317 2894 393 2950 cuius
414 2895 536 2964 pretium
559 2906 614 2947 non
638 2897 749 2962 oportet
770 2889 922 2945 deredidos
940 2898 1043 2962 patris
1066 2899 1148 2954 intaeta

185 2986 329 3035 extremam
341 2977 446 3034 restitui
463 2975 640 3043 uoluntatem,
657 2975 702 3046 qui
716 2989 772 3029 eam
784 2973 859 3029 reddi
874 2976 954 3045 filiae
967 2991 1044 3033 satae
1057 2989 1147 3038 anteo

182 3066 298 3136 pepipit‚
313 3060 455 3134 prohiberi
472 3059 581 3132 placuit.
612 3074 662 3114 uec
676 3058 746 3113 euim
762 3055 872 3112 dubium
888 3065 938 3120 est.
956 3059 1091 3119 ellectum
1107 3080 1147 3120 re·

184 3148 337 3203 stitutionis
350 3148 429 3218 filiae
444 3163 462 3198 u
477 3144 591 3199 dienato
607 3156 669 3198 esse
685 3142 863 3211 destinatum,
887 3142 928 3196 cui
952 3142 1051 3201 dotem
1078 3145 1146 3204 filiae

185 3232 293 3286 nomine
308 3244 358 3303 per
372 3227 491 3284 libellum
509 3228 654 3281 constituit
657 3264 783 3280 ......

88 3303 174 3424 {3131
248 3309 310 3370 114.
334 3304 460 3366 ⁷Paullus
484 3307 530 3363 lib.
547 3305 610 3365 vlll.
626 3305 835 3379 Responsorum.
879 3301 991 3386 (Inter)
1009 3314 1104 3370 uirum
1120 3322 1146 3371 et

258 3491 276 3559 ¹)
293 3493 331 3557 Cf.
347 3494 458 3557 Appiam.
474 3493 505 3541 de
520 3493 649 3552 b.c.t,3³.
702 3490 722 3558 ²)
738 3533 743 3543 .
760 3534 765 3545 .
783 3533 787 3543 .
804 3534 809 3545 .
825 3495 880 3542 tatis
896 3508 948 3542 enm
969 3494 1000 3544 V.
1017 3502 1145 3563 proprie·

184 3566 238 3616 tatis
254 3579 308 3613 eum
322 3565 378 3613 edd.
408 3563 439 3612 In
454 3580 534 3629 morp.
549 3572 586 3613 est
601 3566 702 3613 lemma:
722 3564 771 3621 llic,
787 3565 866 3612 dotent
881 3564 923 3629 (V
925 3564 944 3612 ἀ.
961 3565 1054 3617 donum
1076 3570 1145 3634 Vat.)

184 3651 227 3700 per
241 3635 345 3684 libellum
363 3635 507 3698 promissam
527 3643 550 3682 el
569 3636 619 3683 sine
639 3634 790 3697 stipulatione
810 3636 904 3698 alserre
920 3636 994 3696 filiae
1014 3641 1144 3689 actionem.

185 3704 207 3767 ³)
221 3706 273 3769 proi
289 3741 295 3755 .
311 3741 317 3754 .
334 3742 339 3754 .
356 3742 361 3755 .
377 3720 414 3754 ena
439 3704 496 3754 Vut.
512 3714 535 3754 et
555 3704 581 3752 V
583 3705 602 3754 ²¹.
668 3703 688 3768 ⁴)
708 3704 754 3752 Vi.
771 3705 821 3752 solo
842 3704 899 3753 l'ul.
966 3703 1144 3771 ⁶)Cfi11.tn

184 3776 217 3826 D.
231 3777 277 3826 sol.
293 3783 367 3826 matr.
383 3774 427 3841 (aa,
442 3775 472 3839 a).
488 3775 519 3824 L.
536 3787 555 3826 t.
578 3775 603 3824 C.
618 3776 649 3824 de
661 3783 730 3838 puel.
746 3791 817 3824 cono.
834 3774 864 3839 (a,
876 3773 919 3838 tt).
973 3773 994 3837 6)
1012 3780 1030 3827 ἰ.
1048 3796 1070 3830 e.
1084 3783 1110 3830 si
1125 3783 1146 3829 ie

184 3855 264 3898 morte
278 3848 317 3896 vel
331 3849 399 3896 alias
413 3863 426 3895 e
440 3849 601 3896 matrimonio
615 3845 743 3895 subirrotus
756 3854 828 3895 esset.
882 3843 902 3910 7)
919 3844 957 3905 Cf.
970 3846 1002 3895 L.
1016 3862 1051 3901 18.
1068 3851 1101 3903 L,
1112 3862 1144 3904 5⁸.

184 3930 217 3970 ts.
234 3920 255 3981 ἓ.
271 3930 292 3970 e.
312 3918 343 3966 D.
359 3919 390 3968 de
405 3920 455 3967 iar.
471 3917 522 3966 dot.
538 3915 582 3980 (aa,
597 3914 629 3979 t).
644 3916 675 3964 h.
691 3928 724 3966 ao.
740 3917 762 3977 ἓ.
778 3928 798 3967 a.
823 3916 854 3963 D.
874 3917 921 3965 sol.
941 3925 1019 3969 matr.
1041 3920 1093 3986 (u,
1113 3920 1144 3987 a).
