2378 4386
167 532 230 598 288
466 546 527 583 eurr
544 545 642 582 meru.
661 527 710 583 ΙΙΙ.
730 533 836 583 li-ld.

168 695 219 766 qui
237 691 323 748 ctiam
343 690 552 762 consenquinei
573 698 715 759 uocantur,
738 704 789 746 nec
810 690 976 762 requiritur,
1000 706 1031 744 an
1055 691 1135 746 etiam

169 784 280 831 matrem
296 774 407 830 eandem
420 771 578 837 lnahuerint;
595 774 659 829 item
672 782 786 847 patruus
803 773 894 829 iratrls
906 771 962 830 lilio
975 783 1003 831 et
1020 775 1136 832 inuicem

168 861 191 915 ls
206 857 245 915 illi
261 865 376 933 agnatus
391 865 449 914 est:
466 856 561 914 eedem
577 873 690 914 numere
706 865 772 913 sunt
793 857 891 914 iratres
912 858 1049 931 patrueles
1064 861 1136 916 inter

169 959 213 1014 se,
236 941 262 998 ld
285 951 327 999 est
350 944 396 1016 qul
419 959 451 999 ex
473 939 581 999 duobus
604 940 732 998 iratribus
761 944 935 1017 progenerati
957 951 1035 1014 sunt,
1067 960 1136 1018 ques

169 1027 293 1101 plerique
314 1028 394 1083 ellam
410 1026 590 1084 consobrinos
605 1035 717 1101 uocant3
743 1043 795 1100 qua
816 1028 920 1083 ratione
935 1027 1039 1086 scillcet
1055 1030 1136 1085 etlam

169 1112 202 1168 ad
224 1111 317 1184 plures
340 1110 440 1186 gradus
462 1112 617 1185 agnationis
639 1114 784 1185 peruenire
806 1113 966 1185 poterimus.
1009 1110 1053 1170 ll.
1077 1113 1137 1171 lion

170 1206 259 1254 tamen
282 1194 407 1252 omnihus
429 1195 509 1253 simul
538 1196 643 1270 agnatis
671 1195 715 1251 dat
745 1196 787 1252 lex
809 1212 856 1253 111
883 1196 1032 1254 tabularum
1059 1199 1137 1255 here·

169 1281 291 1351 dilatem,
307 1280 355 1337 sed
370 1281 423 1350 his,
441 1281 488 1355 qui
504 1289 647 1350 tumeam
663 1288 769 1336 certum
784 1288 827 1337 est
843 1280 959 1357 aliquem
974 1283 1135 1340 intestatum

169 1365 333 1437 decessisse,
362 1368 485 1440 proxime
518 1363 604 1439 gradu
627 1372 700 1421 sunt.
743 1362 789 1422 tit.
812 1364 867 1422 Nec
889 1368 916 1422 iu
939 1383 972 1423 ec
995 1369 1053 1423 iure
1076 1383 1136 1425 sue·

169 1451 256 1507 cessio
272 1459 328 1507 est:
351 1450 469 1525 ideoque
483 1451 507 1505 si
523 1456 638 1522 agnatus
653 1450 791 1523 prosimus
807 1449 985 1506 hereditatem
1005 1453 1136 1522 omiserit,

170 1534 214 1591 uel
237 1543 380 1609 antequam
403 1534 515 1606 adierit,
537 1532 698 1604 decesserit,
723 1533 901 1608 sequentihus
925 1536 991 1592 nihil
1014 1537 1078 1592 luris
1104 1551 1135 1591 ea

169 1617 231 1693 lege
246 1621 386 1694 competit.
421 1615 467 1676 13.
485 1617 547 1674 ldee
562 1626 652 1674 autern
667 1633 722 1674 nen
739 1620 834 1676 mortis
855 1629 977 1693 tempore
993 1622 1053 1694 quis
1064 1637 1135 1694 pro·

170 1708 263 1760 murus
275 1702 395 1777 (falerii,
411 1703 585 1777 requirimus,
602 1703 647 1759 sed
661 1719 693 1759 eo
708 1711 840 1777 tempore,
857 1721 912 1778 quo
924 1713 1029 1762 certum
1045 1704 1136 1775 luerit,

170 1788 285 1861 aliquem
297 1789 456 1845 intestatum
468 1787 630 1856 decessisse,
643 1788 704 1861 quin
712 1789 735 1843 si
747 1789 809 1860 quis
821 1794 989 1846 testamento
998 1789 1081 1861 sacto
1091 1788 1137 1845 de·

170 1875 293 1942 cesserit,
306 1873 402 1929 melius
412 1873 568 1928 essenisum
578 1878 630 1941 est,
642 1871 691 1928 ’ece
702 1873 744 1941 iis,
757 1864 1022 1950 (qui)tunc(suut)¹,
1035 1875 1137 1947 requiri

170 1960 336 2032 proximum,
359 1973 420 2014 cum
436 1964 543 2013 certum
559 1971 619 2011 esse
641 1958 774 2031 eoeperit,
798 1958 930 2012 neminem
953 1973 985 2012 er
1004 1973 1037 2012 eo
1054 1967 1137 2014 testa-

172 2051 264 2099 mento
280 2042 340 2098 lore
355 2040 492 2098 heredem.
522 2036 567 2096 14.
592 2039 670 2107 Quod
691 2040 723 2096 ad
744 2040 855 2096 seminas
876 2050 964 2095 tamen
984 2043 1093 2112 attinet,
1111 2043 1137 2098 in

96 2122 153 2173 ¹29·
173 2127 225 2183 hec
248 2129 306 2182 iure
329 2126 405 2182 aliud
424 2127 451 2180 in
475 2119 480 2199 l
503 2126 622 2198 ipsarum
648 2124 842 2182 hereditatibus
864 2122 1002 2197 capiendis
1026 2125 1138 2196 placuit,

172 2210 248 2268 allud
268 2210 304 2266 ’in
320 2200 495 2266 ceterorum²
517 2209 550 2265 ab
566 2210 607 2265 his
622 2208 773 2284 capiendis:
795 2225 857 2265 nam
880 2207 1037 2264 laminarum
1053 2209 1138 2267 ltere·

170 2297 269 2351 dilates
291 2294 402 2368 perinde
422 2296 457 2351 ad
477 2311 527 2351 nos
548 2296 701 2369 agnationis
722 2295 780 2350 iure
800 2292 916 2350 redeunt
930 2301 1012 2366 atque
1034 2311 1138 2352 mascu-

169 2379 273 2450 lorum,
297 2390 412 2436 nestrae
427 2395 495 2436 uero
511 2379 675 2436 hereditates
697 2377 729 2434 ad
751 2378 862 2435 seminas
882 2377 953 2433 ultra
975 2381 1138 2455 cunsangui-

170 2478 284 2520 neerum
306 2463 419 2539 gradum
441 2480 497 2521 nen
519 2466 672 2540 pertinent:
695 2466 787 2538 itaque
810 2479 891 2520 seror
913 2463 990 2519 iratri
1013 2467 1138 2521 sororiae

170 2547 291 2623 legitima
313 2550 391 2606 heres
412 2558 468 2621 est,
492 2552 572 2606 amita
593 2566 658 2606 uero
680 2557 707 2605 et
728 2548 820 2604 iratris
840 2546 895 2604 lilla
915 2547 1036 2622 legitima
1057 2549 1137 2605 heres

171 2650 231 2691 esse
253 2630 326 2710 (non
343 2643 441 2709 potest
448 2660 457 2701 ,·
478 2639 589 2693 sororis
604 2642 700 2692 cutem
715 2636 797 2692 nohis
810 2637 873 2691 loco
889 2632 941 2705 est)
956 2634 1036 2689 etiam
1053 2642 1138 2690 mater

171 2728 218 2775 sut
232 2736 368 2794 nouerca,
392 2738 461 2794 qnae
483 2737 533 2795 per
551 2723 578 2777 in
598 2736 704 2776 manum
721 2719 930 2776 conuentionem
946 2719 1021 2791 apud
1033 2726 1135 2792 patrem

171 2813 296 2862 nostrum
311 2807 370 2864 iura
385 2805 454 2862 sillae
469 2797 647 2863 ἰιιιιιιιιιι3
662 2812 713 2861 est.
752 2799 795 2862 15.
816 2803 844 2859 Si
867 2804 907 2874 ei,
928 2804 973 2875 qui
990 2801 1136 2859 defunctus

172 2891 240 2959 erit,
256 2892 291 2945 sil
306 2890 390 2946 irater
409 2899 437 2945 et
456 2889 567 2946 alterius
588 2889 680 2945 iratris
702 2887 784 2958 iilius,
806 2889 876 2945 slent
898 2904 930 2943 ex
949 2886 1135 2961 superioribus
1149 2894 1189 2948 ιιι

246 3036 266 3104 ¹)
281 3047 336 3090 lune
356 3048 379 3089 ct
399 3041 428 3089 iis
452 3041 480 3089 V
480 3036 508 3088 ¹².
528 3055 555 3089 ex
575 3040 605 3089 iis
627 3056 673 3090 om.
696 3041 804 3090 Collatia
823 3048 847 3090 et
861 3041 919 3090 edd.
948 3040 974 3087 in
993 3036 1134 3101 archetypo

169 3110 268 3174 fuerit:
286 3125 313 3159 cx
333 3112 363 3159 iis
383 3109 444 3176 q(ui)
461 3119 515 3160 tunc
530 3108 607 3176 s(unl)
626 3118 651 3159 et
671 3113 710 3160 sic
730 3129 798 3161 aune
816 3126 893 3161 sensu
913 3111 1031 3176 exipente
1046 3106 1096 3172 (ed.
1112 3106 1135 3171 a)

171 3181 275 3244 scripsi.
332 3177 353 3244 ²)
367 3181 446 3243 bonis,
462 3182 531 3246 quod
545 3181 570 3230 G.
586 3188 610 3230 et
624 3181 681 3230 edd.
696 3182 803 3240 addunt,
822 3183 910 3233 Colice.
926 3181 988 3231 cdd.
1003 3181 1135 3245 ignorant,

172 3265 222 3301 non
239 3252 321 3315 facile
335 3251 367 3299 de
386 3254 507 3317 legitimis
526 3253 695 3316 inperitorum
713 3252 900 3302 hereditatibus
918 3254 1030 3310 dicitur,
1049 3252 1136 3316 itaque

168 3337 219 3385 pro
231 3324 384 3387 plessemate
397 3322 540 3372 habendum
554 3330 599 3372 est.
665 3319 685 3389 ³)
703 3323 792 3373 Collcl.
808 3331 892 3373 nancta
909 3324 934 3374 0.

243 3477 268 3547 5.
290 3485 331 3531 lt.
347 3503 380 3523 =
397 3482 486 3532 Callet.
502 3494 540 3545 ιι,
555 3495 575 3533 ι.
595 3485 664 3546 511.
685 3484 723 3548 Cf.
739 3486 795 3545 5.1.
820 3483 899 3534 dett.
915 3483 984 3548 Epit.
999 3495 1024 3544 ι,
1041 3494 1061 3533 ι.
1080 3484 1102 3544 5.
1116 3494 1136 3532 ι.

173 3551 264 3602 Cottae.
279 3564 313 3614 ιι,
327 3564 346 3603 ι.
366 3554 387 3615 5.
403 3565 435 3605 ιι.
453 3555 475 3616 5.
490 3565 509 3605 ι.
530 3553 550 3605 1.
564 3555 619 3605 eod.
676 3551 700 3623 5.
717 3556 755 3606 12.
771 3578 805 3596 =
823 3555 912 3606 Gottat.
925 3567 959 3617 ιι,
974 3566 993 3606 ι.
1008 3555 1029 3615 5.
1045 3565 1077 3604 ιι.
1098 3552 1137 3617 Cf.

174 3623 264 3673 Coitat.
279 3635 313 3687 ιι,
328 3635 347 3675 ι.
367 3626 406 3687 55.
422 3636 454 3677 ιι.
470 3637 503 3677 ιι.
527 3625 582 3691 Uip.
597 3638 632 3690 ιι,
646 3638 667 3679 ι.
687 3628 708 3689 5.
723 3639 743 3677 ι.
764 3626 785 3677 I.
801 3627 857 3676 eod.
872 3625 904 3692 (s,
918 3625 950 3691 ι).
1004 3620 1029 3693 5.
1048 3627 1088 3676 re.
1104 3646 1137 3665 =

174 3693 263 3746 Cottae
279 3705 313 3757 ιι,
327 3706 348 3745 ι.
368 3696 390 3757 5.
404 3706 438 3747 ιι.
460 3695 498 3759 cs.
514 3700 537 3760 5.
552 3710 573 3749 ι.
592 3696 673 3748 leit.
728 3693 809 3765 514.
826 3719 860 3739 --
876 3698 966 3747 cottae
982 3707 1015 3757 ιι,
1030 3706 1050 3745 ι.
1066 3698 1088 3758 5.
1103 3706 1137 3746 ιι.

174 3764 213 3829 Cf.
228 3764 298 3830 Epir.
313 3778 334 3828 ι,
348 3778 369 3818 e.
389 3768 428 3828 55.
444 3779 464 3820 ι.
479 3778 500 3818 ι.
525 3768 579 3833 iltp.
591 3780 624 3832 ιι,
635 3781 654 3821 ι.
675 3768 764 3818 Collat.
781 3780 814 3831 ιι,
828 3780 848 3820 ι.
868 3770 905 3831 55.
922 3780 954 3820 ιι.
970 3779 1003 3818 ιο.
1017 3777 1051 3817 ιι.
1068 3776 1101 3826 ιι,
1116 3778 1137 3816 ι.

172 3838 231 3898 5.1.
252 3838 275 3899 5:
290 3848 311 3889 s.
332 3836 353 3886 1.
369 3837 425 3888 eod.
441 3837 472 3904 (s,
488 3837 517 3906 ι).
580 3836 605 3908 5.
622 3842 662 3891 ιι.
679 3862 712 3881 =
728 3838 902 3902 licitantes.
921 3842 942 3901 5.
957 3849 990 3891 rs.
1011 3837 1049 3899 Of.
1065 3835 1136 3902 Epic.

172 3919 194 3972 ι,
207 3920 229 3960 e.
248 3909 271 3971 5.
287 3921 307 3962 ι.
329 3908 419 3959 mitat.
436 3921 469 3972 ιι,
485 3921 505 3961 ι.
525 3911 548 3972 5.
564 3923 597 3965 ιι.
612 3913 634 3974 5.
650 3923 670 3964 ι.
690 3911 711 3962 1.
727 3910 783 3961 eod.
