2378 4386
418 162 450 171 m
480 148 546 165 ..ἢ

183 547 246 612 514
471 560 536 597 rrum
554 560 648 596 ravum
666 561 737 596 erun.
756 541 803 595 lv.
822 547 847 596 5.

183 700 283 748 stratus
299 682 491 761 municipales¹
508 705 539 744 er
554 690 715 745 auctoritate
730 689 870 762 praesidis,
885 686 1133 747 fideicommissario
1146 707 1188 756 [ne

184 773 350 848 postulante,
373 772 550 828 hereditatem
574 772 645 827 adire
668 782 696 828 et
717 773 862 830 restituere
884 773 1068 846 compellitur.
1105 772 1134 832 ³.

184 851 474 913 ²Fideicommissarlns
495 857 519 911 si
539 853 668 926 affirmet,
691 857 816 912 heredem
839 856 910 912 nolle
933 856 1006 912 adire
1028 857 1136 914 heredi·

184 949 276 1011 tatem,
293 939 402 995 absente
418 955 452 995 eo
467 940 602 1012 interponi
617 939 755 996 decretum
771 949 798 995 et
813 942 840 995 in
851 942 1054 1013 possessiouem
1065 943 1136 1000 mitti

183 1026 241 1081 lure
256 1022 399 1080 desiderat.
435 1019 464 1083 4.
489 1015 664 1096 ³Snspectam
686 1022 862 1080 hereditatem
885 1023 957 1081 adlrc
979 1024 1136 1099 compulsus

184 1108 272 1164 omnia
287 1122 319 1163 en
334 1105 503 1163 Trebelliano
520 1108 648 1162 restituit.

375 1259 440 1300 TIT·
455 1258 484 1302 V.
515 1258 557 1299 Dii
572 1256 763 1300 triomotost
780 1257 934 1307 Qvttttuue.

247 1353 272 1412 1.
289 1352 470 1410 inofficiosum
485 1352 792 1421 dehonestamentum,
805 1351 898 1427 'qnod,
912 1352 1013 1409 irnstre
1024 1349 1135 1411 liberis⁴

183 1439 369 1508 exheredatis,
391 1453 445 1492 uon
461 1452 494 1492 ex
511 1433 600 1492 oibcio
616 1437 723 1509 pietatis
744 1433 852 1490 uidetur
866 1451 926 1491 csse
941 1439 1135 1512 conscriptum.

182 1520 211 1580 2.
235 1517 318 1579 ὁΡοεῑ
333 1520 430 1577 iactum
446 1535 460 1574 a
476 1529 560 1575 matre
582 1527 770 1575 testamentum
794 1516 863 1575 lilius
885 1529 1058 1592 procreatus,
1080 1539 1135 1578 non

184 1613 286 1662 mutata
301 1603 333 1660 ah
350 1620 387 1675 ea,
404 1620 464 1660 cum
480 1611 583 1676 posset,
598 1602 755 1671 uoluntate,
770 1601 802 1657 ad
818 1602 968 1676 exemplum
984 1607 1134 1678 praeteriti,

83 1707 85 1711 ·
183 1686 327 1746 inofficiosi
342 1688 477 1761 querelam
493 1695 565 1742 recte
580 1687 705 1742 instituit.
741 1682 771 1742 8.
793 1680 1022 1758 “Testamentum
1037 1689 1065 1745 in
1080 1705 1135 1763 quo

183 1775 330 1848 Imperator
345 1771 461 1843 scriptus
482 1770 635 1839 heresem,
652 1767 831 1825 inofliciosnm
851 1771 927 1843 argui
942 1780 1052 1843 potest:
1074 1788 1135 1829 enm

184 1858 263 1919 enirn,
279 1857 324 1930 qui
341 1854 415 1927 leges
431 1853 504 1923 iacit,
520 1852 577 1925 pari
593 1854 731 1908 maiestate
747 1852 851 1926 legibus
867 1853 1056 1929 obtemperare
1071 1871 1135 1913 con·

183 1942 269 1997 uenit.
305 1936 336 1995 4.
359 1931 427 2005 ⁷Qni
443 1933 621 1992 inofficiosum
638 1936 725 1992 dicere
737 1944 839 2010 potest,
852 1936 1026 1995 hereditatem
1041 1947 1135 2013 petere

184 2041 238 2080 nou
254 2019 422 2097 prohibetur.
459 2016 487 2075 b.
512 2012 612 2075 tritius
628 2036 660 2075 ex
678 2037 737 2076 asse
753 2022 830 2077 heres
846 2021 987 2077 institutus
1000 2021 1135 2080 inoflicio-

184 2124 242 2163 sum
258 2105 348 2161 dicere
363 2119 417 2159 uon
432 2109 538 2177 potest:
554 2118 605 2159 uec
619 2105 742 2172 interest,
758 2104 886 2159 exhausta
900 2120 951 2161 nec
965 2107 1045 2162 nesii
1056 2104 1137 2162 bere·

184 2191 267 2253 diras3
292 2203 351 2244 cnm
373 2184 442 2259 apud
464 2201 525 2241 eum
541 2194 636 2258 quarta
656 2198 702 2243 aut
721 2187 789 2260 legis
806 2186 936 2244 Falcidiae
957 2199 1002 2245 eut
1022 2198 1136 2246 senatus

185 2270 301 2330 consulti
329 2269 468 2342 pegasiani
497 2267 626 2326 beneficio
657 2272 692 2326 sit
725 2287 889 2331 remansura.
943 2267 972 2330 θ.
1001 2265 1136 2340 ⁹Quartae

183 2353 317 2430 portionis
333 2346 457 2426 portio¹⁰
471 2352 578 2424 liberis,
594 2352 709 2411 deducto
725 2371 786 2410 aere
808 2355 895 2411 alieno
911 2363 939 2411 et
961 2356 1064 2413 funeris
1087 2359 1136 2414 im·

183 2453 277 2515 pensa,
300 2436 461 2511 praestanda
483 2445 533 2508 est,
558 2444 587 2492 ut
602 2437 634 2492 ab
657 2437 800 2493 inofliciosi
823 2438 933 2512 querela
949 2439 1134 2498 excludantur.

184 2523 332 2581 Libertates
347 2536 456 2594 qnoque
472 2537 530 2578 eam
545 2522 697 2594 portionem
719 2522 839 2578 minuere
859 2522 956 2596 placet.
1000 2520 1028 2580 7.
1052 2523 1134 2581 Filius

183 2599 324 2665 ’indicio¹¹
346 2605 430 2678 patris
450 2607 473 2661 si
493 2607 579 2661 minus
595 2615 691 2678 quarta
712 2608 837 2679 portione
853 2617 1017 2664 consecutus
1031 2609 1083 2680 sit,
1106 2617 1135 2664 ut

185 2700 279 2767 quarta
299 2689 349 2747 slbi
370 2707 384 2745 a
405 2688 582 2748 coheredibus
603 2688 731 2745 iratribus
752 2691 817 2745 citra
838 2688 982 2747 luoiiieiosl
998 2692 1134 2764 querelam

184 2777 341 2850 impleatur,
361 2776 419 2830 iure
441 2765 614 2830 desiderat.¹²
654 2770 683 2830 8.
710 2765 829 2829 ¹³Pacilo
850 2773 927 2843 talis,
948 2791 981 2830 nc
997 2774 1031 2831 de
1046 2773 1134 2832 inoffi·

184 2861 258 2917 closo
275 2866 436 2915 testamento
452 2857 566 2928 dicatur,
583 2856 717 2930 querclam
734 2872 816 2929 super
831 2857 929 2913 iudicio
945 2857 1064 2914 suturam
1080 2875 1134 2915 non

184 2943 315 2999 excindit:
344 2941 445 2996 meritis
468 2942 537 2996 enim
567 2940 665 2995 liberos
688 2938 773 3013 magis
797 2956 875 3014 qnam
900 2941 1068 3013 pactionibus
1091 2941 1188 2999 aditu

258 3105 277 3171 ¹)
294 3108 331 3170 Os.
347 3106 378 3155 L.
394 3120 413 3156 1.
424 3119 444 3156 a.
464 3108 504 3168 ἓξ.
519 3118 539 3158 o.
554 3118 574 3156 e.
589 3118 609 3157 o.
632 3108 663 3155 1).
679 3108 710 3156 de
724 3108 808 3156 damn.
819 3108 867 3170 ios.
878 3106 923 3170 (oe.
933 3106 964 3172 a).
980 3110 1012 3157 L.
1026 3122 1061 3162 ro.
1076 3112 1100 3173 ς.
1112 3123 1133 3162 s.

184 3177 216 3225 D.
232 3177 264 3226 de
279 3177 343 3226 adm.
359 3184 384 3225 et
392 3191 450 3239 per.
467 3179 510 3238 (eo,
525 3176 555 3240 t).
608 3173 678 3241 Ἣ).
690 3177 743 3229 L.o
754 3194 797 3241 pr.
812 3189 837 3228 tt
848 3193 891 3241 pr.
912 3178 1045 3229 lanoso.
1060 3180 1134 3231 utet.

184 3247 228 3364 (lap,
238 3245 281 3364 gh·
294 3261 375 3376 sup3a
388 3257 410 3302 t,
426 3258 444 3295 1.
461 3247 483 3306 ξ.
499 3257 531 3294 rt.
589 3241 608 3310 ⁸)
625 3246 663 3309 Os.
680 3246 736 3296 Gai.
753 3258 774 3309 2,
789 3259 835 3300 25⁸.
855 3247 887 3298 h.
901 3261 922 3299 t.
936 3260 970 3300 et.
990 3249 1022 3299 I).
1038 3252 1074 3300 ad
1086 3250 1134 3301 SC.

189 3315 198 3336 '
224 3331 260 3364 e.
286 3327 319 3373 so,
335 3328 364 3365 ι.

258 3315 306 3434 ibt.
330 3384 360 3434 V.
403 3382 424 3449 ι)
444 3385 506 3448 quod
525 3386 625 3444 frustra,
644 3387 726 3436 liberis
745 3389 801 3438 edd.
877 3387 952 3454 ⁵)Gs.
967 3389 998 3438 L.
1013 3401 1034 3442 t.
1062 3390 1136 3442 Ode

184 3456 257 3519 inoff.
273 3463 327 3505 test.
344 3454 375 3519 (a,
385 3453 430 3520 aa).
481 3452 502 3520 ⁶)
523 3455 561 3517 Cs-
576 3455 608 3504 L.
618 3469 638 3507 c.
653 3458 677 3519 ξ.
687 3469 707 3507 a.
718 3458 750 3509 I).
761 3459 792 3508 de
807 3458 879 3521 inoff.
894 3466 950 3509 teet.
965 3458 997 3525 (a,
1007 3459 1039 3524 a).
1054 3463 1078 3523 fi.
1090 3464 1135 3511 ult.

183 3526 206 3576 1.
222 3527 288 3591 quib.
303 3526 368 3575 mod.
382 3532 437 3576 test.
453 3524 488 3589 (e,
506 3524 550 3592 tt).
574 3526 606 3575 L.
622 3539 655 3578 to.
680 3528 711 3578 D.
726 3529 758 3578 de
772 3531 819 3595 lep.
835 3540 855 3580 a.
875 3557 910 3566 -
928 3529 996 3579 Suet.
1012 3531 1081 3595 Any.
1100 3543 1135 3583 to.

188 3596 268 3648 Tacit.
284 3597 375 3662 florio.
389 3609 423 3648 ts.
443 3596 725 3660 Spurtion.Hadr.18.
778 3596 798 3663 7)
815 3599 852 3662 Cf.
868 3599 900 3648 L.
916 3612 936 3650 8.
952 3602 975 3662 §-
987 3611 1019 3651 12.
1038 3600 1070 3649 Ι).
1081 3602 1106 3650 b.
1117 3609 1135 3650 t.

184 3668 215 3718 L.
232 3680 265 3719 rt.
283 3667 308 3716 C.
324 3667 378 3717 eod.
394 3664 483 3731 (aas).
549 3665 570 3733 ⁸)
586 3668 624 3731 Os.
640 3668 671 3716 L.
686 3681 706 3719 a.
726 3671 749 3730 §-
764 3682 784 3721 a.
809 3669 840 3717 D.
856 3670 878 3720 h.
895 3677 912 3718 t.
934 3670 1002 3719 Ptin.
1018 3686 1057 3734 ep.
1072 3683 1099 3731 a,
1115 3685 1136 3722 1.

184 3735 262 3804 θ)(3Ι.
278 3737 309 3786 L.
324 3749 343 3788 8.
364 3739 386 3799 5.
402 3749 422 3788 9.
447 3736 478 3787 D.
493 3737 517 3786 b.
533 3745 549 3787 t.
625 3736 657 3804 ¹⁰)
674 3739 711 3801 Cf.
727 3742 749 3801 ξ.
766 3741 810 3788 nli.
828 3741 873 3801 fin.
898 3739 920 3788 I.
940 3741 971 3789 de
991 3742 1063 3805 inoff.
1080 3749 1135 3792 ieri.

185 3807 271 3875 (2.18).
312 3805 344 3873 ¹¹)
360 3808 383 3856 iu
398 3808 486 3856 iudicio
501 3808 557 3857 edd.
573 3810 722 3858 eaennoGd.
776 3807 807 3872 ¹²)
825 3809 883 3859 Nisi
898 3813 1026 3874 querelam
1036 3827 1137 3863 monere

184 3882 262 3930 malit.
283 3880 314 3929 L.
329 3890 350 3929 a.
372 3877 416 3928 Gr.
434 3879 459 3927 G.
475 3879 498 3927 la.
514 3886 530 3928 t.
547 3878 619 3945 (as).
672 3876 704 3944 ¹³)
722 3880 760 3941 Cf.
776 3879 807 3927 L.
818 3892 852 3932 aa.
868 3881 891 3942 ς.
908 3895 927 3930 r.
945 3881 969 3930 G.
985 3882 1008 3930 t.
1020 3889 1037 3929 t.
1048 3880 1080 3945 (a,
1091 3881 1135 3948 aa).
