2378 4386
465 122 470 127 ,
482 114 499 121 -

172 483 236 551 518
460 500 527 537 aran
544 499 639 536 ravum
657 499 730 536 esur.
749 479 795 534 IV.
814 485 839 536 8.

174 635 265 693 eadem
288 632 425 688 successio
449 629 618 686 transfertur.
664 624 711 685 22.
736 622 877 684 ¹l'eminae
900 627 933 684 ad
958 628 1126 686 hereditates
1135 642 1187 692 [su]

174 719 306 791 legitimas
328 715 399 771 ultra
418 707 711 786 ’consanguineorum2
730 713 929 769 successionem
950 727 1006 768 nou
1030 712 1127 770 admit·

176 809 283 857 tuntur:
304 799 386 872 idque
407 800 465 853 lure
481 796 553 853 ciuili
569 796 719 853 Voconiam
741 798 843 851 ratione
866 795 975 851 uidetur
991 795 1125 854 ellectum.

175 885 299 941 Ceterum
315 882 357 938 lex
372 897 418 938 111
433 879 585 936 tabularum
601 879 667 936 ’sine
688 878 733 935 illa
754 879 917 936 discretione
939 896 1018 936 senus
1036 878 1126 952 {femi-

176 964 244 1041 ninri
268 957 400 1040 agnatos³
422 963 547 1021 admittit.
584 960 647 1023 22⁸.
672 957 815 1019 ‘Feminae
837 965 888 1020 etsi
912 963 981 1019 ultra
1003 963 1126 1022 'consan-

175 1043 357 1126 guineorum⁵
378 1047 541 1105 hereditates
563 1045 595 1102 ad
617 1048 817 1104 successionem
840 1046 986 1120 legitimam
1006 1064 1062 1105 non
1082 1049 1127 1104 ad·

175 1138 335 1205 mittuntur,
358 1132 535 1207 proximitatis
558 1129 657 1187 'tamen
679 1132 786 1187 nomine
817 1130 949 1186 bonorum
978 1134 1128 1205 possessio·

175 1210 258 1276 nemi
278 1227 370 1291 petere
393 1232 446 1272 non
467 1213 653 1289 prohibentur.
696 1209 746 1272 28.
768 1207 817 1270 ⁷ln
839 1214 987 1272 hereditate
1008 1215 1128 1290 legitima

176 1302 341 1360 successioni
356 1300 433 1356 locus
448 1314 503 1355 non
518 1307 575 1355 est:
592 1307 620 1354 et
635 1298 697 1354 ideo
713 1298 795 1353 iratre
811 1297 969 1371 decedente,
985 1308 1127 1373 antequam

176 1387 254 1444 adeat
282 1393 327 1441 aut
356 1383 480 1458 repudiet
507 1381 698 1447 hereditatem,
730 1381 821 1436 fratris
850 1379 920 1437 filius
948 1382 1051 1439 admitti
1075 1400 1128 1440 non

176 1478 284 1545 potest,
312 1468 443 1541 ’quamuis
471 1460 587 1522 amissa⁸
615 1467 751 1522 successio
779 1466 935 1538 proximiori
958 1461 1127 1528 'deseratur.⁹

176 1550 226 1612 24.
245 1548 316 1607 ¹⁰bb
332 1550 455 1607 hostibus
471 1559 565 1624 captus
581 1566 667 1623 neque
682 1552 724 1605 sui
739 1565 827 1622 neque
842 1548 954 1622 legitimi
967 1550 1074 1607 heredis
1085 1552 1128 1607 ius

178 1638 276 1692 amittit
298 1634 465 1709 postliminio
481 1649 616 1689 reuersus.
655 1631 732 1699 Quod
749 1643 777 1689 ct
791 1634 861 1690 circa
877 1648 934 1703 ecs,
951 1635 997 1706 qui
1012 1636 1040 1691 in
1055 1636 1128 1690 lusu·

177 1719 228 1775 lam
244 1719 422 1793 deportantur
438 1717 481 1774 uel
495 1717 569 1773 serui
585 1731 686 1790 poenae
706 1715 793 1772 ellecti
813 1724 891 1786 sunt,
915 1716 1016 1789 placuit
1036 1717 1128 1774 obser·

178 1804 250 1875 uari,
273 1805 296 1858 si
316 1818 366 1876 per
385 1802 472 1857 omnia
494 1802 520 1855 iu
541 1802 678 1874 integrum
699 1799 866 1873 indulgentia
887 1800 1028 1874 principali
1051 1803 1128 1858 resti·

178 1894 299 1943 tuantur.
349 1882 397 1945 25.
424 1878 505 1940 ¹¹Pro
533 1883 631 1940 herede
657 1898 751 1957 gerere
775 1891 816 1939 est
841 1882 1022 1941 destinatione
1044 1884 1128 1941 iuturl

179 1970 291 2027 dominii
312 1967 412 2042 aliquid
433 1984 465 2023 en
486 1966 655 2024 hereditariis
676 1966 756 2022 rebus
777 1983 918 2041 usurpare.
955 1976 982 2024 et
1002 1968 1063 2025 ideo
1080 1985 1129 2043 pro

180 2053 280 2110 herede
297 2068 392 2126 gerere
409 2050 533 2120 uidetur,
554 2052 600 2123 qui
616 2049 761 2106 fundorum
775 2050 996 2108 bereditariorum
1011 2050 1131 2108 culturas

180 2139 354 2208 rationesque
382 2134 515 2206 disponit,
549 2142 576 2189 et
606 2136 651 2207 qul
680 2136 766 2190 seruis
794 2135 976 2209 hereditariis,
1003 2136 1130 2192 lumentis

180 2219 299 2275 rebusue
315 2217 374 2272 aliis
390 2219 484 2273 utitur.
527 2211 576 2275 20.
603 2211 671 2273 ¹²lla
688 2217 808 2291 pluribus
824 2218 967 2275 heredibus
981 2219 1131 2295 iisdemque
1141 2237 1187 2286 [aas

180 2301 310 2375 legitimis
331 2301 354 2354 si
377 2301 422 2373 qui
438 2302 577 2357 omiserint
593 2301 766 2358 hereditatem
788 2302 831 2359 uel
852 2304 878 2358 in
900 2302 1022 2359 adeundo
1043 2304 1131 2377 aliqua

182 2386 287 2442 ratione
303 2384 404 2440 luerint
415 2385 547 2459 impediti,
560 2385 610 2456 his,
624 2387 669 2459 qui
682 2385 812 2457 adierunt,
826 2386 871 2442 uel
882 2402 975 2443 eorum
988 2387 1130 2444 heredibus

181 2469 364 2526 emittentium
380 2471 519 2542 portiones
534 2479 699 2527 accrescunt.
742 2469 816 2543 quod
829 2471 857 2526 in
872 2470 970 2526 herede
985 2470 1131 2543 instituto,

178 2637 312 2682 senatusue
331 2631 504 2680 consultorum
523 2629 564 2694 (h.
580 2642 600 2680 i.
615 2631 639 2691 ξ.
654 2641 674 2681 t.
694 2628 725 2676 Ι).
742 2636 769 2676 ut
781 2643 817 2678 eac
830 2631 878 2693 teg.
893 2640 927 2687 ts,
942 2629 985 2693 14).
1015 2631 1061 2680 Aa
1073 2633 1131 2682 illos

178 2709 276 2753 tantum
289 2701 338 2752 hoo
349 2703 472 2765 pertinet,
487 2701 592 2765 quodsi
606 2701 734 2765 legitimus
747 2698 822 2749 lieres
836 2701 906 2748 intra
920 2707 1017 2763 ternpus
1031 2701 1054 2750 b.
1069 2716 1130 2764 pos·

178 2774 304 2824 sessionis
318 2779 415 2822 tantum
428 2770 594 2820 hereditatem
608 2770 712 2827 adierit,
727 2769 814 2818 eadem
827 2771 956 2820 successio
971 2772 988 2818 i.
1003 2785 1025 2819 e.
1036 2771 1059 2820 b.
1071 2786 1132 2835 pos·

177 2846 259 2894 sessio
278 2843 345 2892 unde
363 2843 470 2907 legitimi
489 2841 525 2889 ad
539 2843 674 2904 proximos
692 2846 801 2904 agnatos
819 2841 987 2902 transfertur.
1050 2839 1071 2905 ¹)
1086 2840 1132 2891 Est

178 2917 256 2964 etiam
271 2913 360 2964 Cottae.
376 2924 409 2972 ro,
423 2922 444 2963 s.
459 2912 482 2972 ἓ.
494 2921 527 2961 to.
580 2907 600 2974 Ι)
615 2911 800 2971 consanguineas
817 2910 878 2959 Cdd.
894 2911 951 2959 edd.
969 2910 1029 2960 Vid.
1042 2912 1130 2962 Colias.

182 2980 204 3048 ⁸)
219 2983 281 3031 nulla
297 2982 440 3031 discretione
455 2994 525 3028 senus
539 2989 652 3041 cognatos
668 2980 729 3029 Cdd.
744 2980 801 3029 edd.
822 2980 881 3028 Vid.
897 2981 988 3031 Collat.
1053 2980 1073 3044 ⁴)
1088 2980 1132 3030 Ex

180 3068 240 3116 app.
258 3052 301 3101 Cd.
316 3064 349 3103 us.
365 3053 392 3101 in
407 3051 446 3100 ed.
462 3049 494 3098 Α.
509 3056 607 3099 tanturn
620 3053 646 3099 in
662 3058 722 3100 noto
735 3052 826 3099 relata.
848 3051 885 3113 Cf.
903 3049 960 3099 Gai.
974 3063 995 3113 s,
1010 3063 1043 3103 stt.
1068 3051 1132 3100 For·

180 3129 249 3171 tasse
262 3122 360 3170 demum
375 3123 402 3170 in
415 3119 492 3168 Breu.
511 3119 572 3168 cad.
588 3121 695 3182 excidit,
710 3122 784 3170 cuius
798 3123 825 3169 in
841 3120 953 3184 Interpr.
969 3124 993 3183 ξ.
1008 3132 1042 3171 tt.
1056 3123 1133 3171 etiarn

179 3191 245 3241 baec
259 3193 394 3255 leguntur:
409 3186 489 3238 ‘Sane
502 3190 678 3252 deficientibus
692 3192 795 3255 agnatis
805 3207 860 3240 curn
871 3194 976 3256 cognati
984 3192 1133 3249 succedant,

178 3268 289 3326 possunt
300 3261 413 3322 seminas
427 3274 483 3309 curn
499 3261 573 3318 uiris,
590 3276 654 3324 puae
666 3262 782 3325 aequalis
789 3262 890 3326 gradus
899 3270 966 3318 sunt,
978 3264 1035 3311 iure
1044 3277 1134 3312 succe·

180 3327 262 3381 dere!
287 3330 346 3380 lios
356 3330 465 3388 idcirco,
480 3331 541 3393 quia
552 3338 662 3393 praetor
672 3332 698 3380 irs
709 3331 757 3380 dac
766 3334 928 3381 successione
938 3334 1016 3397 legens
1028 3333 1134 3382 Furiam

179 3408 285 3452 secutus
299 3407 345 3458 est,
359 3400 391 3450 de
405 3415 455 3464 qua
469 3400 520 3448 oid.
538 3400 581 3450 Fr.
601 3400 659 3450 Vat.
674 3412 720 3452 aas.
786 3400 806 3465 ο)
822 3404 1008 3464 consanguineas
1024 3403 1069 3452 Cd.
1095 3403 1133 3466 Cf.

180 3473 203 3533 6.
214 3481 249 3521 tu.
289 3468 310 3536 θ)
326 3477 402 3519 buren
417 3470 447 3519 ad
461 3472 638 3520 successionem
649 3471 711 3535 (pro
722 3480 798 3521 tamen
809 3486 871 3521 nom.
882 3473 905 3523 b.
917 3473 1077 3538 psessionem)
1090 3472 1134 3522 cet.

183 3539 202 3607 τ)
221 3541 258 3605 Os.
276 3540 333 3590 Gai.
348 3553 369 3599 u,
385 3551 418 3591 at.
433 3551 467 3591 tt.
481 3552 516 3592 ts.
539 3540 594 3604 Uip.
609 3553 644 3604 tc,
658 3553 678 3593 t.
731 3539 751 3607 θ)
766 3544 821 3605 quia
835 3541 899 3607 (pro
914 3541 977 3607 duis)
993 3544 1081 3592 omissa
1096 3544 1137 3592 oei

183 3613 261 3661 omnis
278 3611 340 3662 Cdd.
356 3612 413 3662 edd.
464 3609 754 3677 ⁰)deiertuerd.edd.
808 3610 840 3676 ¹⁰)
856 3613 894 3675 Cf.
911 3613 941 3661 t.
958 3615 1015 3675 ις.
1031 3625 1051 3665 e.
1067 3612 1135 3664 Ist.

181 3683 214 3732 D.
230 3683 261 3732 de
275 3682 306 3731 B.
324 3683 354 3731 P.
371 3682 397 3732 G.
417 3681 442 3731 Τ.
458 3681 506 3748 (sn,
521 3680 553 3747 s).
573 3682 605 3730 h.
622 3695 640 3732 1.
660 3684 683 3744 g.
698 3695 718 3733 s.
743 3682 774 3730 D.
790 3681 885 3731 adSO.
904 3683 1010 3732 Terruit.
1025 3682 1076 3748 (ss,
1091 3682 1135 3747 rs).

184 3749 218 3819 ¹¹)
234 3753 272 3815 Cf.
291 3752 346 3802 Gai.
358 3765 379 3815 a,
390 3764 436 3804 asc.
452 3753 483 3801 t.
494 3763 528 3804 ao.
544 3752 575 3804 D.
590 3753 622 3801 de
635 3768 691 3816 aeq.
707 3768 729 3803 a.
744 3754 822 3802 ornias.
838 3753 891 3802 her.
906 3752 951 3818 (se,
961 3752 992 3818 a).
1047 3749 1080 3819 ¹¹)
1097 3753 1136 3816 Cf.

184 3823 213 3874 t.
229 3835 249 3874 s.
271 3823 301 3872 D.
316 3824 416 3873 deruis
431 3831 455 3873 et
475 3824 543 3889 legit.
559 3820 603 3887 (ts,
619 3822 664 3887 tu).
687 3821 742 3885 dllp.
758 3832 794 3880 tc,
809 3835 829 3873 5.
