2378 4386
646 131 666 138 ,
684 129 692 134 .

371 557 429 595 nam
446 559 542 600 marra.
561 541 610 596 ΠΙ.
628 547 740 598 48-51.
974 542 1036 609 297

72 701 221 773 debeatur,
244 717 278 758 ιιε
301 700 447 758 liberorum
463 700 573 776 quidem
591 703 651 759 iure
666 704 858 776 consequitur,
882 710 913 758 ut
927 701 1037 776 quidam

72 796 184 860 putant3
200 796 243 843 set
258 796 347 843 tamen
363 789 490 844 intestata
505 786 602 844 liberta
615 797 732 858 mortua,
749 786 840 844 ’uerba
856 787 925 862 legia
941 786 1037 860 Papiae

73 865 201 943 iaciunt,¹
224 879 255 927 ut
269 873 294 928 ei
310 871 395 928 uirilis
416 888 478 945 pars
494 870 638 936 debeatur:
663 873 686 928 ai
701 888 769 929 uero
786 881 949 929 testamento
966 870 1036 928 iacto

73 965 181 1013 mortua
196 958 233 1012 ait
248 955 355 1028 liberta,
379 956 432 1012 tale
447 959 490 1012 ius
506 957 530 1011 ei
546 956 635 1026 datur,
661 957 740 1030 quale
763 956 854 1014 datum
878 965 920 1014 est
942 965 1037 1013 eontra

73 1039 178 1098 tabulas
195 1043 347 1097 testamenti
363 1034 479 1110 ΙίΙιειῑΙ,2
495 1038 522 1094 id
538 1050 588 1110 eat,
606 1041 686 1114 quale
702 1048 729 1097 ot
745 1041 832 1097 uirilis
847 1058 928 1098 serus
944 1048 1037 1113 patro·

72 1142 170 1182 norum
185 1125 263 1182 iiberi
278 1136 372 1182 contra
389 1124 493 1180 tabulas
509 1127 663 1181 testamenti
680 1125 769 1181 liberti
782 1124 895 1183 habent:
912 1128 1037 1200 quamuis

72 1225 168 1284 parum
186 1209 332 1285 diligenter
347 1226 378 1266 ea
399 1226 461 1282 para
482 1208 552 1282 legia
573 1211 675 1282 scripta
690 1212 735 1264 sit.
778 1206 828 1265 48.
845 1208 882 1265 Ex
897 1211 940 1266 tis
955 1227 1036 1284 appa-

11 1305 58 1358 tao}
73 1303 132 1366 ret,
155 1303 303 1351 extraneos
323 1295 438 1350 heredes
458 1303 637 1367 patronorum
664 1292 747 1366 longe
771 1292 901 1349 'remotos
922 1310 984 1350 esee
1005 1295 1037 1350 ab

73 1381 147 1436 omni
162 1397 196 1436 εο
212 1373 296 1451 Ιιιιε,3
316 1379 390 1452 quod
407 1378 450 1434 uel
471 1379 498 1433 in
519 1382 712 1433 intestatorum
733 1376 813 1432 honis
830 1376 873 1432 uel
888 1385 981 1433 contra
998 1387 1038 1434 ta·

71 1461 149 1521 bulas
166 1464 321 1520 testamenti
338 1471 454 1535 patrono
472 1463 613 1533 competit.

134 1544 186 1606 40.
203 1547 336 1602 Patronae
348 1545 413 1601 oiim
429 1555 491 1602 ante
506 1544 595 1618 legem
607 1545 713 1617 Papiam
730 1545 782 1600 hoo
797 1544 885 1602 solum
901 1547 943 1601 ius
958 1545 1037 1605 habe·

70 1633 137 1689 bant
158 1635 186 1686 in
208 1631 286 1687 bonis
313 1629 488 1700 libertorum,
512 1630 688 1702 quodetiam
711 1631 832 1704 patronis
854 1645 886 1686 ει
909 1630 970 1706 iege
991 1649 1038 1690 ιιι

70 1715 226 1774 tabularum
242 1714 333 1770 datum
348 1722 401 1771 est.
437 1730 488 1770 neo
503 1715 573 1770 enim
590 1722 729 1771 utcontra
752 1714 854 1771 tabulas
879 1719 1038 1774 testamenti

70 1803 172 1875 ingrati
199 1798 289 1855 liberti
317 1799 360 1855 uei
380 1798 413 1854 ab
434 1800 563 1856 intestato
590 1808 685 1855 eontra
707 1798 789 1856 filium
813 1800 971 1874 adoptiuum
992 1803 1036 1858 uei

71 1902 183 1942 uxorem
200 1900 333 1940 aurumne
348 1885 483 1941 bonorum
499 1886 701 1957 possessionem
717 1886 801 1958 partis
819 1885 945 1941 dimidiae
961 1895 1037 1958 pete·

71 1979 142 2041 rent,
158 1978 270 2044 praetor
284 1970 409 2026 similiter
425 1971 429 2035 Ι
447 1977 478 2025 ut
493 1968 526 2024 do
541 1977 658 2042 patrono
674 1967 820 2042 liberisque
831 1972 889 2025 eius
905 1964 1037 2026 curauit.⁴

70 2052 121 2113 50.
145 2054 198 2111 Sed
219 2054 261 2110 len
277 2053 357 2129 Papia
377 2052 484 2109 duobus
505 2052 597 2110 liberis
619 2053 767 2111 honoratae
788 2056 921 2127 ingenuae
942 2063 1035 2130 patro·

71 2155 137 2210 nae,
161 2133 164 2216 i
190 2137 331 2196 libertinae
348 2137 434 2194 tribus
450 2137 543 2193 eadem
559 2137 616 2194 iere
631 2140 688 2194 iura
703 2138 787 2207 dedit,
808 2156 881 2213 quae
897 2156 929 2195 ex
944 2138 1035 2195 edicto
1046 2135 1104 2186 139·

72 2225 203 2296 praetoria
223 2225 331 2298 patroni
346 2222 460 2291 habent3
477 2224 559 2278 trium
575 2239 641 2279 uero
656 2223 804 2280 liberorum
817 2226 875 2281 iure
887 2225 1037 2281 honoratae

71 2309 205 2381 ingenuae
232 2317 360 2381 patronae
388 2324 418 2363 ea
441 2310 500 2363 iura
523 2307 612 2378 dedit,
641 2325 714 2381 quae
740 2324 790 2383 per
812 2309 924 2366 eandem
947 2310 1037 2384 iegom

71 2400 189 2466 patrono
204 2391 264 2449 data
279 2401 359 2461 sunt3
382 2391 524 2449 libertinae
547 2401 635 2448 autem
659 2402 789 2466 patronae
811 2412 866 2451 non
881 2395 952 2451 idem
970 2397 1037 2451 iuris

71 2478 215 2550 praestitit
251 2474 295 2534 at.
320 2476 398 2544 Quod
414 2487 502 2533 autern
518 2478 551 2532 ad
572 2476 757 2533 libertinarum
777 2478 848 2534 bona
864 2482 994 2553 pertinet,
1015 2480 1037 2533 si

71 2603 210 2662 restitutio,
220 2618 295 2667 quant
305 2602 361 2653 edd.
370 2615 389 2654 1.
398 2614 418 2653 t.
428 2603 638 2666 informaverant,
654 2597 698 2648 V¹²
707 2604 858 2664 confirmata
867 2609 911 2652 eat.
963 2598 983 2663 ¹)
995 2601 1037 2648 An

68 2674 125 2736 fitia
136 2675 246 2736 patroni
260 2689 315 2722 earn
325 2674 352 2721 in
362 2674 431 2723 hune
444 2688 530 2723 aaaurn
543 2672 729 2721 assimilando?
754 2672 791 2734 Cf.
804 2671 834 2720 L.
843 2683 864 2722 4.
880 2673 904 2731 ξ.
915 2682 947 2720 21.
969 2670 994 2718 0.
1005 2670 1037 2719 de

71 2742 129 2794 bon.
141 2743 182 2794 tto.
192 2744 224 2807 (a,
233 2741 266 2809 t).
288 2744 359 2794 Hinc
368 2760 430 2794 uero
440 2747 489 2793 aiii
498 2751 523 2792 et
533 2746 559 2791 in
574 2743 616 2790 dio
628 2743 743 2803 sorta-eae
756 2743 812 2803 ipae
826 2741 906 2790 Gaius
916 2741 1037 2789 videntur

71 2815 197 2876 effeoiaae,
212 2817 287 2864 etiam
303 2817 330 2863 in
345 2822 454 2865 testatae
464 2814 573 2864 libertae
586 2820 709 2877 quattuor
723 2811 819 2861 liberae
832 2811 950 2860 debentia
963 2811 1038 2861 donia

72 2886 173 2935 uirilem
191 2889 215 2935 ei
233 2894 376 2949 competere
394 2902 429 2935 em
446 2887 574 2935 sententio
593 2887 659 2950 legia·
678 2884 792 2946 Papiae,
811 2899 877 2946 quae
900 2883 932 2932 de
951 2881 1037 2933 debito

67 2962 147 3020 porte
161 2959 278 3006 aenaerit.
358 2953 380 3021 ¹)
399 2957 479 3006 Gaius
499 2958 557 3020 ipra
572 2956 631 3020 sere
647 2958 711 3020 tegis
727 2955 827 3017 Papiae
842 2954 919 3004 aerbo
934 2954 1037 3018 referre

67 3028 257 3091 petenensem,
268 3030 433 3093 neglegenter
443 3029 480 3075 ita
490 3029 600 3085 locutae,
611 3033 745 3076 attentum
755 3028 796 3075 iun
805 3026 854 3076 doc
863 3042 924 3076 caru
933 3025 1037 3090 (contra

70 3098 172 3149 natutae
187 3106 241 3150 teat.
251 3098 350 3163 liberta)
361 3099 448 3147 datum
457 3100 625 3163 significaret.
650 3098 740 3162 Itaque
753 3099 892 3161 interpreti
906 3113 978 3149 omne
987 3101 1037 3156 ina,

70 3170 141 3234 quad
158 3170 207 3219 doe
226 3185 288 3219 eoae
309 3168 477 3233 competebat,
498 3169 695 3234 intellegendum
708 3177 778 3227 erat,
793 3172 848 3218 aiae
861 3171 947 3220 edicto
957 3185 1037 3234 prae·

70 3243 136 3290 toria
156 3239 236 3305 (quod
254 3243 305 3290 iam
323 3243 520 3306 significaverat
533 3243 557 3303 ἕ.
571 3239 609 3304 to)
623 3243 677 3290 aive
696 3242 754 3304 ipra
773 3243 827 3306 Iege
850 3241 936 3304 Papia
950 3242 1037 3291 datum

70 3310 120 3378 (ἓξ.
134 3322 168 3362 ⁴8.
182 3311 233 3375 tu):
253 3313 322 3375 quod
340 3327 404 3361 eane
419 3327 515 3375 ponunt
529 3311 703 3363 conueniebat.
732 3311 770 3375 Cf.
786 3314 807 3373 ἓ.
822 3325 855 3364 au.
874 3313 937 3361 Atta
952 3313 1037 3361 omnia

66 3384 227 3445 placuerunt
241 3382 363 3448 In'rtigero
378 3383 401 3433 d.
412 3384 428 3434 l.
440 3383 547 3431 addenti
563 3379 706 3446 ‘patrono'.
764 3379 786 3446 ³)
801 3382 913 3432 destitui
928 3378 1034 3431 ‘Gaius'

66 3468 94 3516 p.
104 3464 139 3505 tt.
159 3463 279 3502 remotum
289 3455 321 3502 ab
332 3455 400 3503 omni
409 3469 439 3503 eo
458 3454 510 3502 iure
521 3454 551 3501 iri
561 3455 600 3502 ed.
611 3453 659 3518 Bg.
681 3453 780 3502 Iirmat
795 3453 821 3500 V
820 3450 848 3511 ⁸²,
858 3455 885 3502 in
896 3468 945 3518 qno
953 3460 1036 3501 tornea

70 3539 121 3574 non
136 3531 175 3574 eat
188 3525 342 3575 hereditario.
407 3521 428 3589 ⁴)
443 3523 488 3572 Ea
503 3520 547 3570 γ’*
556 3526 583 3572 in
593 3540 643 3588 quo
656 3531 739 3572 tomen
749 3524 849 3572 currebat
858 3524 947 3586 potino
961 3538 1037 3586 quam

70 3596 164 3644 curabit
177 3597 303 3659 scripturn
319 3610 374 3645 eoae
393 3597 474 3644 vienni
492 3601 542 3653 eat,
564 3603 698 3659 utrumque
708 3596 813 3658 pariter
828 3594 1036 3656 eonferendum.

142 3698 167 3770 ξ.
182 3703 225 3752 48.
247 3701 286 3764 Cf.
305 3703 346 3764 ἐξ.
366 3712 399 3753 aa.
415 3712 449 3752 ou
527 3697 572 3769 §5-
588 3703 630 3751 49.
646 3704 688 3752 50.
715 3701 752 3762 Cf.
773 3699 1035 3762 vinnandona.

70 3770 101 3821 L.
118 3784 150 3824 ιι.
170 3772 202 3821 lt.
218 3773 250 3821 de
264 3772 321 3823 don.
335 3771 379 3822 ito.
395 3774 444 3835 (aa,
459 3769 493 3836 a).
565 3767 590 3839 §-
606 3773 647 3822 51.
670 3771 709 3833 Cf.
728 3770 783 3833 tltp.
800 3781 833 3829 ει,
841 3776 868 3820 ἐ.
888 3770 911 3830 ξ.
926 3781 946 3818 ε.
967 3767 988 3815 Ι.
1005 3767 1037 3814 de

70 3840 117 3893 SC.
136 3841 238 3906 Orpntt.
253 3843 289 3908 (t,
303 3843 336 3909 ι).
362 3858 445 3907 supra
460 3855 481 3903 1,
496 3853 543 3893 158.
568 3844 630 3891 sicut
644 3856 717 3904 supra
733 3837 790 3906 din]
811 3839 846 3900 es.
861 3850 885 3896 o,
900 3849 933 3887 ιε.
952 3848 974 3896 tt,
989 3846 1036 3885 161.

20 3945 25 3956 ·
71 3925 91 3977 1,
106 3926 152 3966 lot
171 3913 202 3965 L.
217 3925 250 3966 18.
270 3914 301 3963 Ι).
317 3914 349 3963 de
363 3914 419 3963 auia
433 3919 457 3961 et
470 3914 519 3976 leg.
534 3912 579 3978 (aa,
593 3910 639 3976 lt).
