2378 4386
178 538 241 604 654
392 553 450 590 nos.
469 553 503 588 aa
519 552 581 589 aona.
600 552 690 588 neoris
708 551 816 588 comer.
836 533 870 587 tt.
890 540 914 588 6.

159 672 209 743 ‘ut
234 700 294 742 cum
316 690 455 739 matronae
477 681 521 739 uei
542 671 734 754 ’praetextata
757 682 869 737 comites
890 680 1068 741 abducuntur.
1104 680 1135 740 5.

179 769 336 825 tntunarum
350 767 421 823 actio
436 774 483 821 aut
498 765 617 838 legitima
632 772 684 835 est,
700 772 747 819 aut
763 766 915 822 tioooraria.
951 763 1085 839 Legitima
1102 783 1136 824 ex

178 852 239 924 lege
254 848 395 906 duodecim
411 847 575 905 tabularum:
599 845 661 915 ‘Qui
683 848 807 904 iniuriam
830 847 907 904 atteri
930 842 1030 913 'iaxtt,²
1053 852 1134 921 quin·

179 951 231 1009 que
253 941 281 990 et
307 926 423 1007 uiginti³
450 932 554 1006 ’poena
575 925 704 987 sunto.'⁴
746 930 818 998 Quae
840 931 883 988 ter
909 932 1042 1005 generatis
1065 933 1135 997 inite

179 1018 288 1074 inerunt
310 1024 337 1073 et
359 1015 505 1090 speciales,
529 1015 606 1072 uelut
627 1014 685 1071 illa:
715 1012 824 1077 ‘itanu
847 1015 912 1071 iusti
934 1017 957 1072 si
978 1010 1024 1072 os⁵
1038 1016 1136 1092 tregit,

179 1101 264 1158 libero
279 1095 373 1168 'cuc‚⁶
392 1092 498 1157 'seruo'
514 1113 553 1156 cn
567 1098 664 1172 ’poena
677 1092 798 1155 sunto'8

242 1184 307 1258 Kap.
331 1183 372 1240 vt.
415 1182 645 1240 ldemPaulus
667 1182 784 1238 eodem
806 1181 896 1238 libro
918 1179 1136 1257 singulari‚⁹

179 1268 241 1325 suh
279 1266 379 1325 titulo
424 1264 702 1341 quemadmodum
746 1267 955 1322 iniuriarum
999 1276 1135 1341 agatur.

177 1350 203 1411 1.
227 1350 289 1420 ‘Qui
304 1359 393 1408 autem
410 1344 587 1415 iniuriarum,’
608 1344 736 1422 lnquit,¹⁰
751 1347 828 1422 ‘agiu
843 1357 947 1406 certum
962 1349 1045 1421 dicat,
1068 1353 1136 1425 quid

180 1438 292 1493 iniuriae
307 1435 406 1492 iactum
421 1435 466 1506 sit,
483 1443 511 1491 et
526 1435 686 1490 taxationem
702 1442 785 1507 ponat
795 1448 850 1489 non
863 1429 1040 1505 ’utaiorem,¹¹
1053 1451 1135 1509 quam

179 1521 271 1594 quanti
288 1519 468 1576 uadimonium
484 1517 584 1575 suerit!
627 1515 657 1576 2.
681 1515 788 1572 Certum
804 1516 878 1587 dicit,
897 1519 943 1591 qui
959 1534 1009 1574 suo
1024 1521 1136 1575 nomine

179 1604 346 1660 demonstrat
360 1603 500 1673 iniuriam,
522 1616 611 1675 neque
625 1603 662 1657 ita
677 1610 707 1656 ut
722 1617 771 1674 per
787 1601 995 1658 disiunctionem
1018 1602 1071 1659 hoc
1087 1610 1136 1659 aut

177 1686 244 1742 tttud
271 1686 400 1744 accidisse
427 1684 643 1759 conprehendat;
672 1683 720 1740 sed
748 1693 778 1740 ut
806 1700 916 1742 necesse
944 1684 1055 1756 lrabeat,
1088 1694 1136 1743 aut

179 1786 259 1827 uuam
280 1772 389 1827 nomine
411 1785 461 1826 suo
483 1785 540 1825 rem
562 1768 717 1841 designare,
740 1776 787 1823 aut
808 1768 901 1841 plures
922 1771 959 1825 tta
980 1769 1133 1844 complecti,
1146 1779 1183 1828 [ss

178 1864 210 1911 ut
232 1870 326 1912 omnes
348 1869 395 1909 ess
410 1852 537 1909 accidisse
553 1861 668 1925 cogatur
689 1851 812 1925 probare.
855 1848 885 1910 3.
906 1850 1015 1909 Certum
1030 1862 1134 1926 autem,

179 1955 211 1993 an
227 1940 358 1995 incertum
373 1937 455 2008 dicat,
470 1937 590 2009 cognitio
605 1937 689 2008 ipsius
704 1936 836 2008 praetoris
851 1930 932 1992 est.¹²
961 1936 1135 1994 Demonstrat

179 2031 268 2078 eutem
283 2022 336 2078 hoc
351 2020 413 2077 loco
429 2028 539 2095 praetor
561 2034 614 2075 non
638 2035 733 2077 uocem
748 2020 870 2093 agentis,
893 2020 941 2076 sed
956 2021 1061 2094 qualem
1076 2021 1133 2077 for·

179 2106 277 2163 mulam
292 2104 363 2160 edat.
401 2101 432 2159 4.
454 2102 562 2159 Certum
576 2117 632 2159 non
647 2102 722 2174 dicit,
738 2105 785 2178 qui
800 2102 865 2158 dicit
879 2103 1014 2177 pulsatum
1031 2097 1070 2160 'se
1087 2105 1133 2160 uei

180 2260 221 2265 .—
254 2254 390 2264 -———--

178 2340 232 2391 Sed
243 2340 361 2403 sequitur
375 2338 485 2389 Paullus
498 2340 649 2392 divisionem
663 2344 733 2393 diam
747 2357 782 2392 ex
795 2356 834 2399 eo,
848 2342 917 2406 quod
929 2343 1051 2402 laeditur,
1064 2358 1133 2393 sum·

178 2418 256 2475 ptam,
270 2410 303 2459 de
316 2424 367 2473 qua
381 2410 432 2459 oid.
448 2410 525 2460 Auct.
539 2411 576 2461 ad
584 2411 648 2462 Iler.
659 2424 680 2470 t,
689 2423 723 2464 aa.
750 2409 862 2461 ‘iniuriae
877 2419 940 2473 sunt,
951 2428 1010 2477 qnae
1026 2422 1065 2463 aut
1079 2414 1132 2477 put·

179 2481 271 2529 satione
285 2495 381 2544 corpus,
391 2487 432 2530 aut
446 2481 555 2531 conuicio
570 2497 649 2544 aures,
659 2490 698 2531 aut
708 2483 785 2546 aliqua
796 2483 941 2545 turpitudine
952 2485 1022 2532 uitam
1032 2484 1132 2533 alicuius

179 2548 289 2601 eiciant!
354 2549 374 2617 ¹)
389 2558 548 2614 praetextatae
568 2552 609 2601 Vi.
625 2552 664 2602 ed.
680 2551 719 2602 Bt.
735 2559 880 2616 praetentato
895 2560 917 2600 te
932 2551 962 2601 B.
983 2553 1027 2602 Ve.
1061 2553 1133 2605 dade

177 2623 292 2686 soriam
310 2624 358 2688 lep.
378 2629 523 2684 praetextato
543 2629 710 2686 praetextatae.
745 2622 783 2686 Cf.
798 2624 820 2684 ξ.
837 2635 856 2673 1.
880 2622 902 2671 I.
917 2623 949 2671 de
963 2624 1042 2672 intur.
1057 2622 1094 2688 (a,
1107 2624 1133 2690 t)

180 2692 265 2758 ibique
283 2690 424 2742 Schrader.
491 2690 511 2758 ¹)
530 2693 587 2743 iacit
608 2693 669 2743 ced.
688 2693 746 2742 edd.
775 2692 828 2742 Sed
845 2693 896 2742 eid.
918 2693 1133 2753 Gett.eo,1.,en

179 2765 319 2829 quostiam
334 2765 417 2813 malim
432 2765 501 2824 ierit,
516 2764 592 2816 alteri.
656 2759 678 2828 ⁸)
695 2764 756 2812 Cdd.
771 2772 795 2813 et
813 2764 870 2812 edd.
890 2764 990 2812 addunt
1005 2767 1132 2828 piasserna

180 2835 345 2884 sestertiorum
360 2832 408 2899 (·re
423 2835 517 2883 sitrium
532 2834 592 2900 Vi).
622 2834 681 2883 Vnt.
698 2834 764 2883 Fest.
780 2850 802 2883 o.
824 2834 907 2895 Viginti
922 2835 1033 2897 quinque.
1044 2851 1072 2897 p.
1083 2847 1130 2886 aar.

180 2902 202 2969 ⁴)
217 2920 293 2969 poena
309 2902 412 2953 subitB
437 2904 481 2954 Ve.
507 2919 607 2968 poenam
626 2904 689 2953 subit
712 2903 753 2952 Vi.
769 2905 826 2953 edd.
891 2901 912 2967 ⁶)
927 2906 1065 2953 maniiestos
1085 2905 1130 2954 Ve.

179 2977 317 3025 manifestus
337 2975 378 3024 Vi.
393 2988 463 3023 manu
477 2975 563 3024 iustius
578 2976 599 3024 si
614 2989 641 3024 os
655 2976 761 3039 eprepia
776 2973 881 3023 Lucium.
897 2976 939 3036 ej..
955 2976 981 3022 in
996 2989 1046 3038 pne
1061 2982 1089 3024 ut
1102 2988 1131 3023 ue

179 3048 331 3103 omitterem,
346 3053 370 3095 et
384 3046 500 3094 codicum
513 3047 648 3108 scriptura
662 3044 797 3101 suadebat,
820 3059 894 3108 quum
912 3044 972 3093 inde
986 3053 1072 3094 natum
1085 3060 1129 3108 ap·

177 3120 263 3179 petet,
278 3115 347 3180 qnod
360 3114 486 3165 iibrcrins
500 3117 596 3164 titteris
609 3116 631 3163 si
644 3117 746 3163 litteras
759 3116 777 3163 ti
792 3116 856 3163 maie
870 3117 953 3177 repeti
967 3116 1092 3174 eredidit,
1105 3122 1130 3164 et

179 3189 301 3250 antiquus
318 3199 415 3241 sermo,
434 3191 463 3232 ut
481 3186 508 3232 in
523 3198 568 3247 ope
588 3186 688 3233 consitio
702 3187 775 3242 otiis,
791 3185 987 3235 commendabat.
1053 3184 1075 3249 ⁶)
1090 3185 1131 3235 Ita

185 3256 225 3303 Vi.
241 3261 361 3305 trecentos
375 3252 405 3302 B.
426 3252 470 3301 Ve.
486 3254 525 3303 ed.
541 3252 581 3302 Bi.
597 3261 757 3305 trecentorum
771 3255 876 3305 Luciam.
896 3258 945 3318 cin·
962 3257 1009 3305 sed
1027 3258 1131 3320 corripe

179 3326 292 3383 trecenti,
311 3340 367 3372 curn
385 3338 399 3371 s
417 3326 586 3387 exsequenti
604 3340 664 3374 occe
682 3326 839 3375 adnaeserte.
912 3323 932 3391 ²)
947 3326 989 3391 (si)
1004 3341 1074 3375 seruo
1089 3326 1129 3374 Bt.

179 3394 283 3443 beelim.
312 3394 350 3441 De
365 3401 437 3442 recta
452 3395 671 3457 interpunctione,
692 3412 766 3459 quam
785 3398 812 3445 in
831 3397 881 3447 dec
895 3398 949 3461 depe
964 3399 1130 3457 restituimus,

178 3466 281 3527 eiusque
294 3478 371 3512 sensu
385 3464 432 3512 odi
445 3463 538 3513 librum
551 3472 666 3515 nostrum
677 3462 782 3515 ‘Gaius'
795 3478 995 3530 pertusata.
1042 3465 1063 3531 ⁸)
1074 3481 1131 3529 poe·

179 3548 232 3583 nam
246 3534 339 3584 subitor
353 3535 506 3585 extortiorum
520 3534 550 3585 B.
571 3535 615 3585 Ve.
638 3550 738 3598 poenam
758 3534 799 3584 Vi.
823 3551 922 3600 poenam
941 3538 1020 3585 subito
1042 3544 1130 3586 sester-

178 3605 265 3653 tiorum
279 3605 337 3653 edd.
355 3604 484 3656 Glossema
499 3607 664 3656 sestertiorum
678 3608 752 3664 eieci,
767 3622 813 3656 nec
827 3622 923 3669 repono
939 3621 1015 3667 asses,
1030 3621 1093 3671 qnos
1106 3613 1131 3656 et

177 3674 219 3724 iric
233 3675 391 3725 decemuiros
404 3679 519 3727 omisisse
533 3679 672 3727 verisimile
685 3684 730 3726 est.
790 3673 812 3741 ⁹)
832 3677 891 3726 Vnt.
907 3684 958 3727 not.
973 3687 1024 3740 up.
1037 3692 1081 3740 pr.

180 3742 214 3809 ιθ)
227 3760 263 3798 sc.
280 3745 399 3796 Praetor.
422 3747 459 3811 Os.
475 3748 506 3797 L.
518 3760 530 3799 a
541 3764 584 3811 pr.
604 3747 636 3795 D.
652 3748 683 3796 de
698 3749 777 3796 intur.
793 3745 838 3811 (tt,
854 3746 898 3809 to).
966 3743 999 3811 ¹¹)
1015 3749 1130 3798 minorem

177 3813 280 3880 (minore
300 3816 356 3882 Vc.)
374 3817 435 3867 cdd.
450 3819 508 3867 edd.
537 3818 596 3867 Viri.
612 3817 670 3866 libr.
685 3824 765 3867 ποεῖν.
782 3813 888 3866 ‘Gaius’
906 3834 933 3881 p.
949 3827 1072 3870 tat-tsi.

180 3884 213 3951 ¹²)
229 3887 363 3938 Actionem
378 3889 468 3953 ipitur,
483 3890 536 3938 nisi
550 3896 646 3938 centnm
659 3888 772 3945 dicatur,
787 3887 945 3954 denegantis.
