2378 4386
180 571 245 636 714
472 587 569 623 rainu.
589 585 641 621 run.
661 585 722 621 sou.
742 585 828 622 virro.

178 717 262 779 (quae
281 709 346 764 olim
358 706 488 761 Wenclrii
499 706 554 759 fuit
565 707 681 775 opinio),
698 708 748 760 aut
765 707 849 760 antea
866 706 981 759 eosdem
1000 706 1049 760 val
1066 708 1141 763 alios

177 779 362 854 imperatores
379 777 442 849 post
454 789 478 830 a,
490 775 585 852 tamen
598 781 655 828 372.
670 774 760 827 simile
773 774 843 851 quid
854 772 965 851 molitos
978 789 1051 828 esse,
1081 776 1139 831 Sed

176 857 446 964 irradiastis
464 844 787 960 sairrariis
804 840 1140 964 bisinianen

176 979 305 1033 littorum
324 975 433 1042 scriptis
450 974 579 1042 componi
596 975 717 1041 ideoque
730 974 820 1037 abiis,
838 973 939 1039 quibus
956 976 1052 1027 totum
1066 992 1138 1044 opus

177 1042 331 1099 curandum
349 1041 444 1103 dabat,
464 1049 541 1093 ‘cum
554 1040 676 1108 primum
689 1040 812 1093 codicem
826 1042 937 1093 nostrae
955 1041 1095 1096 scientiae
1109 1048 1139 1097 ct

177 1109 308 1232 Kublicae
321 1108 483 1161 auctoritati
495 1107 669 1173 obtulerint’‚
681 1107 805 1160 inchoari
818 1106 917 1168 voluit,
936 1109 967 1160 at
981 1108 1138 1163 Vaticanus

191 1178 250 1230 'bar
262 1192 331 1241 quas
342 1176 430 1228 habet
439 1175 516 1242 leges
528 1190 624 1238 novas,
643 1189 697 1227 non
711 1175 878 1241 epitomatas
890 1191 923 1226 ex
937 1173 1137 1230 Theodosiana

177 1243 294 1308 Codice,
316 1243 367 1296 sed
384 1243 442 1295 inte
465 1258 523 1305 ras,
545 1242 649 1294 utiam
668 1241 803 1305 diximus,
827 1242 920 1296 refert
956 1243 1050 1295 Alteri
1069 1260 1137 1297 vero

176 1260 571 1433 tritticuitirirtrr
583 1308 961 1429 trininitatis
974 1309 1136 1431 tritt}

177 1447 245 1501 iuris
262 1417 424 1498 diversitate
444 1442 556 1496 exclusa
572 1442 764 1511 magisterium
783 1442 858 1495 vitae
877 1393 1054 1509 suscipdret’,
1076 1447 1136 1498 tam

177 1513 301 1567 breviter
313 1513 343 1565 et
353 1510 433 1579 quasi
445 1509 601 1563 incidenter
611 1510 784 1587 praecipitur
806 1525 891 1575 quam
902 1508 931 1561 in
943 1526 974 1561 re
987 1511 1049 1563 tam
1063 1528 1137 1565 nova

176 1597 232 1700 ntor
245 1579 368 1655 potuisse
379 1577 515 1697 ‘ridendus'
528 1577 581 1696 nidsi
594 1577 718 1696 irgsdertn
731 1550 1136 1696 ιῑιιῒοέὲᾟεΐῖεθίέἓιωοὲηεῙΙῙυω

177 1660 450 1782 {uddddrldndeeldtiuglda
468 1660 597 1777 plrdlddrnd
633 1661 693 1773 erlil
704 1685 778 1763 cuim
795 1711 949 1786 imperator
962 1662 1136 1766 sinexrldreewt:

177 1778 299 1848 quadam
323 1781 494 1842 rnorotoyr'a
518 1777 610 1830 dicere
632 1777 771 1844 potuisset
792 1777 847 1828 ‘Ex
866 1776 908 1828 hrs
929 1777 1026 1830 autern
1044 1731 1135 1832 andus

177 1846 319 1901 codicibus
337 1848 367 1898 et
383 1861 434 1913 per
450 1832 574 1912 sidgulos
595 1842 691 1896 titulos
714 1844 928 1897 cohaerentibus
949 1846 1134 1910 prudentium

176 1913 345 1969 tractatibus
363 1916 392 1965 et
409 1911 547 1979 responsis
565 1912 681 1964 noster
700 1912 754 1963 erit
771 1911 849 1975 alius,
869 1911 918 1978 qui
935 1911 1047 1965 nullum
1061 1930 1134 1967 erro-

177 1999 245 2045 rem,
264 1978 355 2033 nullas
373 1977 497 2046 patietur
514 1978 658 2045 ambages,
683 1979 732 2055 qui
753 1980 870 2030 nostro
892 1978 1028 2032 nomine
1051 1997 1134 2033 nun-

177 2051 339 2116 cupatus,
361 2044 504 2113 sequenda
524 2046 652 2096 omnibus
668 2045 838 2112 vitandaque
861 2045 1056 2113 monstrabit’,
1080 2048 1133 2100 nisi

178 2117 234 2169 iam
247 2113 318 2166 alius
330 2112 483 2190 imperator
495 2112 525 2162 ct
535 2111 589 2163 isto
601 2112 715 2188 quidem
728 2115 865 2188 tempore,
883 2116 916 2163 ut
932 2112 961 2163 in
976 2129 1006 2165 re
1024 2115 1134 2166 recenti

178 2197 276 2310 itti}
296 2179 460 2319 derare
472 2176 1134 2316 {ibrencicatricantia?

177 2314 296 2367 rimento
319 2310 479 2362 faciendum
502 2314 643 2365 curasset?
679 2312 734 2366 Sed
752 2315 782 2367 et
798 2328 870 2381 quac
894 2311 929 2365 de
953 2313 1050 2367 codice
1069 2330 1132 2368 con·

176 2378 295 2433 ficiendo
313 2375 614 2454 praecipiteiusmodi
632 2383 706 2439 sunt.
724 2382 756 2433 ut
773 2380 807 2431 iis
819 2395 874 2433 non
885 2381 943 2432 tam
958 2396 973 2431 0
996 2382 1037 2433 eri
1056 2397 1132 2449 pror·

177 2463 222 2499 sus
240 2459 313 2498 noro
336 2443 429 2520 legem
448 2444 554 2510 dicere,
577 2461 662 2512 quam
681 2446 750 2500 vitia
767 2447 822 2499 iam
841 2448 905 2499 ante
924 2397 1019 2500 coufos
1042 2449 1134 2517 posita

177 2515 207 2568 et
224 2510 339 2579 (addere
357 2510 435 2576 hcet)
448 2513 527 2566 nobis
539 2529 650 2579 quoque
663 2513 691 2567 in
704 2513 841 2567 Vaticana
858 2514 968 2581 sylloga
984 2517 1134 2584 conspicua

177 2583 274 2634 notare
288 2581 317 2633 ct
328 2594 363 2632 ne
376 2596 471 2633 rursus
489 2581 699 2634 committantur
711 2584 807 2635 vetare
820 2581 958 2636 videatur.
985 2580 1060 2636 Nam
1072 2599 1132 2636 ver-

177 2648 219 2702 bis
229 2647 284 2700 illis
298 2655 360 2715 ‘per
372 2646 498 2725 singulos
510 2647 606 2701 titulos
616 2647 828 2702 cohaerentibus
840 2646 1020 2724 prudentium
1031 2651 1133 2703 tracta·

176 2715 253 2769 tibus
265 2717 295 2768 et
306 2722 464 2781 responsrs’.
482 2731 574 2768 nonne
593 2716 751 2783 excerpturi
769 2716 843 2781 ipsos
861 2717 1041 2782 antiquorum
1055 2716 1131 2771 icto-

176 2799 239 2836 rum
262 2781 348 2836 libros
369 2780 410 2834 ita
431 2781 508 2835 adire
530 2781 674 2844 iubentur,
697 2784 729 2835 ut
747 2781 921 2848 exscriptis,
944 2781 993 2834 ubi
1009 2783 1069 2836 iam
1087 2799 1132 2838 ex·

177 2850 274 2970 <cierpdtn
293 2848 450 2968 casublam,
469 2850 510 2901 uti
528 2851 654 2969 tecetzant
670 2848 746 2966 citari
760 2849 821 2968 Vtar.
841 2849 876 2902 de
894 2849 1087 2971 cognitoribus
1104 2854 1133 2904 et

178 2931 667 3060 0311,ariri„barisiensi
691 2931 1132 3061 iteritatis>⁸nrnrr

177 3051 261 3104 sitate
280 3049 413 3111 exclusa',
432 3053 461 3104 et
479 3050 597 3103 ‘nullum
613 3052 755 3113 errorem’,
774 3050 875 3102 ‘nullas
892 3050 1047 3118 ambages‘‚
1065 3051 1132 3105 hcet

177 3118 272 3185 aliquo
295 3116 378 3170 modo
401 3117 486 3170 etiam
510 3117 545 3169 ad
567 3116 753 3192 differentiam
777 3115 1005 3192 constitutionum
1029 3118 1132 3171 codicis

177 3183 254 3238 dieta
271 3200 330 3238 esse
349 3183 423 3236 credi
442 3184 557 3250 possint,
576 3199 621 3235 ma
653 3186 777 3236 stamen
795 3182 960 3235 Vaticanum
978 3200 1080 3265 corpus
1097 3185 1131 3237 iis

177 3251 253 3319 carpi
272 3250 392 3313 videtur,
412 3251 440 3301 et
457 3253 538 3302 vetus
555 3250 598 3300 ius
616 3265 633 3301 a
653 3250 750 3302 olitum
770 3250 860 3327 (velut
878 3250 904 3302 le
927 3251 947 3302 ‘s
960 3250 1084 3315 Cinciae)
1103 3253 1132 3304 et

177 3333 281 3371 novum
299 3316 431 3374 miscens,
456 3318 484 3368 et
501 3315 592 3381 longis
609 3315 709 3368 incerti
730 3317 798 3370 iuris
815 3318 906 3370 tracta
920 3317 980 3369 ibus
997 3319 1080 3371 reiut
1096 3317 1131 3371 da

176 3382 323 3436 usufructu
342 3382 525 3456 accrcscendo
544 3384 573 3435 et
589 3397 644 3434 non
663 3384 832 3435 resectamm
849 3383 944 3451 legum
966 3385 1132 3453 ambagibus

176 3452 333 3501 oneratum.
369 3446 458 3510 Quid?
482 3448 557 3516 quod
577 3448 748 3503 Theodosius
766 3452 796 3503 in
814 3455 899 3503 const.
918 3451 953 3503 de
966 3450 1018 3504 Th.
1034 3451 1063 3506 C.
1083 3461 1187 3513 au·[nsj

176 3515 307 3569 ctoritate
329 3518 352 3578 5.
371 3519 395 3566 3.
419 3530 482 3567 cum
504 3515 670 3569 collaudatis
693 3519 776 3570 antea
793 3517 836 3569 sui
858 3517 966 3570 Codicis
989 3520 1131 3572 coniecto·

250 3706 270 3774 ¹)
285 3711 346 3759 Sanc
361 3709 429 3758 aliter
443 3710 501 3759 hacc
517 3711 586 3759 rerba
603 3712 772 3773 interpretatur
786 3711 915 3759 Mommsen
930 3726 953 3773 p.
968 3722 1029 3772 soar
1049 3712 1132 3761 titulos

176 3780 285 3842 intelligit
298 3781 370 3829 trium
385 3781 494 3829 codicum
509 3781 676 3839 cohaerentes,
692 3788 806 3829 tractatus
821 3797 867 3829 non
883 3783 944 3829 inter
958 3796 984 3829 sc
1000 3783 1132 3831 cohaeren-

176 3860 225 3913 tes,
245 3852 287 3900 scd
303 3852 349 3900 iilis
364 3851 438 3900 titulis
457 3859 594 3912 argumento
614 3859 735 3913 cognatos.
765 3851 831 3908 Quod
852 3867 880 3900 nn
903 3854 991 3900 rectius
1006 3860 1134 3914 statuatur,

175 3923 214 3971 aiii
229 3923 357 3972 iudicanto.
