2378 4386
399 616 436 651 D!
452 615 565 652 uum!
583 615 662 651 nan
678 616 697 652 1.
985 608 1026 667 37

66 746 93 801 in
108 745 176 815 ulta,
198 741 299 797 bonum
314 757 373 797 esse
394 741 576 812 decreuerint,
596 740 639 797 hic
654 736 713 815 (nil)
729 741 780 797 nisi
796 740 869 815 quod
884 743 1028 798 honestum

67 836 139 885 esset
152 820 269 900 putarit¹
284 826 395 881 bonurn.

129 912 163 967 Α.
186 910 245 966 lton
264 925 374 982 paruam
390 924 457 965 uero
472 909 683 965 controuersiam
698 907 782 973 dicis,
801 917 843 964 eet
858 902 942 980 eam,²
961 924 1028 981 quae

67 995 176 1051 dirimat
191 995 288 1049 omnia.

128 1078 170 1135 M.
194 1077 280 1132 Probe
294 1075 402 1149 quidem
417 1077 544 1138 sentires,
560 1076 583 1129 si
598 1090 629 1130 re
643 1090 673 1129 ac
687 1090 743 1130 non
754 1074 844 1130 uerbis
856 1074 1027 1131 dissiderent.

129 1160 196 1217 lllil.
216 1161 250 1216 A.
272 1158 344 1231 Ergo
360 1159 504 1215 adsentiris
520 1158 652 1214 Antiocho
668 1158 790 1214 familiari
804 1175 875 1229 meo,
897 1161 1027 1232 magistro

68 1247 138 1302 enim
153 1261 209 1301 non
224 1242 311 1300 audeo
323 1242 422 1308 dicere,
439 1257 556 1314 quocum
571 1242 624 1296 uixi
636 1249 663 1297 et
676 1245 722 1314 qul
733 1258 775 1298 me
787 1259 819 1298 ex
831 1244 931 1298 nostris
943 1259 1027 1313 paene

69 1328 198 1384 conuellit
207 1326 325 1384 hortulis
333 1326 500 1398 deduxitque
513 1325 710 1381 inlcademianr
718 1326 1026 1401 perpauculispassibus.

129 1410 170 1470 M.
192 1411 239 1466 Vir
259 1413 311 1465 iste
332 1410 384 1465 luit
398 1409 444 1465 ille
459 1403 591 1482 (quidem)
607 1409 725 1482 prudens
740 1418 769 1464 et
783 1419 878 1465 acutus
893 1418 921 1465 et
934 1411 961 1465 in
978 1426 1028 1466 suo

68 1511 168 1568 genere
188 1493 327 1567 perlectus
341 1494 478 1565 mihique,
497 1500 529 1548 ut
539 1493 602 1562 scis,
623 1492 769 1560 familiaris,
790 1493 854 1564 quoi
870 1501 959 1547 tamen
975 1508 1028 1566 ego

68 1578 202 1634 adsentiar
216 1579 244 1632 in
259 1576 383 1633 omnibus
397 1591 491 1644 necne,
507 1591 569 1631 mon
585 1575 694 1631 uidero:
715 1575 768 1632 boc
781 1574 853 1645 dico,
869 1584 1028 1631 controuer·
1074 1639 1077 1643 ¹

67 1663 134 1716 siam
151 1668 235 1715 totam
250 1661 327 1713 istam
342 1674 424 1731 posse
437 1659 534 1715 sedari.

133 1739 180 1797 55.
202 1742 235 1796 A.
259 1739 328 1807 Quin
343 1743 415 1797 istuc
428 1742 533 1798 tandem
550 1739 627 1816 (non)
643 1734 766 1797 ιιίὶεέῑῖ8

133 1824 173 1880 Μ.
197 1822 273 1892 Quia,
289 1825 323 1893 si,
340 1832 370 1879 ut
385 1824 466 1881 Chius
474 1826 568 1881 Aristo
584 1825 648 1882 dirit
664 1824 864 1881 solumbonum
881 1840 940 1880 esse
956 1826 1028 1898 quod

68 1911 214 1966 honestum
227 1916 309 1977 esset,
325 1907 476 1982 malumque
491 1909 564 1982 quod
577 1918 666 1982 turpe,
681 1915 783 1965 ceteras
795 1925 839 1964 res
852 1911 938 1965 omnis
950 1909 1029 1983 plane

68 1995 140 2067 paris
156 2008 236 2049 acne
252 1992 388 2048 minimum
403 1993 509 2066 quidem
526 2002 615 2048 utrum
631 1993 755 2049 adessent
766 2010 798 2049 an
811 1994 935 2050 abessent
947 1995 1029 2049 inter·

70 2092 140 2147 esse,
155 2075 233 2132 ualde
248 2091 262 2129 a
277 2074 427 2133 Xenocrate
441 2085 469 2132 et
484 2075 628 2132 Aristotele
649 2084 676 2131 et
690 2076 722 2132 ab
738 2077 783 2132 illa
797 2077 916 2133 Platonis
932 2078 1029 2134 familia

71 2160 238 2233 discreparet
258 2159 405 2232 esset(que)
426 2163 499 2215 inter
520 2177 566 2215 eos
588 2159 622 2215 de
637 2175 667 2215 re
682 2163 795 2216 maxima
810 2169 837 2215 et
852 2161 886 2216 dc
902 2164 975 2217 omni
990 2163 1030 2216 ui·

71 2243 151 2299 uendi
166 2245 271 2299 ratione
286 2242 431 2299 dissensio:
447 2260 519 2300 nunc
535 2259 613 2317 uero,
629 2260 710 2316 quotu
727 2243 822 2315 decus,
839 2244 911 2315 quod
929 2246 1031 2316 antiqui

71 2342 204 2382 summum
219 2326 318 2382 bonum
330 2343 390 2383 esse
403 2327 533 2395 dixerant,
550 2328 594 2382 bic
605 2327 693 2383 solum
706 2329 807 2384 bonnm
820 2327 900 2398 dicat,
912 2328 1030 2399 itemque

55 2407 59 2414 '
72 2408 190 2465 dedecus
203 2409 241 2466 illi
256 2426 390 2466 summum
403 2410 511 2479 malunt,
530 2411 574 2466 hir.
585 2410 683 2482 solum,
704 2411 819 2477 diuitias,
840 2410 1030 2482 ualetudinem,

70 2492 299 2567 pulchritudinem
321 2493 474 2550 commodas
497 2511 540 2549 res
562 2493 693 2567 appellet,
716 2512 771 2551 non
792 2495 892 2565 bonas,
915 2511 1030 2568 pauper·

72 2586 170 2648 tatem,
193 2575 373 2647 debilitatem,
395 2577 519 2633 dolorem
542 2576 733 2648 incommodas,
757 2595 812 2633 non
835 2577 926 2646 malas,
949 2580 1031 2634 sentit

71 2659 142 2716 idem
164 2659 236 2734 quod
252 2659 425 2732 Xenocrates,
448 2661 520 2734 quod
537 2661 708 2728 Aristoteles,
729 2660 850 2731 loquitur
870 2661 923 2715 alio
939 2661 1029 2716 modo.

72 2759 105 2800 ex
118 2743 168 2799 bac
182 2752 270 2799 autem
285 2760 340 2800 non
354 2760 458 2815 rorum,
473 2743 520 2800 sed
537 2742 681 2799 uerborum
697 2741 829 2797 discordia
846 2745 1032 2797 controuersia

72 2834 114 2882 cat
128 2835 189 2882 nata
203 2825 236 2881 de
245 2826 359 2895 buibus3
374 2831 401 2883 in
413 2844 475 2899 qua,
492 2827 619 2899 quoniam
631 2820 726 2881 usum⁴
737 2826 875 2899 cepionem
891 2825 1031 2881 duodecim

73 2907 179 2964 tabulae
199 2911 268 2966 intra
288 2913 406 2984 quinque
427 2911 508 2983 pedes
529 2928 589 2967 esse
604 2911 761 2979 noluerunt,
783 2908 888 2982 depasci
911 2917 1031 2965 ueterem

70 2994 272 3066 possessionem
287 2995 442 3050 Academiae
464 2994 496 3049 ab
518 2995 570 3052 hoc
593 3005 672 3051 acuto
694 2996 803 3050 homine
826 3009 880 3048 non
903 2995 1031 3066 sinemus,

71 3093 121 3133 neo
135 3075 248 3133 llamilia
263 3078 324 3151 lege
338 3078 448 3151 singuli,
465 3078 511 3134 sed
528 3094 603 3134 exn
620 3087 674 3134 tres
689 3079 781 3135 arbitri
797 3075 858 3133 linis
873 3094 1009 3151 regemus.

133 3165 180 3227 dd.
202 3168 236 3236 Q.
260 3168 406 3236 Quamnam
420 3172 506 3244 igitur
519 3173 678 3226 sententiam
695 3170 826 3225 dicimus?

133 3251 174 3309 M.
196 3252 305 3326 llequiri
327 3254 433 3326 placere
454 3257 592 3323 terminos,
614 3270 683 3327 quos
703 3253 828 3309 Socrates
848 3254 965 3326 pegorit,
987 3251 1032 3306 iis·

72 3351 125 3408 que
140 3353 245 3410 parere.

134 3419 167 3487 Q.
190 3418 339 3490 Praeclare,
356 3420 449 3489 irater,
465 3422 515 3475 iam
528 3436 599 3476 nuno
611 3437 626 3476 a
637 3430 664 3477 te
675 3421 756 3477 uerba
768 3427 934 3492 usurpantur
946 3417 1032 3474 ciuilis

70 3504 138 3559 iuris
161 3512 188 3559 et
210 3502 312 3576 legum,
335 3520 389 3577 quo
412 3504 445 3559 de
468 3520 567 3577 genere
589 3512 703 3577 expecto
719 3503 927 3577 disputationem
943 3509 1031 3569 tuam3

72 3641 275 3652 ———-—-

145 3714 165 3780 ¹)
178 3718 217 3766 bic
226 3718 272 3766 nisi
280 3718 342 3780 quod
352 3718 477 3767 honestum
486 3725 550 3766 esset
560 3718 625 3765 nibil
636 3732 690 3767 esse
700 3718 788 3780 puniit
802 3716 841 3765 ed.
854 3716 884 3763 V.
915 3711 936 3777 ¹)
950 3727 1032 3777 parom

71 3803 128 3839 uero
148 3789 337 3838 controuersiam
356 3788 416 3837 dicis
435 3796 472 3837 sat
486 3802 533 3836 non
548 3802 599 3835 eant
613 3786 669 3836 AB
686 3787 784 3836 Paruum
798 3799 856 3834 uero
871 3801 892 3834 c.
908 3784 930 3834 d.
946 3791 970 3831 at
985 3797 1030 3830 non

71 3873 123 3909 eam
133 3858 173 3909 ed.
181 3858 213 3907 V.
244 3855 265 3922 ⁸)
279 3859 323 3916 Qut
338 3859 399 3907 istuc
411 3858 504 3906 tandem
518 3857 605 3906 uides?
618 3858 675 3905 edd.
687 3858 743 3920 quin
754 3858 816 3904 istuc
827 3854 921 3902 tandem
933 3852 1033 3916 (laudea

72 3930 107 3994 A)
122 3929 190 3979 uides
205 3927 262 3977 AB.
301 3926 322 3993 ⁴)
335 3942 392 3977 usus
407 3926 464 3976 AB.
479 3927 518 3976 ed.
538 3926 568 3975 V.
589 3942 633 3974 usu
647 3928 687 3974 ed.
702 3941 757 3975 mea
771 3937 791 3972 a.
