2378 4386
184 577 243 641 738
411 593 509 630 rasam
529 591 583 627 rvr.
602 590 665 627 rou.
685 590 770 627 ruric.
792 578 905 626 70-72.

75 764 91 800 q
104 723 161 803 ’,ιῆ,
242 719 290 781 70.
307 716 371 794 Ι(1.)
389 722 421 778 Si
431 722 520 794 fandi
531 721 717 793 ususfructus
728 720 822 792 fuerit
831 723 957 793 leqatus‚
971 727 1001 778 et
1013 725 1053 778 sit
1065 740 1154 798 uqer,

74 792 108 843 ¹¹²
118 794 169 846 ⁸¹³3
181 811 256 866 unde
268 810 337 878 polo
348 806 518 878 infandum,
535 810 619 862 cuius
632 803 819 875 ususfructus
833 806 950 876 leqatus
963 813 1018 876 esi,
1034 810 1154 864 solebat

76 885 400 964 [ts]ss.a·paterfamilias
414 892 472 954 uti,
494 891 541 946 aei
555 892 657 961 salice,
673 891 719 944 uel
735 890 892 944 arundine.-
908 894 982 959 puto
1001 885 1005 962 i
1022 888 1151 948 {ructua-

89 962 161 1029 §pn
181 976 249 1031 rium
264 974 396 1029 baateuus
412 976 454 1029 uti
465 988 565 1043 posse,
580 989 616 1029 ne
631 988 671 1030 ex
686 986 719 1028 eo
734 973 856 1029 nendatr
877 975 936 1028 nisi
946 973 1033 1043 forte
1050 978 1154 1033 salicti

182 1062 218 1129 ei,
234 1060 279 1114 uel
294 1059 386 1114 siluae
399 1059 520 1128 palaris,
543 1057 587 1113 uei
602 1054 753 1112 arundineti
769 1054 943 1111 ususfructus
960 1060 1000 1112 sit
1015 1059 1152 1132 leqatus:

181 1149 250 1198 tune
265 1143 339 1197 enim
353 1148 381 1196 et
396 1142 521 1197 uendere
535 1147 638 1212 potest.
672 1156 738 1195 nam
753 1144 781 1194 et
799 1139 952 1195 Trebatius
968 1143 1085 1210 scribit,
1101 1145 1151 1198 sil·

182 1241 242 1281 uam
252 1224 379 1281 caeduam
391 1239 474 1298 posse
483 1223 679 1295 fructuarium
691 1224 824 1292 caedere,
836 1226 911 1279 sicut
919 1225 1150 1297 paterfamilias

182 1310 330 1367 caedebat.
343 1308 420 1380 item,
433 1316 462 1363 ut
475 1307 662 1363 arundinetum
675 1306 799 1376 'caedat
811 1307 908 1379 quode
918 1322 1032 1377 qenere
1042 1319 1148 1382 pater·

179 1394 310 1465 familias
324 1407 393 1449 sues
407 1385 518 1460 aiebat,²
533 1407 599 1463 nou,
614 1399 690 1465 puio,
712 1389 890 1462 prohibetur.
936 1389 1015 1458 Quin
1032 1402 1065 1450 et
1080 1412 1147 1452 cae·

182 1494 243 1534 sum
255 1478 381 1535 uendere
395 1479 511 1547 poterit,
526 1467 705 1550 quanquam³
715 1473 934 1546 paterfamilias
945 1478 1082 1535 uendere
1094 1495 1149 1535 nou

182 1560 294 1621 solebat.
309 1559 357 1615 sed
373 1561 430 1633 ipse
446 1552 511 1615 ιιῑί.4
541 1560 705 1615 admodum
721 1561 794 1613 enim
809 1557 999 1627 referendum
1015 1570 1072 1629 est,
1088 1580 1147 1620 uon

183 1646 222 1701 ad
235 1646 400 1715 qualitatem
415 1644 519 1699 utendi.
562 1637 620 1716 (2.)
642 1643 750 1698 Cassius
765 1634 867 1696 autem⁶
882 1642 1085 1714 ususfructus
1098 1650 1147 1704 sil·

182 1741 239 1785 uae
254 1729 384 1783 caeduae
400 1729 531 1798 ecemplo
546 1729 644 1797 definit
659 1730 743 1781 etiam
763 1725 901 1781 seminarii
918 1741 1034 1801 quoque
1051 1746 1146 1787 usum·

182 1810 309 1869 fructum.
353 1812 445 1883 itaque
467 1813 493 1866 si
514 1812 667 1866 seminaria
691 1827 709 1864 a
727 1808 946 1881 patrefamilias
967 1817 1148 1871 conserendi

184 1902 286 1951 tautum
302 1896 360 1968 agri
376 1908 457 1950 causa
472 1893 548 1950 lucta
563 1894 627 1961 sint,
650 1894 800 1948 dicendum
815 1905 879 1948 esse
893 1897 943 1959 ait,
969 1910 1037 1952 cum
1053 1914 1096 1955 esc
1111 1903 1145 1954 iis

183 1986 365 2047 conseratur,
387 1981 473 2034 etium
495 1978 615 2033 arbores
637 1976 790 2032 demortuus
813 1975 845 2030 ad
868 1974 1061 2036 tructaariam
1072 1998 1144 2054 per·

182 2066 284 2133 tinere,
303 2076 378 2135 qaae
393 2062 502 2133 alioqui
515 2063 590 2115 sicut
603 2061 716 2130 lapides
730 2067 889 2130 ceteraeque
904 2064 1047 2133 materiae,
1072 2071 1141 2137 qnia

180 2151 210 2203 in
223 2146 326 2218 fructu
341 2161 397 2199 non
418 2151 501 2211 sunt,
522 2145 662 2199 dominum
681 2146 869 2214 proprietatis
884 2153 1049 2218 sequuntur.
1077 2142 1139 2224 (3.)

181 2227 313 2300 Numquid
328 2231 425 2298 iqitur‚
443 2229 470 2281 si
482 2230 664 2282 seminarium
681 2245 735 2284 non
753 2231 799 2296 sit,
813 2229 967 2284 dominium
983 2246 1084 2287 earum
1100 2234 1142 2287 ad

179 2311 396 2382 proprietarium
412 2317 531 2381 spectet,
554 2319 585 2365 ut
602 2313 729 2383 lapidum
744 2318 987 2386 caeterarumque
1001 2320 1140 2373 materia-
1150 2323 1183 2372 [u

180 2411 253 2464 rum,
269 2397 373 2466 quaeri
385 2399 487 2463 potest.
523 2393 664 2450 Trebatius
680 2404 768 2451 autern
783 2395 957 2466 simpliciter,
976 2401 1003 2454 si
1016 2401 1141 2458 arbores

180 2483 210 2534 in
226 2494 297 2551 aqro
318 2478 484 2534 demortuae
506 2483 572 2548 sint,
595 2494 654 2535 esse
676 2494 720 2533 eas
743 2477 897 2549 fructuarii,
920 2484 1140 2558 coqendumque

181 2580 244 2621 eum
259 2563 335 2618 alias
345 2563 484 2618 adserere
499 2563 610 2618 scribit.
648 2554 736 2638 [ll.]⁸
752 2556 809 2637 (1.)
825 2562 921 2618 Labeo
932 2569 984 2634 ait,
1008 2565 1139 2626 ’tructus-

181 2649 249 2703 rium
264 2645 297 2702 ad
313 2650 461 2703 materiam
482 2652 568 2718 aptas
583 2646 703 2703 arbores
717 2649 747 2702 in
763 2662 833 2718 aqro
848 2646 1017 2706 demortuos
1036 2645 1139 2725 usque⁷

254 2803 275 2872 l)
288 2806 336 2855 Est
346 2805 376 2854 L.
388 2819 407 2856 s.
422 2808 446 2867 fi.
456 2817 477 2856 l.
496 2806 528 2856 tt.
543 2808 575 2855 de
590 2807 673 2867 usufr.
689 2803 720 2869 (l,
731 2804 753 2869 1)
765 2808 870 2869 paulum
885 2813 990 2856 mutata.
1050 2806 1073 2875 ¹)
1090 2810 1137 2861 lte·

181 2879 255 2927 siitut'
267 2879 416 2926 sententiam
430 2892 465 2925 ero
476 2877 568 2927 Colum.
580 2889 600 2933 t,
610 2889 630 2927 st.
646 2878 668 2937 ξ.
680 2886 700 2926 t.
725 2874 817 2925 Oriens
831 2877 898 2926 bunc
907 2879 1051 2931 arundinis
1067 2897 1136 2931 usum

180 2949 284 2997 uidetur
299 2948 442 3012 iquorasse.
470 2948 556 2996 Aliter
570 2946 745 2996 Mommsenus.
820 2942 841 3010 3)
858 2946 976 2996 destitui.
1007 2964 1055 2999 uon
1072 2959 1135 3014 puto.

181 3018 321 3066 Prohibetur
335 3018 392 3067 edd.
444 3015 465 3080 ⁴)
481 3017 513 3065 In
523 3018 582 3081 Dr'q.
593 3024 644 3065 est:
661 3013 730 3065 ‘nam
745 3023 770 3065 et
783 3015 916 3065 Trebatius
925 3018 1027 3077 scribit,
1042 3023 1136 3071 siluam

180 3088 302 3137 caeduam
317 3095 341 3136 et
354 3088 535 3137 arundinetum
551 3102 626 3149 posse
637 3088 814 3148 fructuarium
829 3088 949 3143 caedere,
963 3090 1034 3138 sicut
1044 3100 1135 3154 pater·

179 3160 294 3207 fanaticas
309 3157 437 3216 caedebat,
453 3166 477 3206 et
492 3158 611 3218 scandere,
626 3158 686 3206 iicet
698 3158 890 3219 paterfamilias
904 3172 953 3206 non
964 3160 1066 3210 solebat
1075 3177 1133 3211 uen-

179 3229 241 3277 dere
255 3228 302 3276 sed
316 3229 369 3289 ipse
381 3225 437 3274 uti.'
487 3225 506 3291 ὖ)
519 3226 657 3289 Sequentia
667 3228 810 3276 adsenseum
819 3229 929 3275 restitui.
950 3228 989 3290 Cf.
1002 3229 1033 3277 L.
1046 3242 1067 3283 r.
1083 3233 1133 3294 §.u

179 3298 210 3345 L.
226 3309 258 3348 ιε.
275 3295 306 3344 L.
321 3306 347 3345 bo
359 3311 401 3357 pr.
417 3296 448 3344 D.
464 3296 495 3344 de
510 3297 593 3357 usufr.
609 3296 640 3359 (l,
656 3296 686 3359 1).
706 3296 737 3345 L.
754 3310 786 3348 si.
812 3297 844 3345 D.
860 3298 891 3346 de
906 3299 956 3346 iur.
971 3299 1024 3348 dot.
1041 3300 1088 3365 (ss,
1102 3302 1134 3364 a).

184 3367 262 3416 Vocis
276 3380 332 3412 usus
347 3367 454 3429 vestiqia
470 3368 496 3413 s'n
516 3366 541 3413 V
543 3365 561 3412 ό.
577 3374 682 3428 reperta
695 3375 761 3415 sant.
814 3364 835 3429 ⁶)
850 3366 898 3416 Est
912 3367 943 3415 L.
959 3379 984 3418 12
995 3385 1040 3433 pr.
1060 3372 1092 3420 1).
1103 3372 1135 3420 de

179 3436 261 3497 rasufr.
274 3433 305 3496 (t,
316 3434 338 3496 1)
348 3435 394 3483 sed
408 3434 444 3482 ibi
453 3443 563 3491 mutata:
578 3452 635 3485 nam
646 3438 739 3501 incipit
749 3438 798 3486 tbi:
814 3434 970 3486 ‘Arboribus
983 3442 1084 3490 euttlsis
1094 3443 1135 3490 uei

179 3507 206 3553 ui
216 3512 347 3553 uentorum
358 3505 465 3554 deiectis
475 3520 552 3570 usque
562 3507 598 3555 ud
608 3522 679 3555 usum
689 3544 694 3556 .
703 3544 708 3556 .
716 3544 734 3556 ..
746 3515 834 3556 utatur
844 3507 1017 3572 iiqno‚Lubeo
1024 3508 1076 3559 uit'
1085 3520 1134 3561 etc.

179 3572 199 3638 ⁷)
215 3575 368 3623 fructuarium
383 3575 466 3624 adm..
477 3613 482 3625 .
492 3613 512 3624 ..
528 3579 551 3637 ὃ.
563 3589 594 3629 tt.
616 3579 681 3626 item.
696 3576 759 3641 (Sed
772 3579 829 3627 item
843 3585 946 3627 nonest
961 3580 987 3626 in
1008 3579 1035 3626 V
1036 3578 1061 3645 δ)
1090 3581 1136 3631 Ex

177 3647 245 3696 silua
260 3646 359 3694 caedua
374 3661 447 3710 usque
463 3647 501 3695 ed.
513 3647 605 3697 Holiro.
631 3648 699 3697 altili
708 3656 804 3698 cestram
819 3656 863 3706 est,
878 3663 968 3697 nouum
982 3659 1135 3712 excerptum

177 3717 219 3764 bic
234 3731 284 3765 raon
300 3718 425 3779 coepisse,
445 3733 534 3767 notram
552 3721 702 3767 sententiam
721 3733 781 3769 uero
801 3721 851 3767 ianr
866 3725 924 3767 anie
938 3735 960 3767 u.
976 3721 1134 3769 fructuarium

177 3801 296 3835 exorsum
315 3802 377 3835 esse.
406 3787 492 3837 Verba
513 3785 610 3838 ‘Labeo
630 3787 688 3846 ait’,
710 3805 774 3853 quae
793 3791 819 3837 in
835 3789 893 3854 Diq.
914 3792 939 3835 in
957 3791 1011 3850 fine
1026 3791 1134 3853 periodi

177 3859 305 3922 Iepuntnm
321 3857 364 3906 ubi
377 3874 407 3907 ea
423 3860 449 3906 in
470 3859 528 3907 Vol.
543 3874 632 3908 uersus
646 3874 696 3908 aon
712 3861 793 3922 capit,
808 3867 867 3908 ante
883 3860 1005 3922 ponenda
1024 3866 1049 3909 et
1065 3874 1134 3910 com-

176 3928 319 3978 modissime
333 3928 383 3978 bue
397 3930 580 3990 transferenda
595 3937 681 3986 erant,
702 3929 745 3977 ubi
763 3931 861 3994 alioqui
878 3930 987 3991 spatium
1007 3930 1133 3980 abundat.⁴
