2378 4386
172 537 237 604 630
475 553 611 590 srsuirars
629 551 820 589 cocusrrorrvsr.

239 677 366 730 Alterum
378 677 497 729 stemma
507 676 652 743 praestant
686 675 768 727 artim
781 673 879 727 Isidori
892 673 967 742 Orig.
978 680 1002 739 9,
1013 681 1038 729 b.
1050 680 1076 739 ξ.
1086 681 1130 732 28.

172 749 301 813 (quarum
324 759 389 795 usus
412 759 473 795 sum
494 742 538 798 ed.
561 741 589 794 Ρ.
609 740 641 798 V,
660 691 771 794 daorsis
793 742 822 793 in
840 739 1026 795 Lindemauni
1049 758 1084 795 co
1122 785 1129 799 .

192 827 289 864 ramm.
307 807 367 863 Lat.
387 809 433 862 III.
474 849 479 861 .
500 811 559 875 312)
578 823 611 861 ex
629 808 725 884 multis
743 808 822 863 codd.
844 825 908 884 mss.
931 809 1036 877 partim
1055 759 1128 863 aii.

172 830 332 934 {aaronem
349 876 410 930 Ioco
429 826 593 941 sciPauI.4,
608 881 647 931 11.
666 877 752 928 cstato
771 891 804 951 οι
819 874 928 940 Contm,
947 877 997 943 qui
1015 892 1049 930 ex
1063 876 1129 930 aliis

171 944 342 998 membranis
360 942 389 995 id
407 943 534 996 sumsisse
553 942 673 1006 videtur,
692 959 754 994 cum
767 942 864 994 Isidori
883 944 1056 996 mentionem
1070 959 1128 997 non

171 1012 268 1076 faciat,
292 1012 321 1064 et
337 1010 367 1062 in
403 1010 549 1063 uibusdam
568 1009 681 1078 gravius
699 1024 783 1076 quarn
802 1009 899 1061 Isidori
922 1010 1034 1063 codices
1052 1011 1130 1064 inter

171 1095 201 1157 se
218 1078 367 1157 discrepet.
384 1027 522 1145 ‘licetque
539 1077 601 1130 fons
619 1077 721 1155 suiset
739 1076 889 1128 virtutibus
907 1078 937 1129 et
954 1077 1065 1130 mendis
1084 1079 1129 1132 est

171 1143 1128 1287 {trististristisaldeardis„⁸0⁰3,litaret

171 1281 244 1334 rales
266 1281 286 1332 ii
319 1295 355 1333 ue
379 1279 527 1347 inscriptos
550 1293 679 1332 numeros
702 1277 854 1342 Romanos,
881 1294 944 1330 cum
967 1295 996 1331 ιιι
1019 1278 1128 1332 Isidoro

170 1297 382 1402 ascendciilium
395 1349 424 1399 et
436 1346 662 1399 descendentium
676 1345 733 1397 sint
743 1344 814 1397 trian
838 1343 930 1396 ulares
943 1347 1079 1399 etomnes
1091 1345 1128 1399 ab

172 1414 327 1469 editoribus
339 1413 457 1467 arabicis
469 1413 592 1467 numeris
610 1412 744 1488 signatae.
774 1411 805 1463 In
818 1361 955 1488 {cutiano
970 1413 1127 1489 exemplari

171 1483 257 1535 etiam
280 1485 377 1550 ‘pater
395 1483 501 1534 mater’
525 1483 555 1534 et
577 1479 667 1531 ‘filius
685 1478 756 1531 tilia’
781 1478 871 1554 figura
893 1478 993 1532 inclusi
1014 1481 1130 1533 suntet

171 1550 258 1602 ternis
282 1548 396 1615 quidem
418 1548 498 1602 lineis
521 1562 606 1615 supra
629 1547 657 1598 et
678 1546 762 1608 iufra,
792 1544 991 1612 significandae
1017 1546 1129 1600 scilicet

172 1614 297 1668 arctioris
320 1615 402 1668 huius
420 1613 630 1669 necessitudinis
653 1627 736 1664 causa
753 1628 770 1664 a
787 1612 888 1665 ceteris
926 1612 1054 1677 rudibus,
1078 1615 1129 1681 qui

172 1680 327 1749 singulares
344 1681 458 1744 hubent,
478 1680 614 1742 distincti;
633 1678 661 1730 in
679 1678 776 1754 Isidori
794 1679 911 1732 editions
925 1696 964 1759 ,ιιι
982 1680 1024 1756 illi
1042 1680 1130 1757 soluti

172 1748 666 1872 {irremissibili
685 1746 1129 1888 tellaszltlilraffltze:

171 1883 224 1935 bus
250 1883 385 1950 scriptum
413 1885 455 1935 est
482 1881 598 1956 ‘Usque'
620 1878 655 1930 ud
697 1888 764 1932 une’
790 1883 842 1934 etc.
866 1879 985 1956 Isidorus
1014 1882 1129 1934 tantum

171 1951 325 2069 3233in
339 1946 1048 2091 {tituletis”tirsttffdemmdnildss'delitiis
1061 1964 1128 2079 {a}

173 2083 274 2150 quarti,
294 2083 385 2148 quinti
403 2084 433 2133 et
449 2095 569 2133 maxime
588 2082 660 2132 sexti
672 2079 775 2148 gradus
787 2082 920 2132 nunutror
936 2083 986 2142 sit,
1005 2096 1050 2133 me
1069 2096 1127 2134 non

171 2149 330 2217 intelligere
349 2150 448 2199 lateor.
478 2145 664 2210 Quamobrem
682 2147 711 2199 id
729 2147 774 2198 bic
793 2147 927 2200 indicasse
946 2148 1012 2199 satis
1030 2147 1127 2202 habui.

173 2215 303 2269 Ceterum
321 2215 412 2265 totum
424 2214 476 2266 hoe
489 2213 602 2266 schema
615 2212 894 2267 demonstrandarum
908 2221 1084 2290 capuanorum
1096 2215 1126 2268 iu

172 2281 287 2333 modum
305 2279 457 2346 pyramidis
475 2280 637 2333 decurtatae
656 2281 696 2332 ita
713 2283 901 2333 constructum
919 2281 1006 2345 vides,
1027 2284 1060 2334 ut
1078 2298 1127 2334 sex

171 2347 337 2399 transversis
363 2345 505 2400 laterculis
531 2347 619 2400 altero
647 2348 720 2399 infra
746 2347 865 2400 alterum
892 2349 997 2412 locato,
1029 2364 1127 2402 omnes

171 2413 269 2482 primi,
300 2414 416 2466 secundi
445 2416 474 2468 et
502 2415 658 2467 ceterorum
687 2430 774 2481 usque
804 2415 839 2466 ad
868 2417 977 2468 sextum
1007 2417 1126 2484 gradum

172 2479 284 2549 cognati
306 2480 336 2532 in
353 2497 521 2549 unoquoque
544 2482 623 2533 iuxta
640 2497 668 2533 sc
708 2481 771 2533 ositi
793 2481 1007 2547 conspiciantur.
1044 2481 1126 2546 Quod

171 2550 205 2600 ut
217 2547 363 2612 efficiatur,
383 2548 490 2601 directa
502 2549 576 2602 linea
594 2564 674 2601 ascen
697 2548 802 2600 entium
816 2548 935 2613 laevum,
955 2548 1125 2601 descenden-

171 2616 243 2669 tium
261 2615 390 2668 dextrum
413 2615 485 2668 latus
508 2615 625 2678 claudit;
649 2614 723 2666 intus
743 2616 808 2667 sunt
825 2630 842 2666 a
859 2614 947 2667 latere
965 2616 1125 2668 iunctorum

172 2682 263 2736 scalae
282 2684 311 2736 et
328 2683 431 2751 gradus
453 2684 494 2736 ita
515 2682 660 2748 delineati,
684 2685 716 2733 ut
733 2680 761 2733 in
779 2682 901 2734 secundo
924 2682 1061 2734 laterculo
1080 2682 1126 2736 vel

172 2750 262 2818 gradu
279 2767 374 2803 rursus
391 2750 468 2803 utin
487 2750 629 2818 superiore
649 2747 799 2817 εἰκονίσμῳ
816 2749 902 2801 frater
919 2764 1052 2816 sororque
1072 2765 1125 2802 avo

173 2819 203 2870 et
225 2817 356 2885 deinceps
379 2817 465 2870 aeteri
487 2817 636 2869 transversi
658 2814 763 2867 ordinis
791 2816 884 2883 capita
927 2818 1034 2880 atruus,
1062 2833 1126 2893 pro·

172 2887 290 2952 patruus
319 2886 371 2941 etc.
399 2883 580 2950 sequentibus
615 2882 738 2935 directae
768 2880 858 2935 lineae
888 2833 1124 2937 abscondentibus

173 2952 345 3015 accrescant,
374 2966 525 3016 eorumque
550 2950 698 3017 progenies
723 2950 752 3000 in
779 2950 960 3016 sequentibus
990 2951 1125 3018 gradibus

172 3019 349 3082 ostendatur,
373 3034 429 3084 quo
448 3018 492 3080 fit,
517 3018 548 3068 ut
566 3018 595 3068 et
616 3032 733 3083 sequens
756 3017 873 3083 quisque
895 3016 1047 3069 laterculus
1069 3033 1126 3069 una

172 3085 276 3137 cellula
302 3086 440 3151 augeatur
463 3086 492 3136 et
515 3086 592 3135 ortus
618 3084 721 3151 gradus
744 3100 776 3136 ex
798 3083 889 3151 gradu
914 3085 942 3135 in
965 3086 1124 3138 transverso

172 3150 270 3203 ordine
293 3154 436 3218 appareat.
473 3149 545 3201 Dum
563 3165 630 3202 vero
649 3150 699 3202 boc
718 3150 800 3203 modo
823 3149 931 3202 directa
948 3149 1036 3217 linea,
1061 3166 1124 3219 pro·

172 3217 294 3291 prietate
317 3234 368 3269 sua
384 3216 498 3292 amissa,
522 3216 604 3282 plane
627 3216 662 3294 ad
685 3218 834 3292 transversi
857 3218 962 3270 ordinis
984 3233 1123 3294 normam,

172 3298 251 3425 tlt}
265 3283 496 3424 ddtulsllipll
509 3283 1124 3404 illiseiea‘siinlttlgatteria

171 3416 243 3467 trum
255 3431 388 3482 personas
400 3417 569 3483 pertrngant,
583 3419 702 3484 apparet
714 3421 805 3471 totum
818 3419 932 3471 schema
940 3418 976 3471 ad
985 3418 1123 3471 illustran-

172 3481 239 3534 dum
263 3483 305 3534 ius
329 3482 399 3549 Iegis
420 3481 533 3548 Furiae,
561 3498 594 3534 ex
617 3500 672 3549 qno
696 3487 725 3537 et
744 3485 872 3538 intestati
895 3486 959 3538 bon.
980 3485 1123 3553 possessio,

172 3548 293 3601 maxime
305 3547 379 3601 unde
390 3551 510 3617 cognati,
523 3550 674 3618 pendebat,
688 3551 861 3629 aliarumque
874 3552 970 3621 legum
980 3566 1118 3619 compara

171 3616 231 3667 tum
250 3631 317 3671 esse.
353 3615 407 3668 Sed
427 3617 575 3685 praecipue
593 3617 672 3682 illud,
691 3618 766 3684 quod
784 3619 905 3672 Isidorus
922 3618 1050 3679 servarit
1070 3633 1116 3671 ex·
1131 3636 1183 3683 [aar

173 3680 298 3748 emplum
310 3682 353 3736 ius
365 3682 435 3761 Iegis
446 3683 533 3737 Iuliae
544 3684 735 3739 vicesimariae
748 3689 887 3753 spectasse
900 3685 1025 3747 videtum
1042 3700 1123 3752 quor·

173 3764 235 3801 sum
249 3749 322 3801 euim
335 3753 475 3817 pertineat
487 3751 537 3804 illa
548 3752 692 3805 adnotatio
708 3752 813 3820 ‘Usque
825 3753 862 3805 ad
873 3753 947 3805 hunc
957 3750 1122 3804 laterculum

173 3831 308 3884 personae
326 3817 464 3872 immunes
482 3820 570 3881 sunt’,
588 3819 642 3872 nisi
659 3819 695 3872 ad
712 3819 879 3872 immunesa
894 3819 1027 3872 vicesima
1043 3817 1122 3870 here·

117 3954 119 3959 Ι
173 3882 324 3942 ditatium?
348 3885 472 3950 Accedit,
489 3886 599 3953 quodsi
612 3885 748 3939 bonorum
762 3885 927 3955 possessioni
939 3884 1122 3953 explicandae
