2378 4386
377 559 486 596 SERVIVS
505 561 640 597 amictus
655 561 746 599 RVFVS.

255 730 440 798 SERVIVS
471 730 694 797 SVLPICIVS
722 730 864 822 RVFVS

390 836 453 903 (cos.
469 854 490 887 a.
505 855 528 887 u.
544 850 592 889 tot.
607 838 667 887 obiit
680 839 737 904 tut).

449 937 489 993 lle
517 936 671 992 dotibus.

138 1043 162 1103 l.
184 1044 296 1101 Seruius
318 1060 427 1119 quoque
443 1044 578 1118 Sulpicius
593 1046 620 1099 in
635 1044 721 1116 libro,
741 1062 821 1119 quem
836 1049 991 1120 composuit
1006 1047 1039 1103 de

78 1128 197 1200 dotibus,
219 1139 277 1184 tum
299 1130 416 1202 primum
438 1129 577 1184 cautiones
599 1130 638 1185 rei
660 1131 770 1185 uxoriae
792 1133 955 1187 necessarias
978 1148 1060 1190 esse.

28 1215 152 1274 tunnam
166 1213 291 1286 scripsit,
306 1229 368 1268 eum
383 1211 497 1285 Spurius
514 1211 662 1280 Caruilius,
679 1214 721 1268 cul
737 1213 813 1287 liuga
827 1224 1038 1289 cognomentum

79 1297 143 1368 luit,
163 1298 207 1353 uir
220 1294 330 1366 nobilis,
352 1295 500 1351 diuortium
515 1312 576 1353 cum
593 1311 676 1352 uxore
692 1296 765 1366 iecit,
789 1299 851 1370 quia
867 1297 944 1354 liberi
960 1315 992 1355 ex
1008 1315 1038 1355 ea

78 1382 201 1454 corporis
216 1379 285 1437 uitio
299 1395 356 1435 non
371 1381 567 1453 gignerentur,
588 1395 658 1435 auno
679 1378 753 1436 urbis
769 1381 892 1436 conditae
907 1384 1038 1454 quingen-

78 1464 175 1521 tesimo
191 1465 319 1519 uicesimo
333 1464 418 1519 tertio
433 1460 466 1518 li.
483 1462 562 1518 luido
579 1462 606 1517 Ρ.
624 1462 728 1518 Valerio
744 1479 815 1519 coss.
845 1466 933 1536 Atque
944 1466 967 1519 is
978 1463 1039 1519 Car·

76 1548 159 1604 uilius
175 1546 289 1602 traditur
302 1562 425 1617 uxorem,
440 1562 520 1619 quam
535 1546 646 1617 dimisit,
662 1547 774 1619 egregie
790 1545 915 1602 dilexisse
930 1547 1036 1603 carissi·

76 1645 205 1702 mamque
219 1644 324 1684 morum
339 1631 396 1685 eius
412 1631 497 1704 gratia
513 1628 654 1700 habuisse,
676 1628 723 1685 sed
738 1630 911 1685 iurisiurandi
927 1631 1037 1705 religio·

76 1730 141 1770 nem
156 1713 244 1767 animo
258 1719 338 1785 atque
353 1715 436 1770 amori
451 1715 642 1787 praeuertisse,
658 1712 731 1785 quod
749 1716 837 1768 iurare
851 1731 866 1767 a
881 1713 1038 1770 censoribus

76 1803 190 1855 coactus
206 1803 275 1866 erat,
290 1811 402 1853 uxorem
416 1813 446 1853 se
462 1796 574 1853 libemm
584 1796 768 1871 quaerundum
781 1796 1036 1871 gratiahabiturum.

75 1911 117 1921 —
133 1879 202 1936 Geli.
219 1877 250 1950 4,
265 1878 294 1936 3.
311 1879 339 1951 S.
357 1879 387 1940 2.

138 1959 169 2020 ἣ.
192 1962 333 2037 sponsalia
354 1965 383 2018 in
404 1979 436 2018 ea
457 1972 533 2036 parte
547 1963 649 2034 ltaliae,
672 1981 740 2038 quae
755 1963 859 2020 latium
875 1964 1037 2038 appellatur,

77 2049 130 2104 boc
150 2063 227 2103 more
247 2055 328 2121 atque
343 2046 402 2102 iure
417 2047 497 2103 solita
518 2046 591 2118 lieri,
612 2049 721 2121 scripsit
736 2047 847 2103 Seruius
863 2047 997 2122 Sulpicius
1010 2050 1037 2103 in

77 2130 162 2202 libro,
185 2146 265 2204 quem
290 2127 451 2205 (iajscripsit
473 2130 505 2185 de
527 2129 650 2187 dotibus:
689 2130 752 2198 ‘Qui
773 2130 909 2201 uxorem',
937 2134 1037 2204 inquit,

77 2215 222 2271 ‘ducturus
242 2222 315 2286 erat,
336 2212 368 2269 ab
390 2229 439 2285 eo,
460 2214 531 2269 unde
546 2213 666 2270 duceuda
682 2224 755 2285 erat,
772 2213 965 2288 stipulabatur,
980 2229 1037 2270 eam

77 2299 105 2354 in
117 2298 315 2354 matrimonium
332 2293 440 2370 (datum
455 2301 493 2353 iri
497 2320 506 2357 .·
521 2301 571 2370 qui
583 2299 707 2355 daturus
716 2305 792 2371 erat,
807 2300 838 2354 id
851 2299 942 2355 uelem
951 2313 1036 2370 spou-

76 2382 171 2438 debat.
197 2384 263 2438 item
276 2385 327 2452 qui
340 2396 462 2438 uxorem
477 2382 601 2436 daturus
615 2389 690 2452 erut,
706 2383 742 2437 ab
758 2397 799 2452 ea,
817 2385 866 2438 cui
880 2399 942 2439 eam
953 2383 1036 2438 datu·

77 2482 130 2523 rus
150 2468 228 2535 erat,
250 2465 456 2536 stipulabatur,
478 2479 541 2519 eum
562 2468 591 2519 iu
611 2464 830 2534 matrimonium)
849 2465 959 2521 ductum
980 2459 1035 2537 lri,¹

78 2552 123 2623 qui
138 2549 271 2605 ducturus
291 2556 365 2616 erat,
385 2547 412 2602 id
432 2541 532 2603 eidem¹
549 2547 708 2619 spondebat.
739 2548 763 2601 is
778 2555 934 2603 contractus
951 2552 1038 2622 stipu-

76 2633 206 2689 lationum
221 2633 453 2705 sponsionumque
469 2628 609 2686 dicebatur
622 2629 768 2702 sponsalia.
797 2624 877 2685 ltem²
890 2646 958 2702 quae
974 2646 1037 2702 pro·

14 2761 22 2775 .
77 2719 158 2772 missa
178 2724 244 2784 erat,
268 2730 367 2788 spousa
390 2712 585 2788 appellabatur,
608 2714 655 2785 qui
677 2711 861 2785 spoponderat
883 2712 1037 2784 ducturum,

78 2815 206 2873 sponsus.
239 2798 291 2855 Sed
311 2800 334 2854 si
355 2806 419 2871 post
439 2813 485 2854 eas
505 2796 689 2871 stipulationis
709 2811 780 2851 uxor
794 2810 848 2850 non
864 2793 976 2850 dabatur
991 2806 1035 2851 aut

78 2898 134 2939 non
149 2880 310 2952 ducebatur,
332 2883 378 2955 qui
399 2873 614 2955 stipulabatur,³
634 2897 667 2937 ex
682 2895 785 2954 sponsu
800 2878 906 2954 agebat.
934 2879 1037 2936 ludices

75 2958 302 3042 cognoscebant.⁴
337 2965 434 3035 ludes,
457 2965 631 3038 quamobrem
652 2964 715 3020 data
736 2972 879 3038 acceptans
894 2981 949 3021 non
964 2973 1037 3022 esset

78 3067 156 3123 uxor,
171 3048 328 3125 quaerebat.
359 3049 386 3104 Si
400 3049 466 3104 nibil
480 3051 569 3105 iustae
585 3065 680 3104 musae
695 3046 851 3119 uidebatur,
866 3048 941 3104 litem
957 3053 1037 3122 pecu*-

77 3136 119 3190 nia
141 3132 308 3203 aestimabat,
331 3134 479 3206 quantique
501 3132 673 3194 interfuerat,
696 3149 755 3188 eam
777 3149 889 3188 uxorem
910 3133 977 3188 'dari
992 3140 1037 3188 aut

76 3211 191 3292 accipi,⁶
211 3232 288 3286 eum,
310 3217 357 3290 qui
371 3215 572 3290 spoponderat,
589 3217 637 3288 'ei,
655 3218 700 3290 qui
715 3216 860 3290 stipulatus
876 3209 959 3287 erat,⁶
973 3233 1037 3272 con·

149 3377 170 3444 ¹)
184 3379 230 3430 na
244 3379 370 3430 nomeu
383 3383 417 3444 q.
433 3378 527 3444 (syme.
542 3379 638 3430 netum.
653 3379 748 3431 aazia.
763 3380 812 3430 ou.
824 3395 851 3443 ρ.
862 3378 907 3444 u).
934 3363 1036 3444 usare

74 3452 124 3513 pei.
139 3459 196 3500 tune
212 3450 274 3501 odd.
290 3458 340 3500 tum
353 3451 411 3500 edd.
438 3447 458 3516 ³)
473 3449 564 3500 Malim
579 3451 704 3515 stipulatus
719 3459 770 3499 erut
794 3448 815 3514 ⁴)
829 3449 894 3503 Nou,
905 3455 933 3497 ut
943 3448 1037 3498 Romae

78 3522 105 3569 iu
115 3521 386 3585 aauaiepecuuiariam
392 3522 625 3572 condemnationem
632 3536 682 3570 non
692 3519 891 3576 admittentibus,
902 3520 1036 3583 ipsimapi·

76 3597 184 3650 summ,
198 3592 279 3641 ueluti
291 3592 316 3639 si
325 3593 382 3655 quis
388 3593 471 3654 fllium
478 3593 639 3654 [amiliaeex
647 3592 665 3640 i.
679 3589 726 3650 Qu.
735 3605 808 3640 auum
818 3587 974 3645 vindicabat,
984 3589 1037 3637 siue

77 3663 108 3719 ia,
121 3664 167 3727 qui
180 3676 266 3712 nouae
280 3661 358 3710 datus
371 3670 441 3720 erut,
451 3663 565 3725 pecunia
579 3664 665 3711 soluta
680 3667 708 3709 ut
722 3661 955 3715 manumitteretur,
966 3664 1036 3720 pete·

77 3730 159 3782 baur.
176 3732 267 3782 Goliat.
282 3743 303 3790 t,
317 3743 338 3783 a.
368 3730 389 3796 ⁶)
404 3731 507 3796 Scripsi
511 3749 522 3789 ,·
536 3732 612 3795 accipi
627 3739 667 3780 aut
678 3730 728 3779 dari
740 3730 801 3779 cdd.
812 3729 870 3778 edd.
900 3725 921 3791 ο)
935 3726 1038 3789 Scripsi

78 3801 200 3854 Zeiteclir.
213 3803 236 3866 s.
249 3801 335 3867 pescli.
352 3801 423 3852 RW.
439 3802 466 3851 li.
477 3818 505 3866 p.
520 3813 568 3854 tte.
598 3800 696 3851 Omissa
711 3817 733 3850 o.
748 3801 770 3848 ei
784 3806 872 3849 cetera
886 3799 960 3846 uncis
976 3795 1036 3845 iaci.

77 3870 165 3923 Hertz.
