2378 4386
147 563 188 622 70
486 573 513 609 aa.
532 571 642 606 remus
661 570 761 605 cacano.

145 701 242 772 gnita
268 705 414 770 agunto,
445 711 508 751 uec
535 695 613 768 plus
642 711 738 768 quarn
765 694 805 749 de
828 694 981 768 singulis
1003 693 1108 751 rebus

145 779 252 836 semel
275 780 507 852 consulunto,
529 794 597 834 rem
619 776 964 852 populumdocento,
986 775 1108 836 doceri

144 882 159 920 a
180 862 452 937 magistratibus
474 863 696 936 priuatisque
719 862 897 934 patiuuto.

207 945 398 1019 Priuilegia
425 962 465 1001 ne
494 947 694 1019 inroganto:
724 944 762 1002 de
785 946 900 1016 capite
922 945 1015 1001 ciuis
1037 947 1106 1002 nisi

144 1047 206 1106 per
226 1031 405 1086 maximnm
427 1031 645 1086 comitiatum
668 1026 850 1100 ollosque,
873 1045 961 1102 quos
983 1045 1106 1086 censo·

145 1131 199 1170 res
221 1115 253 1169 iu
275 1113 434 1187 partibus
456 1111 577 1186 populi
599 1112 788 1183 locassim,
811 1128 852 1169 ne
875 1111 1027 1174 lerunto.

207 1199 331 1253 Donum
353 1213 391 1252 ne
414 1199 580 1269 capiunto
603 1210 690 1252 neue
712 1195 817 1251 danto
844 1210 931 1251 neue
957 1197 1106 1269 peteuda

144 1297 232 1338 neue
254 1280 405 1353 gerenda
426 1296 509 1337 neue
532 1288 635 1353 gesta
657 1287 844 1352 potestate.

208 1364 300 1433 Quod
336 1366 415 1438 quis
449 1379 561 1419 earum
596 1378 706 1418 rerum
745 1364 947 1435 migrassit,
980 1364 1106 1420 noxiae

144 1466 254 1524 poena
275 1465 335 1523 par
356 1457 442 1505 esto.

207 1533 346 1590 Gesoris
368 1532 473 1589 iidem
493 1529 607 1602 legum
631 1528 879 1586 custodiunto:
903 1529 1018 1603 (gesto
1035 1547 1105 1601 po·

145 1610 300 1686 ιεειαιε)ι
326 1617 458 1690 priuati
492 1611 529 1668 ad
558 1629 618 1668 eos
649 1622 725 1670 acta
754 1614 939 1670 relerunto
970 1630 1033 1670 nec
1066 1630 1104 1670 eo

144 1702 253 1774 magis
275 1700 355 1773 lege
376 1698 479 1755 liberi
504 1705 614 1752 sunto.

206 1783 261 1840 Lex
275 1785 386 1839 recitata
401 1790 455 1837 est:
470 1779 608 1835 discedere
624 1787 651 1835 et
667 1779 792 1836 tabellam
807 1780 907 1837 iubebo
923 1780 990 1837 dari.

207 1867 237 1923 V.
260 1864 303 1925 12.
325 1865 358 1933 Q.
381 1856 478 1931 Quam²
493 1863 581 1933 breui,
601 1862 694 1924 irater.
715 1865 743 1918 iu
764 1873 913 1936 conspectu
927 1867 1017 1936 posita
1032 1873 1105 1921 esta

144 1961 172 2008 te
188 1952 307 2006 omnium
322 1949 527 2020 magistratuum
541 1946 697 2019 descriptio,
713 1946 761 2002 sed
777 1963 808 2002 ea
817 1963 903 2020 paene
915 1957 1025 2003 nostrae
1040 1950 1105 2003 ciui·

144 2035 218 2102 tatis,
234 2035 286 2088 etsi
300 2048 315 2087 a
330 2041 357 2087 te
372 2031 480 2104 paulum
495 2030 612 2087 adlatum
628 2038 670 2085 est
684 2031 759 2085 noui.

206 2117 247 2173 M.
268 2114 433 2184 Rectissime,
451 2113 560 2187 Quinte,
576 2112 780 2178 animaduertis;
796 2113 915 2169 haecest
925 2115 1009 2184 enim,
1024 2129 1105 2187 quam

144 2199 234 2275 Scipio
249 2199 341 2257 laudat
356 2198 473 2256 inlibris
494 2190 636 2274 (senseris)³
657 2207 684 2253 et
698 2212 778 2269 marn
795 2199 907 2253 maxime
922 2195 1020 2270 probat
1036 2205 1105 2252 tem-

143 2286 310 2358 perationem
325 2285 365 2339 rei
380 2282 517 2356 publicae,
539 2298 607 2356 quae
621 2279 693 2338 ellici
708 2297 764 2338 uon
779 2282 914 2354 potuisset
929 2281 981 2337 uisi
997 2280 1044 2336 tali
1059 2280 1105 2336 de·

143 2368 291 2441 scriptione
305 2368 521 2440 magistratuum.
557 2382 619 2423 nam
633 2366 672 2421 sic
687 2363 825 2436 habetote,
840 2365 1044 2438 magistratibus
1059 2366 1105 2420 iis·

144 2466 197 2525 que
218 2451 265 2524 qui
285 2453 416 2525 praesint,
438 2451 571 2508 contineri
585 2466 642 2506 rem
657 2448 790 2523 publicam
806 2458 834 2505 et
849 2466 881 2505 ea
893 2465 987 2507 eorum
1003 2465 1105 2522 conpo-

142 2535 253 2606 sitione,
273 2535 347 2609 quod
363 2537 495 2609 cuiusque
509 2533 684 2608 reipublicae
699 2550 787 2606 genus
802 2534 854 2603 sit,
872 2533 1005 2607 intellegi.
1035 2548 1105 2606 quaa

143 2635 187 2675 res
214 2634 275 2674 oum
302 2620 499 2692 sapientissime
527 2618 795 2692 moderatissimeque
821 2619 970 2674 constituta
997 2625 1106 2673 esseta

143 2701 288 2760 maioribus
303 2706 416 2776 uostris,
434 2703 501 2761 nillil
519 2701 610 2772 habui,
628 2695 738 2758 saltem⁴
753 2717 809 2757 nou
825 2700 950 2772 multum,
966 2700 1040 2775 quod
1056 2717 1105 2774 pu·

143 2795 228 2844 tarem
244 2787 398 2843 nouandum
413 2789 440 2842 in
456 2786 571 2859 legibus.
679 2854 686 2868 ·

205 2867 248 2927 13.
275 2870 310 2926 Α.
338 2868 445 2925 Reddas
465 2870 550 2939 igitur
569 2866 664 2934 nobis,
686 2875 718 2921 ut
739 2868 766 2923 iu
781 2867 922 2942 religionis
938 2868 1001 2942 lege
1016 2867 1104 2924 iecisti

143 2951 282 3008 admonitu
303 2959 331 3007 et
352 2959 452 3023 rogatu
473 2965 544 3015 meo,
568 2951 607 3005 sic
628 2947 661 3004 de
683 2951 896 3023 magistratibus,
920 2961 950 3007 ut
970 2952 1103 3024 disputes,

147 3033 296 3108 quibusda
312 3035 400 3089 causis
416 3032 529 3088 manime
544 3032 648 3105 placeat
663 3033 712 3089 ista
728 3034 885 3108 descriptio.

206 3117 247 3174 M.
271 3115 384 3185 Faciam,
399 3117 497 3185 Attice,
520 3123 551 3170 ut
573 3117 625 3188 uis,
647 3124 675 3171 et
696 3117 786 3174 locurn
808 3121 891 3175 istum
914 3127 1014 3186 toturn,
1037 3122 1103 3171 uta

143 3201 307 3259 doctissimis
322 3197 450 3254 Graeciae
467 3201 617 3272 quaesitum
631 3208 659 3255 et
669 3199 836 3275 disputatum
847 3210 901 3272 est,
913 3197 1052 3273 explicabo
1064 3204 1103 3269 et,

143 3294 174 3340 ut
188 3284 305 3354 institui,
320 3289 415 3337 nostra
429 3282 488 3337 iura
503 3284 642 3356 attingam.

138 3434 142 3439 ι
206 3367 240 3422 Α.
263 3364 337 3420 istud
354 3366 467 3422 manime
482 3375 595 3439 expecto
611 3367 761 3425 disserendi
776 3384 871 3443 genus.

206 3447 248 3504 M.
270 3450 353 3522 Atqui
373 3449 502 3524 pleraque
521 3461 585 3508 suut
607 3451 694 3510 dicta:
718 3451 792 3526 quod
820 3448 970 3507 iaciendum
991 3440 1057 3504 iuit⁵
1075 3449 1103 3504 ln

142 3531 195 3590 lllls
210 3532 300 3606 libris,
323 3549 383 3590 cum
399 3534 433 3591 de
448 3544 558 3610 optuma
577 3536 728 3611 republica
743 3542 933 3610 quaereretur,
954 3530 1002 3588 scd
1023 3532 1104 3588 liuius

217 3734 237 3801 ¹)
251 3737 360 3788 Addidi.
399 3737 419 3804 ²)
435 3756 505 3803 quam
520 3757 573 3791 com
591 3740 648 3790 AB
683 3737 703 3803 ⁸)
718 3737 827 3788 Addidi.
843 3738 897 3787 illia
910 3737 976 3787 libris
990 3754 1026 3788 eac
1039 3739 1103 3788 itar-

143 3806 201 3858 nebi
220 3811 252 3870 ej.
272 3809 311 3858 ed.
327 3809 357 3858 V.
397 3808 418 3875 ⁴)
436 3826 493 3860 sane
513 3811 567 3860 AB
582 3812 640 3862 edd.
680 3806 701 3874 ¹⁵)
725 3807 811 3858 Verba
830 3808 893 3873 quod
911 3809 1046 3860 iaciendum
1061 3811 1105 3860 luit

138 3885 200 3944 post
213 3881 260 3929 itta
275 3879 299 3928 iu
313 3879 359 3929 illis
374 3882 440 3931 libris
455 3881 548 3932 labent
562 3880 617 3931 AB
628 3880 680 3931 edd
