2378 4386
443 570 551 607 suavius
571 570 705 607 svuesowe
719 571 810 608 avevs.
1060 564 1100 621 93

140 701 207 754 dam
228 696 425 769 interiorisque
446 696 504 752 loci
519 700 643 769 populos
662 689 862 768 receperant.¹
899 697 976 753 Hinc
990 698 1016 755 iu
1032 696 1102 754 llll.:

107 780 223 837 '‘Neii
237 783 431 853 mancipiique
450 796 513 836 cum
524 799 556 852 p.
573 782 609 837 It.
626 783 698 837 idem
714 780 779 836 lorti
795 782 937 854 senatique
951 797 1043 853 supra
1059 785 1101 837 im·

137 865 249 938 traque
271 867 317 921 ius
338 857 437 923 esto'.²
465 864 492 919 id
512 872 554 919 est
574 863 709 920 bonorum
724 872 752 921 ct
765 869 794 920 ia
808 868 894 936 sidem
908 873 1100 938 receptarum.

140 978 183 989 —-
197 949 270 1007 Fest.
287 966 312 1005 v.
328 947 440 1003 Sanates
456 965 482 1020 p.
500 947 572 1004 321.

205 1028 233 1090 9.
256 1033 364 1100 Naxia,
381 1038 412 1087 ut
427 1031 485 1087 Ser.
501 1031 635 1104 Sulpicius
650 1029 742 1102 Rufus
758 1036 807 1102 ait,
820 1032 859 1088 'im
870 1025 959 1089 ΧΙΙ.3
970 1035 1101 1091 damnum

141 1118 299 1189 siquidem,
324 1115 395 1187 apud
416 1124 510 1188 poetes
531 1123 620 1170 autem
641 1122 668 1171 et
684 1123 805 1171 oratores
821 1117 933 1190 ponitur
947 1133 997 1190 pro
1013 1117 1100 1190 culpa.

142 1229 185 1239 —
200 1199 272 1256 Fest.
290 1216 314 1254 v.
331 1199 413 1254 Noxia
429 1216 455 1271 p.
476 1197 545 1254 174.

206 1279 250 1339 10.
272 1278 415 1339 ⁴‘Suscito’
433 1283 462 1337 ln
474 1280 526 1337 xil.
540 1281 598 1337 Ser.
608 1282 744 1355 Sulpicius
755 1284 792 1338 eit
807 1281 958 1357 siguificare
977 1283 1102 1340 damnum

142 1366 255 1439 soluto,
273 1374 420 1440 praestato.
436 1393 479 1405 -
494 1364 565 1421 lese.
581 1382 605 1420 v.
622 1364 726 1421 Sarcito
740 1383 765 1439 p.
783 1366 852 1425 32⁸2.

205 1447 246 1508 11.
271 1449 342 1506 Orba
364 1448 435 1522 apud
456 1457 556 1522 poetas
572 1451 756 1522 eipmificatur
776 1454 896 1520 priuata
920 1452 1019 1522 aliqua
1042 1467 1101 1522 per·

142 1550 209 1589 sona
225 1550 300 1590 cara:
323 1533 393 1605 apud
414 1538 554 1602 oratores,
580 1548 656 1605 quae
666 1538 783 1603 patrem
796 1536 904 1595 amisit‚·
925 1536 991 1588 item
1007 1542 1103 1604 muter,

142 1626 173 1673 ut
189 1617 249 1672 Ser.
268 1617 413 1686 Sulpicius
428 1619 477 1686 ait,
493 1632 568 1689 quae
581 1617 698 1686 liberas,
714 1619 802 1689 quasi
816 1615 924 1684 oculos,
941 1614 1007 1671 orla
1022 1626 1063 1672 est
1074 1621 1103 1674 im

142 1701 252 1757 tabulis
268 1701 408 1754 censoriis
422 1695 524 1755 dicta.⁵
539 1730 580 1739 -
595 1698 667 1755 Fest.
685 1716 709 1754 v.
727 1698 795 1754 Orba
810 1716 837 1772 p.
857 1698 923 1755 182.

209 1777 253 1839 12.
274 1781 406 1837 Posticem
427 1782 520 1838 liueam
535 1786 563 1839 iu
578 1785 649 1856 agris
665 1782 815 1839 diuidendis
831 1782 890 1841 Sor.
907 1782 1042 1856 Sulpicius
1058 1801 1103 1858 ap·

141 1866 257 1940 pellauit
278 1865 311 1921 ab
332 1865 472 1921 exoriente
492 1869 551 1923 sole
566 1869 605 1922 ud
618 1883 754 1924 occasum
770 1873 957 1939 spectantem.
974 1896 1015 1906 —
1031 1867 1101 1925 lest.

143 1968 167 2004 v.
184 1950 320 2006 Posticam
334 1967 361 2022 p,
379 1949 449 2006 233.

92 2041 138 2089 [2⁸]
208 2030 251 2092 13.
274 2032 353 2100 Quod
372 2034 399 2088 lu
421 2035 494 2107 agris
516 2036 728 2107 quotquotauuis
743 2050 851 2090 rursum
867 2034 986 2090 iacienda
1002 2034 1102 2106 sudem.

144 2127 174 2174 ut
189 2135 284 2174 rursus
300 2118 390 2190 cupias
405 2116 520 2187 fructus,
537 2117 669 2190 appellata
685 2134 755 2176 rura.
787 2115 898 2173 ‘Diuidit
913 2121 939 2173 in
956 2116 1026 2189 illo'‚
1043 2119 1103 2174 Ser-

143 2205 202 2258 vius
217 2200 311 2258 scribit
323 2200 470 2274 Sulpicius,
489 2200 589 2275 ‘plebei
606 2217 669 2257 rura
681 2201 810 2275 largitura
821 2194 956 2258 uiloreu'.6
968 2230 1008 2240 -
1022 2201 1103 2257 Varro

144 2285 178 2341 ue
193 2283 222 2340 u.
237 2284 268 2340 u.
285 2284 315 2355 5,
329 2282 359 2339 4.
377 2283 405 2356 s.
422 2284 473 2342 4ο.

208 2364 254 2425 14.
276 2367 387 2423 Seruius
415 2360 563 2441 Sulpicius⁷
590 2368 749 2441 religionem
776 2385 835 2425 esso
863 2369 960 2425 dictam
983 2367 1103 2438 tradidit,

145 2468 213 2525 quac
234 2461 349 2526 propter
369 2453 537 2507 sanctitatem
556 2451 671 2524 aliquam
692 2461 794 2508 remota
817 2470 848 2508 ao
861 2454 981 2526 seposito
997 2469 1010 2507 a
1027 2452 1103 2509 uobis

144 2538 190 2606 sit,
213 2537 290 2609 quasi
314 2551 328 2589 a
351 2534 527 2608 relinquendo
550 2536 629 2605 diets,
651 2543 681 2590 ut
704 2552 718 2589 a
740 2535 855 2592 carendo
878 2538 1046 2593 caerimonia.
1064 2566 1102 2575 -

144 2618 261 2676 llacrob.
278 2618 335 2675 Sat.
353 2615 382 2686 3,
398 2617 425 2674 3.
441 2618 470 2690 S.
486 2619 514 2676 8.

206 2698 458 2773 1o.Mamipmus
480 2709 507 2758 et
529 2703 697 2773 adoptatus,
723 2708 752 2755 ut
774 2701 856 2773 patris
879 2702 922 2755 sul
944 2700 1022 2755 heres
1045 2715 1105 2756 esse

144 2787 254 2847 desiuit,
276 2790 317 2842 ita
340 2788 411 2856 cius,
434 2790 483 2858 qui
504 2787 631 2857 adoptet,
655 2793 706 2841 tum
731 2784 810 2839 lieres
833 2790 885 2853 est,
909 2799 988 2855 quam
1011 2796 1049 2838 ex
1073 2799 1105 2841 co

147 2876 244 2924 mutue.
268 2869 316 2924 Set
331 2875 358 2925 et
373 2878 538 2942 acropatus,
555 2870 601 2940 qui
615 2870 642 2923 in
657 2875 793 2941 potestate
808 2867 898 2922 aliena
915 2884 972 2923 nom
988 2873 1041 2938 esi,
1058 2886 1105 2922 ar·

222 2978 243 3046 ¹)
261 2978 390 3040 Quaedam
401 2982 427 3029 ia
438 2981 606 3031 Milleriuais
614 2983 795 3045 supplementis
809 2981 949 3030 emendavi.
976 2976 997 3045 ²)
1013 2981 1105 3031 Paullo

147 3054 225 3102 aliter
234 3054 352 3114 supplevi
361 3050 404 3100 tio.
422 3047 514 3102 ‘Recta
523 3053 569 3102 dcc
581 3049 690 3101 Neaeam'
699 3068 727 3114 p.
738 3061 784 3104 eto.
805 3052 907 3101 Rursus
916 3053 971 3101 alia
982 3067 1104 3103 commem·

147 3129 187 3171 tus
201 3129 240 3172 eet
250 3121 305 3170 Em.
317 3121 458 3184 Hoffmann
468 3122 516 3171 das
529 3121 616 3171 Gcsetz
626 3122 717 3170 iibccd
734 3122 843 3172 Facetam
859 3139 883 3171 u.
894 3120 1017 3172 Sauatcm.
1042 3123 1069 3171 V
1067 3126 1105 3172 in·

147 3193 203 3242 dod.
224 3203 284 3243 isos.
328 3188 350 3256 ¹)
369 3191 476 3240 Addidi.
519 3190 540 3256 ⁴)
560 3192 678 3242 Accessit
691 3192 730 3242 ed.
746 3204 766 3244 s.
810 3191 831 3257 ⁶)
851 3192 892 3241 Ita
902 3195 994 3256 paullo
1009 3196 1106 3242 rectius

148 3263 236 3312 uideor
251 3262 314 3311 milei
327 3263 471 3310 restituere.
493 3263 531 3325 Cf.
542 3262 600 3311 hie.
611 3274 632 3320 ³,
647 3275 667 3313 s.
683 3270 708 3311 ct
722 3262 765 3311 lib.
780 3278 858 3312 meum
872 3263 904 3311 de
918 3262 990 3312 Serv.
1006 3263 1069 3312 Tull.
1078 3279 1104 3326 p.

147 3344 193 3383 ull.
215 3332 353 3382 Censoriae
367 3331 448 3381 librae
460 3330 578 3381 Seruium
597 3339 733 3392 tractasse,
746 3341 856 3396 apparet
862 3348 897 3382 ex
908 3332 971 3381 Geli.
984 3344 1048 3393 2‚10.
1061 3340 1107 3382 aut

148 3410 248 3452 matrem
266 3400 346 3467 (matr.
359 3400 415 3465 Od.)
429 3408 454 3450 ut
468 3403 520 3452 Ser.
530 3401 557 3451 S.
573 3418 596 3450 a.
613 3418 636 3466 q.
651 3404 666 3450 l.
683 3418 706 3466 q.
722 3405 804 3453 oculos
816 3439 893 3452 .....
904 3403 1106 3452 edd.0aeter1uu

149 3489 216 3523 mune
225 3474 325 3521 mallem
336 3469 412 3535 ‘quac
422 3472 517 3522 liberos
526 3474 612 3521 amisit
617 3471 752 3534 paruulos’
762 3471 867 3537 (quippe
874 3473 1017 3522 adultiores
1026 3474 1107 3535 mapis

145 3550 222 3605 pater
240 3540 376 3591 uidebatur
393 3542 527 3609 amisisse),
546 3544 598 3591 uisi
614 3542 702 3591 Paulli
719 3546 826 3606 epitome
844 3543 946 3593 obstare
966 3543 1105 3590 uideretur.

150 3609 170 3676 ⁶)
185 3612 329 3662 Emendavi
337 3614 454 3662 lacumet
463 3612 553 3663 Seruio
567 3613 698 3662 uindicaui
710 3615 737 3662 im
750 3614 794 3663 tio.
806 3610 842 3662 ‘d
855 3612 926 3677 Ipuu.
943 3610 1011 3674 Tafi'
1020 3628 1047 3674 p.
1058 3622 1105 3661 ast.

149 3679 170 3743 ²)
186 3682 245 3732 Nisi
254 3683 344 3746 patius
358 3681 493 3733 Masurius
505 3682 631 3741 Sabinus,
652 3684 695 3732 cui
708 3684 772 3733 daec
791 3683 881 3732 tribuit
898 3681 960 3730 Geli.
975 3693 997 3737 a,
1011 3692 1032 3731 a.
1048 3683 1070 3741 ἕ.
1086 3691 1105 3730 8.

148 3751 184 3801 Et
192 3755 290 3803 rectius
300 3752 337 3800 ibi
346 3755 471 3817 religiosi,
481 3770 532 3804 uon
542 3755 677 3818 relipiomis
687 3754 751 3803 leuco
762 3756 877 3803 traditur
892 3752 1016 3812 definitio.
1038 3750 1107 3798 (lcta-

146 3838 204 3872 rum
214 3822 320 3873 extabat
327 3821 413 3872 Seruii
419 3822 532 3888 Sulpicii
538 3821 725 3887 ‘commentatio,
732 3824 886 3888 quemobrem
893 3834 974 3869 mensa
981 3819 1107 3880 linquenda

148 3907 196 3942 nou
210 3891 268 3955 esi’,
285 3893 354 3942 Ptim
369 3892 403 3942 Η.
420 3894 450 3944 Ν.
466 3907 500 3954 ss,
516 3907 535 3946 s.
551 3895 575 3955 ξ.
590 3906 623 3944 ao.
