2378 4386
182 561 247 626 220
476 579 537 614 osu
555 577 656 612 insuar.
675 557 696 610 1.
716 561 857 611 toa-toa.

184 729 291 775 rantur:
313 719 452 789 puberem
472 726 567 773 antem
589 716 713 772 Sabs'nus
733 715 851 788 quidem,
878 715 985 771 Cassius
1008 719 1146 791 ceterique

184 803 270 856 nostri
294 809 483 873 praeceptores
507 816 567 856 eum
591 814 650 854 esse
672 792 810 871 ’putant,¹
840 800 885 872 qui
910 799 1000 855 babitu
1024 804 1146 874 corporis

184 883 355 957 pubertatem
372 885 502 952 ostendit,
518 883 545 939 id
561 893 603 939 est
618 899 690 954 eum,
714 884 759 957 qui
775 899 908 956 generare
924 892 1032 957 potest;
1054 885 1102 939 sed
1118 888 1145 940 in

183 970 233 1037 bis,
257 969 304 1041 qui
325 967 474 1040 pubescere
491 983 546 1023 non
567 976 692 1041 possunt,
716 966 810 1040 quales
832 975 897 1023 suut
919 967 1064 1041 spadones,
1088 985 1145 1024 eam

183 1058 297 1107 aetatem
314 1066 374 1106 esse
389 1050 573 1125 spectandam,
589 1053 666 1107 cuius
681 1053 776 1106 aetatis
797 1051 914 1126 puberes
931 1049 1013 1119 fiunt,
1037 1052 1084 1107 sed
1108 1054 1147 1108 di·

184 1151 277 1191 uersae
291 1134 400 1192 scholae
414 1143 539 1193 auctores
556 1138 632 1192 antris
651 1144 746 1209 putant
762 1134 931 1208 pubertatem
946 1138 1147 1208 aestimandam,

126 1203 172 1305 2⁵3·-
183 1218 209 1274 id
224 1228 277 1289 est,
299 1235 360 1276 eum
379 1219 507 1294 puberem
524 1237 585 1276 esse
600 1220 762 1289 existimant,
786 1224 836 1293 qui
858 1213 862 1296 l
886 1227 961 1270 Xtttt
982 1238 1074 1277 annos
1096 1236 1147 1278 eu·

137 1293 384 1375 “plauit.²*-
403 1334 498 1344 -·-
518 1336 553 1344 -
572 1335 1145 1344 ····-———‘-““

127 1372 224 1476 &VV-
240 1381 355 1445 2-24,
382 1418 734 1428 .---—-—
777 1383 840 1445 197.
865 1381 977 1446 3....
1004 1382 1007 1465 i
1032 1399 1147 1445 aetatem

184 1476 353 1546 peruenerit,
377 1477 403 1530 in
427 1491 479 1548 qua
501 1490 544 1530 res
567 1488 631 1529 suas
653 1473 724 1528 tueri
746 1473 849 1546 possit,
872 1475 952 1530 sicuti
974 1476 1048 1547 apud
1072 1481 1189 1547 pere-u

183 1559 274 1632 griuss
296 1568 392 1632 gentes
414 1558 559 1628 custodiri,
582 1558 708 1631 superius
729 1556 914 1620 iudicauimus,
958 1555 1024 1615 198.
1047 1559 1082 1614 Er
1104 1560 1148 1614 iis-

184 1642 244 1697 dem
260 1645 347 1759 caupis
364 1652 391 1699 et
407 1646 433 1698 in
450 1644 599 1716 prouinciis
614 1659 627 1698 a
644 1639 813 1715 praesidibus
829 1657 921 1697 aarum
938 1652 1077 1699 curatores
1093 1642 1149 1697 dari

184 1726 291 1783 'uolust

258 1866 280 1935 ¹)
294 1869 436 1919 Librarius
454 1871 563 1918 alteram
581 1867 707 1931 syllabam
721 1883 814 1919 errore
833 1867 872 1916 bis
886 1870 1024 1932 scripsisse
1039 1870 1148 1918 videtur.

185 1935 206 2004 ²)
221 1940 252 1991 In
263 1957 292 2004 p.
306 1952 341 1992 aa.
373 1938 453 1988 Gaius
464 1941 576 2002 primum
590 1938 622 1987 de
632 1937 769 2001 pubertate
782 1938 887 1987 Neratii
899 1939 990 1989 Prisci
999 1942 1149 1989 sententiam

185 2010 255 2076 (bip.
270 2024 304 2068 11.
319 2009 355 2075 28)
370 2010 512 2069 addidisse,
527 2010 621 2059 deinde
635 2010 672 2058 ad
684 2024 877 2073 carpentanus,
892 2025 958 2073 quae
973 2013 999 2059 in
1014 2012 1149 2060 curatione

184 2089 243 2130 sunt
253 2082 298 2146 (cs.
310 2094 331 2143 1,
345 2093 392 2132 aas.
404 2079 463 2145 tae),
477 2081 614 2129 transiisse
630 2080 740 2138 uidetur,
754 2081 787 2129 de
801 2080 894 2144 quibus
910 2081 974 2130 boec
989 2080 1063 2130 babet
1078 2080 1148 2143 Epit.

185 2167 205 2215 1,
215 2164 250 2204 a:
267 2149 400 2201 ‘Peractis
409 2150 587 2213 pupillaribus
601 2153 686 2210 annis,
701 2150 793 2215 quibus
810 2159 908 2201 tutores
922 2151 1099 2210 absoluantur,
1114 2151 1150 2198 ad

185 2230 322 2272 curatores
340 2223 409 2270 ratio
427 2223 554 2271 minorum
578 2223 672 2286 incipit
689 2224 832 2284 pertinere.
878 2221 931 2271 Sub
950 2228 1071 2271 curatore
1090 2229 1151 2269 stant

185 2296 297 2341 minores
311 2299 403 2349 aetate,
418 2294 529 2343 maiores
542 2308 686 2353 euersores,
701 2295 797 2342 insani.
831 2292 878 2350 Hi,
897 2295 943 2358 qui
957 2295 1068 2342 minores
1082 2299 1150 2349 sunt,

186 2379 264 2427 usqne
278 2363 314 2411 ad
327 2364 423 2427 uipinti
436 2370 460 2412 et
474 2366 585 2428 quinque
599 2379 681 2414 annos
691 2364 807 2427 impletos
817 2363 864 2413 sub
875 2371 997 2414 curatore
1006 2371 1073 2412 sunt.
1101 2361 1151 2422 Qui

186 2449 248 2483 uera
263 2448 398 2483 euersores
411 2442 456 2483 aut
471 2437 559 2484 insani
572 2442 640 2493 sunt,
654 2436 723 2485 omni
737 2442 849 2499 tempore
859 2436 929 2483 uitae
942 2450 1005 2483 suae
1014 2434 1062 2483 sub
1072 2450 1149 2484 cura-

185 2513 241 2555 tore
255 2519 310 2554 esse
324 2503 453 2563 iubentur,
468 2508 512 2570 qni
526 2505 694 2555 substantiam
709 2521 782 2554 snam
796 2505 990 2555 rationabiliter
1001 2505 1150 2570 pubernare

185 2591 235 2626 non
246 2572 376 2639 possunt.’
435 2574 455 2642 ³)
473 2575 554 2626 Gaius
564 2579 677 2641 primum
692 2584 719 2625 ut
733 2576 788 2640 lllp.
800 2588 834 2639 te,
845 2588 913 2626 t—t.
929 2576 961 2624 de
975 2575 1150 2633 curatoribus,

184 2649 229 2712 qui
247 2663 282 2697 ese
301 2649 356 2712 lepe
372 2651 422 2692 Xtt
439 2648 490 2699 tab.
505 2650 544 2697 uel
562 2648 594 2697 ab
613 2650 670 2711 ipso
686 2655 810 2711 praetore
829 2650 868 2696 uel
886 2662 921 2696 es:
940 2648 995 2711 ispe
1016 2646 1150 2697 Plaetoria

184 2719 289 2778 dantur,
304 2719 451 2782 disputasse
470 2727 494 2768 et
512 2719 605 2768 deinde
619 2733 666 2767 suo
681 2734 751 2768 more
769 2718 904 2767 addidisse
917 2717 1028 2774 uidetur,
1046 2718 1110 2782 quid
1123 2719 1150 2766 in

185 2791 232 2840 boc
253 2793 311 2839 iure
335 2793 452 2839 naturali
474 2792 576 2840 ratione
599 2791 763 2838 constitutum
786 2790 865 2851 (uelut
885 2790 1004 2852 furiosas
1028 2797 1151 2838 curatore

185 2860 262 2926 repa),
282 2862 346 2925 quid
359 2862 428 2909 iuris
442 2862 578 2909 civilissit,
605 2859 702 2908 Cinium
714 2859 785 2908 Rom.
797 2861 935 2922 proprium
945 2873 1009 2917 esse,
1024 2860 1093 2923 quod
1106 2861 1151 2908 lex

186 2932 321 2981 Plaetoria
336 2938 473 2980 curatores
487 2945 522 2978 eac
540 2931 615 2978 iustis
630 2931 718 2977 castsis
730 2930 873 2979 minoribus
886 2933 953 2975 m
966 2946 1026 2978 ann.
1042 2946 1058 2979 a
1069 2945 1150 2992 prae·

186 3009 241 3051 tore
256 3001 355 3049 urbano
370 3001 432 3049 dari
447 3002 530 3057 iussit,
549 3015 605 3049 cum
624 3001 740 3062 alioquin
760 3003 878 3049 naturali
892 3002 991 3050 rationi
1005 3001 1149 3055 conveniat,

187 3079 213 3119 ut
228 3072 251 3119 is
264 3078 361 3119 tantum
381 3072 492 3119 aliorum
511 3070 622 3119 arbitrio
642 3077 762 3134 reputor,
782 3072 954 3134 quirendum
968 3071 1068 3120 adeam
1083 3077 1150 3118 aeta-

185 3151 233 3190 tem
248 3138 397 3203 peruenerit'
414 3148 461 3190 ete.
490 3139 529 3189 De
544 3139 709 3190 curatoribus
728 3141 826 3190 adultis
844 3148 993 3192 testamento
1011 3142 1081 3190 datis
1095 3149 1120 3189 ei
1134 3157 1150 3190 a

182 3219 307 3274 praetore
321 3212 480 3272 confirmatis
497 3211 588 3260 Gaium
598 3213 689 3275 spisse,
705 3219 732 3259 ut
747 3215 800 3261 uult
811 3213 851 3260 ed.
862 3212 944 3271 seua,
960 3212 1084 3262 credibile
1099 3227 1150 3262 non

185 3290 230 3331 est.
256 3282 387 3344 Citium.
412 3280 447 3330 Et
460 3282 492 3330 de
502 3297 553 3331 non
565 3284 622 3331 iure
632 3283 701 3331 datis
710 3283 757 3331 sed
767 3285 925 3346 confirmatis
938 3283 1026 3341 Gaius,
1044 3285 1069 3332 si
1082 3286 1152 3333 uole-

186 3353 240 3412 bat,
257 3354 346 3416 potius
365 3353 390 3399 in
411 3351 539 3401 tutoribus
557 3369 635 3418 apere
654 3353 790 3404 debuisset.
856 3353 877 3419 ⁴)
897 3354 979 3403 uniunt
1002 3355 1029 3401 V
1031 3351 1063 3412 ⁸⁶,
1083 3354 1152 3419 quod

186 3424 256 3472 nullo
280 3423 354 3472 mado
373 3423 474 3471 uidetur
490 3424 562 3486 ferri
581 3439 666 3487 passe.
704 3424 780 3473 solent
803 3425 910 3476 Lacbm.
934 3428 981 3487 spi,
1003 3432 1031 3473 ut
1048 3425 1152 3475 eaedem

186 3509 281 3543 causae
294 3500 412 3556 spectant
421 3494 457 3543 ad
467 3494 593 3556 furiosos,
604 3496 741 3560 prodipas,
756 3498 868 3545 minores
877 3499 1022 3553 Xstl'ann„
1035 3497 1151 3559 sortasse

186 3573 263 3614 recte.
297 3564 327 3614 ds
346 3580 392 3614 nos
411 3566 493 3615 locum
511 3567 693 3624 intelleximus,
713 3567 785 3615 voluit
797 3569 911 3630 pertinet
929 3567 966 3615 ad
978 3569 1058 3631 lepem
1074 3567 1150 3616 Plae-

185 3639 289 3693 torium,
303 3651 378 3699 quum
388 3651 418 3686 eo
428 3643 539 3700 tempore
554 3639 632 3686 latam
642 3652 704 3695 esse,
720 3653 769 3700 quo
780 3639 830 3686 iarn
836 3639 990 3700 prouinciae
1006 3640 1032 3687 in
1048 3639 1151 3687 dicione

187 3705 303 3756 Romana
322 3713 409 3768 mant,
429 3709 504 3756 etiam
523 3709 591 3757 alias
610 3707 746 3771 probabile
770 3716 814 3757 est.
855 3707 907 3756 Nec
930 3709 1086 3773 refrepatur
1108 3709 1152 3757 liic

185 3922 204 3971 d
255 3845 358 3987 (ξ19)7.
380 3850 515 3912 t's.§.1es.
570 3845 596 3917 ξ
614 3852 672 3902 198.
690 3851 728 3913 Cf.
741 3849 804 3900 La.
825 3851 879 3910 §.a
900 3848 931 3896 Ι).
947 3848 980 3897 de
994 3857 1040 3898 tut.
1055 3856 1080 3898 et
1094 3863 1151 3898 cur.

203 3930 238 3970 at.
265 3931 347 3982 ima.
