2378 4386
392 555 419 590 u.
439 554 567 589 vasum
585 554 692 590 suosve.
963 547 1023 605 137

212 694 371 753 Litterae
392 697 594 768 singulares
616 698 649 753 in
672 699 746 753 ture
769 699 878 755 ciuili.

124 811 154 873 8.
173 813 210 869 be
221 812 327 887 legibus
340 820 368 870 et
379 813 528 886 plebiscitis
541 810 726 890 (senatusque
738 808 900 889 consultis)¹
916 810 1023 876 haece.²

60 915 89 973 P.
99 911 366 981 t.tt.P.0.t.s‚t.tt.
393 914 524 988 populum
549 916 608 971 iure
633 917 740 988 rogauit
767 916 939 989 populusque
964 919 1023 973 iure

102 995 324 1057 bittunt.
436 999 515 1054 sciuit
537 1000 564 1054 in
587 998 647 1055 soro
675 1015 725 1072 pro
753 1001 849 1056 rostris
878 993 941 1056 ’es³
962 1010 1023 1057 aute

193 1074 197 1083 '
436 1080 506 1138 diem
521 1081 607 1155 pridie

60 1165 104 1226 .’E.
114 1163 262 1222 ttoni.
394 1166 452 1221 eius
467 1165 517 1222 hec
532 1165 594 1239 iege
610 1166 721 1221 nibilum
738 1161 869 1240 rogetur⁴

61 1250 89 1306 S.
101 1248 131 1304 tt.
144 1247 172 1307 b.
185 1246 284 1305 tt.1.c.
299 1245 367 1315 0.0.
392 1248 509 1322 siremps
529 1248 583 1319 les,
603 1265 657 1317 res,
678 1251 719 1304 ius
746 1267 879 1323 causaque
900 1251 1023 1309 omuibus

104 1331 172 1391 (ili.
182 1331 211 1387 tt.
435 1334 554 1388 omnium
569 1349 661 1388 rerum
676 1328 755 1389 esto⁵

16 1415 203 1473 conteuti.
391 1413 479 1472 Latini
493 1416 588 1486 Prisci,
603 1417 678 1472 ciues
693 1415 803 1471 Romani

60 1501 95 1556 bi.
104 1498 132 1555 E.
140 1498 174 1555 tt.
184 1497 212 1556 D.
221 1498 250 1556 b,
259 1495 290 1569 Ε.
391 1498 570 1573 municipibus
592 1501 649 1554 eius
669 1500 804 1571 municipii
826 1498 890 1555 dare
915 1500 1023 1557 demnas

434 1591 493 1639 esto

60 1667 89 1723 C.
99 1665 128 1726 E.
137 1665 168 1721 C.
392 1667 496 1723 colonis
512 1668 569 1722 eius
585 1665 707 1722 coloniae

60 1746 275 1820 ostenso.
393 1751 467 1824 quod
481 1752 539 1806 eius
554 1757 627 1805 recte
642 1749 744 1805 iactum
760 1765 820 1806 esse
834 1749 939 1807 dicetur

59 1831 231 1892 bouso.
392 1835 435 1890 ies
450 1834 516 1890 iulio
531 1834 564 1888 de
579 1833 717 1890 adulteriis
733 1834 891 1891 coercendis

59 1917 92 1974 V.
99 1915 276 1978 utente.
393 1918 463 1974 uude
478 1917 511 1974 de
527 1917 608 1990 plano
623 1927 697 1974 recte
712 1917 765 1992 legi
779 1919 866 1992 possit

60 1998 249 2062 A.A.A.F.F.
392 2017 463 2071 aere,
478 2010 604 2075 argento,
618 2018 686 2057 auro
702 2001 801 2071 flando,
816 2001 940 2058 ierioudo

60 2082 198 2152 tutuo.
391 2086 470 2140 iustis
485 2086 587 2158 nuptiis
603 2086 749 2158 quaesitos,
767 2087 902 2159 quaesitas

61 2167 90 2224 S.
103 2167 134 2235 0.
147 2167 175 2224 S.
189 2165 254 2223 S.E.
268 2164 299 2234 0.
310 2162 364 2240 (V.)
391 2171 415 2223 si
433 2168 497 2241 quid
520 2168 730 2225 'sacrosanctum
751 2164 823 2240 est‚⁶
842 2167 960 2242 'quodue
980 2173 1021 2225 ius

104 2250 165 2307 itt.
176 2249 205 2312 S,
216 2249 245 2306 tt.
255 2249 282 2306 E.
294 2249 364 2311 itt.
437 2244 505 2307 uou⁷
521 2252 555 2306 sit
570 2247 727 2325 'rogerier‚⁸
743 2255 801 2309 eius
814 2254 863 2309 bae
878 2253 940 2328 lege
956 2254 1021 2310 nihii

105 2332 177 2390 itit.
433 2328 573 2407 ’rogatur9

137 2462 157 2530 ¹)
170 2463 299 2530 Suppleui.
337 2464 447 2515 Excidit
461 2466 534 2528 sqctis
549 2463 581 2515 ob
600 2467 682 2515 simite
701 2467 853 2516 antecedens
872 2469 1022 2518 vocobulum

62 2538 138 2587 scitis.
179 2533 275 2602 ¹intuite
294 2536 403 2599 ponimns
423 2537 533 2584 serioris
552 2542 648 2583 tantam
666 2538 759 2584 aetatis
776 2536 836 2586 oda.
852 2538 955 2591 Litterae
970 2541 1021 2588 sio-

62 2609 155 2669 autore
165 2608 190 2656 iu
204 2607 256 2655 iure
265 2607 331 2656 ciuili
341 2606 370 2654 de
381 2606 472 2666 iegibus
483 2611 506 2651 et
516 2604 648 2666 plebiscitis
658 2605 697 2653 ed.
712 2604 765 2653 Sed
773 2605 831 2654 vide
839 2608 1021 2669 inscriptiones

62 2680 102 2740 53.
115 2690 137 2729 t.
153 2684 179 2726 et
192 2687 212 2728 s.
251 2672 318 2742 ¹)In
333 2678 388 2741 [epe
403 2678 509 2739 pariata
528 2675 588 2722 huic
608 2688 635 2721 es
645 2676 756 2736 proprie
771 2677 856 2723 nuilus
871 2678 956 2731 locus,·
976 2678 1023 2725 sed

57 2755 132 2813 puto,
141 2748 170 2797 ta
178 2747 305 2797 interdurn
315 2762 350 2796 ex
359 2749 414 2811 tepe
421 2762 471 2810 per
478 2745 826 2808 trinandinamprcrnutpata
832 2753 923 2807 postea
930 2761 1022 2796 errore

63 2825 189 2868 retentum
202 2832 264 2868 esse.
284 2816 358 2866 Notis
372 2818 434 2866 bate
443 2817 512 2865 Diem
522 2822 546 2864 et
556 2815 643 2863 Pridie
651 2815 681 2876 in
694 2815 782 2863 eudem
791 2816 846 2879 tepe
856 2816 932 2865 natal
940 2817 1022 2867 Iocum

63 2903 115 2939 non
129 2901 192 2950 esse,
206 2889 251 2937 oisc
264 2894 309 2948 est,
324 2888 392 2951 quod
405 2901 557 2937 moneamus.
589 2885 626 2935 De
640 2887 722 2949 lepram
728 2885 981 2949 praescriptionibus
995 2889 1021 2937 in

64 2960 211 3011 anteana·
219 2959 254 3021 ef.
267 2957 374 3007 Riesebl.
385 2958 473 3021 praef.
483 2957 536 3006 ind.
547 2956 626 3006 sabel.
637 2955 719 3006 Bonn.
735 2955 785 3006 bib.
797 2968 856 3009 1860.
886 2954 907 3022 ⁴)
920 2957 981 3009 Cdd.
997 2966 1022 3010 et

63 3030 101 3080 ed.
116 3035 176 3080 ante
190 3028 216 3078 Ι..
232 3029 283 3090 iege
297 3028 410 3077 addant:
424 3028 451 3076 0.
467 3027 584 3087 omnibus,
594 3028 671 3091 idque
686 3029 712 3075 in
722 3029 839 3092 sequenti
849 3035 918 3087 nota,
930 3028 975 3079 ubi
985 3038 1020 3081 te·

63 3099 189 3149 stantibus
202 3100 257 3164 iepe
272 3097 372 3147 Rubria
386 3106 411 3147 ct
425 3100 479 3163 ispe
498 3097 618 3158 Quinctia
632 3094 712 3165 (Mas.
724 3099 815 3161 pbitol.
831 3098 911 3149 Rben.
923 3101 979 3150 tltt.
992 3117 1019 3164 p.

63 3181 107 3222 tos.
116 3181 158 3223 tot
171 3167 237 3236 sep.)
247 3170 329 3218 iustas
338 3170 394 3217 eius
404 3171 475 3218 iocus
485 3175 530 3226 est,
540 3170 665 3227 omittunt,
676 3176 702 3218 ut
712 3176 846 3232 appareat,
857 3185 891 3219 ea
898 3172 1022 3234 inferiori

64 3247 122 3292 nota
135 3242 162 3291 in
174 3240 336 3303 superiorem
349 3240 378 3287 td
391 3241 456 3289 rnaie
472 3240 616 3301 irrepsisse.
646 3237 667 3304 ⁵)
683 3239 763 3289 Varie
775 3240 836 3289 ΟΜ.
847 3241 1020 3304 baneforrna·

64 3312 111 3361 tant
120 3317 298 3374 aomnpaat.
316 3308 389 3368 Quod
397 3312 504 3372 siremps
513 3316 619 3358 notatur
629 3309 728 3360 duabus
737 3312 832 3360 titteris
841 3311 865 3360 S.
877 3311 913 3372 tt,
921 3313 1021 3374 sactum

63 3382 165 3432 uidetur
172 3380 313 3431 seeundum
323 3382 499 3444 etymotopiatn
509 3378 545 3428 M.
556 3379 667 3438 Catonis,
676 3396 694 3428 a
703 3377 805 3429 ‘similis
813 3378 865 3431 res’
873 3397 928 3430 eam
937 3397 1021 3431 vacem

64 3451 213 3503 maanus.
242 3449 308 3499 Fert.
322 3465 342 3498 s.
357 3467 380 3500 o.
418 3447 599 3514 ⁶)saeroseocti
620 3450 665 3508 V.,·
685 3451 747 3500 sscri
767 3452 842 3500 sancti
863 3453 943 3501 ceteri
958 3452 1020 3501 ced.

64 3529 86 3570 st
98 3523 137 3572 ed.
158 3520 219 3575 Via.
236 3520 287 3570 Cic.
298 3536 350 3584 pro
364 3520 437 3570 Batb.
454 3533 487 3571 tt.
526 3518 545 3583 7)
561 3521 588 3578 0.
604 3520 631 3570 N.
647 3521 664 3569 l.
679 3521 743 3584 quod
756 3536 803 3570 non
817 3522 868 3570 iure
883 3521 944 3570 boni
959 3521 1020 3571 Gdd.

65 3592 124 3654 qood
138 3593 190 3642 iure
205 3605 252 3648 nou
267 3605 334 3640 anus
348 3591 395 3646 An
409 3598 437 3641 at
450 3598 501 3641 torn
510 3598 570 3640 ante
585 3591 601 3639 Ι.
617 3607 691 3655 qaam
702 3599 762 3654 post
776 3593 862 3640 littera
876 3593 1021 3655 stupratoris

65 3661 128 3713 tecto
137 3677 192 3713 esse
202 3661 330 3719 uideatur,
341 3677 415 3726 poan
423 3660 450 3710 N.
458 3669 623 3724 acceperunt,
634 3677 698 3724 qaae
709 3676 769 3711 ocra
779 3669 838 3711 ante
848 3668 905 3710 erat
915 3661 940 3709 V.
955 3661 1022 3709 Sunt

64 3731 127 3783 duae
143 3733 317 3795 exceptiones,
329 3747 437 3795 quarum
446 3734 530 3782 altero
543 3738 643 3795 spectat
656 3732 692 3780 ad
700 3747 739 3788 ea,
755 3746 821 3795 qaae
831 3746 863 3780 ne
872 3732 930 3794 puis
944 3746 1020 3793 ropa-

65 3810 109 3861 ret,
122 3806 203 3853 multo
217 3808 314 3850 tanturn
328 3804 437 3852 similive
446 3818 533 3866 poena
547 3803 673 3851 sancitum
691 3807 756 3851 erat.
795 3797 816 3864 ς)
835 3807 942 3860 rogatum
958 3799 1020 3848 Cata.

66 3871 102 3934 Os.
116 3873 214 3924 Ktenze
228 3871 265 3920 od
278 3870 536 3936 Lep.Seroi1.p.et.
574 3867 652 3936 ⁹)Ita
670 3877 790 3920 recteest
805 3872 832 3918 in
847 3872 864 3917 t.
879 3867 974 3918 Antan.
989 3869 1021 3915 de
