2378 4386
125 524 189 590 638
289 542 394 580 nomm
412 541 518 579 aarum
536 525 569 592 (i)
587 539 686 576 mou.
704 541 739 576 os
758 540 821 576 uvas
838 539 914 576 steca.

126 676 164 731 rei
186 677 234 731 uel
255 673 476 733 aestimationis.
515 679 556 728 ter
578 685 645 727 uero
667 669 817 737 trustratto
838 686 871 727 eo
888 665 986 727 011001ι
1008 689 1084 745 quo·

91 766 117 807 10
126 757 253 831 druplum
271 760 276 822 Ι
290 770 403 828 poenae
419 756 527 811 nomine
542 747 688 827 consequi²
704 752 801 811 fiscum
817 758 947 826 otportet.

188 837 217 897 b.
233 839 305 895 Boas
317 855 423 910 eorum,
437 845 441 900 Ι
455 840 573 912 quicum
586 837 837 911 decemuiratum,
852 839 921 911 letqe
935 831 1085 895 'uacuaris³
1095 843 1151 894 [⁶⁴⁰1

93 935 119 978 it
129 923 205 980 uelut
218 924 352 997 piqtnoris
368 924 427 978 iure
442 920 507 979 fisco
528 915 732 996 'obliqanttur‚⁴
747 938 801 979 non
817 920 906 978 solum
921 938 968 993 ea,
991 939 1062 996 quae
1079 932 1085 987 Ι

128 1005 242 1078 bahent,
259 1000 426 1073 ’30101100
450 1022 519 1080 quse
534 1015 629 1079 postea
646 1005 768 1072 {habituri
783 1014 856 1062 sunt.
873 1017 879 1067 t

191 1086 221 1149 ii.
244 1089 344 1147 Edicto
366 1089 423 1147 diui
445 1090 550 1146 'fraisai
577 1097 713 1160 assuetior,
743 1107 778 1146 ne
801 1091 846 1163 qui
873 1089 1085 1162 prouinciatim

92 1184 190 1232 escum
207 1179 211 1243 Ι
228 1176 317 1232 seruis
332 1166 483 1230 fiscalibus⁰
496 1173 668 1245 contrahant,
686 1177 691 1240 Ι
707 1174 758 1229 nisi
772 1173 930 1246 adsignante
945 1184 1085 1247 procurat·

127 1269 196 1316 tore.
241 1251 347 1333 ’quod⁷
370 1257 471 1315 iactum
495 1261 499 1325 Ι
523 1258 597 1331 dupli
619 1258 715 1313 damno
737 1256 782 1313 uel
804 1256 981 1331 reliquorum
1009 1257 1084 1315 ’eius

21 1339 227 1419 tot-1sttserut)
244 1336 395 1398 3010110110θ
410 1346 559 1415 partientur.
585 1350 613 1397 01
627 1342 687 1397 1100
704 1342 821 1413 quicum
838 1350 843 1403 ι
859 1335 963 1382 ⁹--
978 1370 1012 1382 -
1023 1350 1083 1405 -ι

21 1414 339 1464 t.cal.a.-—--

200 1474 219 1542 ¹)
240 1474 279 1525 ‘Si
295 1490 402 1539 praeses
417 1477 443 1524 in
459 1476 601 1539 prouincia
617 1489 668 1537 per
687 1477 850 1537 suppositum
864 1489 1001 1538 personam
1020 1490 1084 1525 con-

124 1561 236 1611 parasse
254 1551 256 1603 Ι
273 1546 336 1609 quid
350 1553 482 1608 arguatur,
494 1547 558 1608 fisco
568 1546 760 1600 confilemnatur
771 1545 822 1593 eius
832 1545 866 1593 rei
877 1543 1081 1595 aestimationis.

128 1626 164 1666 ter
178 1632 235 1665 uero
253 1617 357 1679 frustra
372 1613 461 1665 citato'
482 1616 623 1665 11οο01000
637 1615 742 1664 Laelius.
758 1617 791 1678 qj.
815 1614 871 1680 qu
887 1613 943 1664 0¹¹7.
959 1623 985 1664 et
999 1614 1031 1664 L.
1046 1628 1081 1668 es.

129 1687 161 1736 D.
176 1687 208 1736 de
222 1687 338 1737 contrait.
354 1693 426 1750 empt.
443 1685 487 1750 (ts,
498 1685 520 1750 1)
535 1687 629 1734 collata
640 1685 670 1733 L.
681 1697 715 1736 ts.
726 1687 749 1746 §-
760 1696 780 1734 t.
796 1684 828 1733 D.
843 1686 875 1734 de
889 1688 906 1734 i.
918 1686 975 1747 fise.
989 1682 1083 1751 (4011)

127 1773 196 1807 nunc
209 1764 333 1807 accurate
347 1764 449 1806 secutus
462 1771 524 1805 sum.
547 1753 678 1818 Scriptum
691 1763 763 1805 erat:
777 1769 855 1804 emere
869 1759 901 1818 τῷ
915 1770 928 1802 0
943 1758 988 1817 put-s
1004 1757 1025 1804 is
1043 1749 1083 1820 aiei

128 1829 237 1892 [Tetn'hos
253 1827 373 1876 c'siderat’
384 1828 436 1890 quis
451 1827 513 1882 11ιο1
523 1833 627 1874 ceterum
637 1826 657 1873 si
666 1823 817 1891 pisposiltam
831 1829 931 1889 isonam
942 1826 1064 1889 c'psrssse
1075 1833 1080 1880 t

127 1913 178 1949 rem
197 1906 221 1948 et
235 1905 327 1962 postea
346 1898 413 1960 putit'
433 1904 457 1946 et
477 1905 490 1945 ti
509 1897 577 1950 uestit
598 1897 706 1960 denique
725 1904 756 1945 et.
774 1911 823 1958 pro
842 1897 920 1947 etium.
986 1892 1007 1961 ²)
1023 1897 1083 1946 0011

128 1968 195 2032 sequi
213 1968 238 2017 C.
254 1990 287 2010 =
302 1983 387 2016 nomen
402 1969 441 2016 001
450 1967 544 2015 nomine
555 1968 629 2030 sequi.
654 1967 772 2029 Apparet
782 1966 917 2015 librarium
928 1967 954 2015 in
963 1979 1011 2016 suo
1021 1968 1080 2016 coti.

128 2053 227 2088 nomene
239 2053 290 2101 pro
306 2038 384 2086 nomia
399 2037 422 2100 e)
436 2037 457 2086 c'
473 2039 571 2101 leqisse.
583 2052 634 2099 pro
649 2051 739 2100 poenae
753 2038 890 2100 scripsisse
905 2036 1006 2086 uidetur
1016 2039 1082 2098 inae

129 2107 174 2173 (of.
193 2106 338 2171 (declinat).
388 2035 649 2171 8)11010110110001.
665 2107 801 2169 00001001.
826 2107 882 2155 Alii
896 2108 950 2156 aiio
963 2108 1080 2155 coniece-

128 2185 196 2228 runt.
221 2177 278 2242 qu
288 2183 424 2240 postquam
434 2176 497 2241 Leq.
510 2177 581 2226 Flau.
591 2176 707 2240 Salpens.
718 2189 753 2228 11.
768 2178 887 2234 innotuit,
902 2175 1081 2227 0011101010νὶ-

124 2255 230 2310 pturam
244 2253 343 2295 mutare
358 2262 437 2295 ausus
451 2262 500 2296 non
514 2263 577 2308 sum,
592 2263 638 2297 nec
653 2247 748 2304 dubito,
763 2248 841 2311 leqens
856 2248 1006 2297 uacuariont
1020 2262 1082 2296 ean·

128 2317 184 2366 dent
198 2331 260 2374 esse,
275 2330 340 2380 quae
355 2315 391 2364 ibi
406 2313 461 2366 ‘lex
476 2319 502 2366 in
518 2333 624 2367 uacuam
639 2313 791 2367 uendendis'
804 2318 915 2367 dicenda
925 2318 1081 2380 appellatur,

128 2401 179 2450 quo
192 2401 226 2436 eae
240 2389 294 2451 leqe
308 2388 424 2449 emptori,
436 2395 526 2451 posteo
542 2390 606 2451 fisco
621 2390 637 2436 i.
652 2403 673 2438 0,
685 2390 856 2450 procuratori
872 2388 992 2437 Caesaris
1004 2389 1081 2438 eliani

129 2458 246 2521 sinqulas
256 2472 299 2507 res
309 2456 435 2507 debitoris
445 2461 568 2523 persequi
576 2466 601 2508 et
610 2459 756 2508 distrahere
766 2459 868 2507 uidetur
878 2459 990 2508 licuisse.
1012 2457 1081 2508 Cete-

128 2561 185 2594 rum
199 2546 275 2595 etiarn
289 2547 340 2611 leqi
353 2553 440 2608 potest
454 2560 466 2594 0
480 2547 539 2608 lege.
603 2543 624 2610 ⁴)
639 2544 670 2594 In
687 2544 711 2593 C.
726 2546 850 2608 scripturn
865 2547 949 2608 suerit
963 2545 1083 2604 ablanttus

130 2614 299 2683 (ablegantur).
330 2616 367 2680 Cf.
384 2617 415 2667 L.
431 2629 463 2668 10.
483 2617 515 2665 D.
531 2618 562 2667 de
576 2631 682 2665 manunt.
699 2613 744 2678 (tc,
759 2614 790 2681 1).
809 2615 841 2664 L.
857 2628 876 2666 1.
892 2627 912 2666 t.
929 2616 955 2666 0.
970 2618 997 2665 in
1012 2617 1081 2681 quib.

128 2689 236 2754 cpiqn.
252 2685 347 2753 (1010).
413 2684 433 2753 ⁶)
448 2689 467 2736 s'
484 2688 652 2736 0100100
670 2693 719 2744 set,
739 2700 773 2735 etc
792 2701 841 2750 quo
860 2694 884 2735 et
899 2688 1081 2751 qeminondum

128 2765 193 2811 erat.
208 2757 301 2808 Boecls.
317 2759 372 2808 ed:
392 2759 433 2806 ssd
449 2773 475 2806 ea
490 2773 600 2822 quoque,
620 2770 688 2820 quae.
752 2751 773 2820 ⁶)
788 2757 805 2804 i.
820 2772 841 2805 e.
857 2758 902 2821 qui
915 2758 943 2806 in
957 2765 1017 2807 actu
1032 2760 1081 2807 oli-

129 2844 178 2894 quo
192 2830 312 2878 stationis
323 2830 424 2891 fiscalis
437 2830 519 2891 positi
532 2834 599 2886 sunt,
613 2843 629 2875 a
644 2825 735 2890 quibus
748 2826 943 2891 distinquuntnr
957 2829 980 2889 9.
996 2829 1024 2879 t*
1037 2829 1082 2892 qui

129 2901 230 2949 omnino
244 2902 314 2948 serui
330 2898 450 2948 Caesaris
463 2906 529 2947 sunt.
596 2894 616 2962 ⁷)
631 2897 698 2946 Ante
711 2896 735 2944 b.
751 2911 774 2944 0.
788 2898 881 2961 sipiani
895 2913 917 2946 0.
937 2905 1020 2947 contra
1035 2913 1081 2948 esc·

129 2970 223 3020 cidisse
241 2973 368 3033 suspicor.
433 2966 455 3034 ⁸)
476 2970 497 3017 e’
516 2969 633 3017 solutione
653 2967 678 3015 0.
698 2965 849 3016 exsolutione
868 2983 903 3016 eac
922 2967 1027 3017 Lacbm.
1048 2971 1080 3031 ej.

128 3040 186 3090 edd.
202 3043 278 3090 etiarn
292 3052 395 3090 meoet.
410 3050 430 3089 t.
491 3035 512 3103 ο)
533 3039 630 3088 Versus
644 3048 726 3088 1-12.
741 3038 769 3085 in
783 3038 840 3087 edd.
856 3050 875 3087 1.
890 3047 911 3087 t.
926 3044 954 3087 ut
967 3045 1020 3088 turn
1035 3039 1081 3089 Co·

129 3111 196 3160 dicis
209 3113 343 3173 scripnura
358 3109 614 3172 repraesentabatur,
632 3109 672 3157 sic
687 3107 746 3170 sere
760 3109 863 3157 restitui
871 3123 950 3171 posse
964 3111 1081 3159 coniece-

129 3195 199 3229 rom:
214 3194 263 3229 non
278 3181 410 3243 adsiqnsto
424 3181 480 3227 siue
495 3180 526 3227 cle
543 3183 545 3235 Ι
558 3181 663 3242 peculio
678 3181 704 3226 in
718 3177 841 3227 creditum
859 3185 863 3236 Ι
878 3180 939 3227 ierit
952 3180 992 3227 siil
1007 3180 1028 3227 13
1042 3179 1082 3228 id-

130 3251 202 3300 circo
222 3248 256 3297 tri
275 3254 279 3305 t
299 3251 400 3311 reliqua
419 3249 435 3296 ἦ
454 3250 554 3298 Ι1000011
572 3251 586 3294 i
605 3249 705 3314 putitiu
723 3256 814 3311 pensat
832 3250 937 3298 c'oltero
957 3254 1037 3303 tantto
1058 3249 1083 3299 si

129 3333 192 3368 uero
205 3320 298 3368 iuuerit
314 3320 409 3375 intacta
423 3310 446 3388 q'
461 3319 483 3366 01
499 3316 657 3379 incumbebat,
671 3326 716 3370 tot.
733 3322 737 3376 Ι
753 3318 862 3368 debitum
877 3333 906 3367 eo
920 3333 982 3370 nora.
995 3321 1060 3380 fisco
1076 3331 1080 3375 t

130 3389 245 3453 00010010
259 3389 329 3448 cogit
344 3389 484 3452 n'retequot'
495 3397 524 3437 cu
539 3389 568 3437 ad
579 3403 631 3437 eum
642 3390 706 3439 lucr.
723 3394 727 3446 Ι
742 3402 757 3436 0
771 3392 847 3438 imai
862 3389 943 3452 puanit
952 3389 985 3437 ht
996 3388 1083 3453 ibique

129 3457 198 3522 quod
211 3460 237 3506 in
249 3460 301 3520 fine
315 3459 425 3514 dicitur,
444 3473 474 3509 eo
492 3459 770 3522 spectarevidebatur,
790 3460 859 3524 quod
875 3461 900 3508 si
918 3460 1083 3522 dispensator

126 3528 197 3589 sorte
205 3530 243 3577 uel
250 3531 366 3578 sicarius
376 3531 400 3577 ei
402 3544 431 3578 us
441 3530 586 3580 rationibus
595 3530 706 3579 redditis
715 3532 884 3579 manumissus
893 3536 951 3579 erat
959 3536 984 3578 01
989 3536 1082 3592 posteo
1128 3548 1132 3554 ·

128 3597 246 3660 defuncti
259 3599 389 3648 bereditas
399 3602 435 3649 ad
445 3600 578 3650 Caesarem
588 3607 751 3664 peruenerat.
766 3600 865 3650 detecto
874 3601 967 3650 deinde
976 3615 1012 3649 esc
1021 3607 1082 3649 actu

128 3671 199 3718 serui
212 3671 313 3732 reliqua
328 3670 493 3720 nibilominus
507 3678 560 3720 tota
574 3670 606 3719 ab
620 3686 662 3728 eo,
681 3673 726 3734 qui
740 3678 831 3720 contra
846 3671 1011 3721 interdictum
1025 3685 1083 3720 euin

128 3754 158 3789 eo
173 3747 350 3798 contraxerat,
361 3743 533 3804 persoluenda
542 3748 631 3790 erant:
644 3755 710 3791 noua
719 3742 785 3790 enim
794 3741 881 3791 liberti
890 3755 1006 3804 persono
1015 3747 1081 3790 erat.

129 3811 198 3874 quod
215 3827 283 3861 nunc
302 3827 350 3860 non
369 3811 460 3874 probo.
493 3811 548 3861 Iam
567 3826 627 3860 uero
645 3812 710 3860 duos
728 3813 802 3875 sequi
818 3812 898 3861 edicti
916 3810 948 3860 1).
972 3810 1082 3860 dicioni

129 3884 205 3946 quasi
222 3885 386 3946 exceptiones
404 3885 443 3932 oet
458 3884 546 3945 potius
565 3883 791 3945 interpretationes
809 3883 836 3930 in
855 3883 894 3944 ξς.
909 3880 1081 3945 sequentibus.
