2378 4386
83 566 143 632 182
390 583 452 618 cun
469 580 573 617 merra.
593 563 613 615 I.
633 565 744 615 36-39.

81 729 104 782 si
119 739 217 780 seruus
237 725 263 777 in
281 726 287 787 Ι
302 722 381 777 lionis
398 722 461 791 tuis,
481 737 513 774 cx
528 720 586 774 iuro
601 717 748 785 Quiritium
764 735 839 774 mens
856 721 918 786 erit,
934 718 1047 773 Latinus

81 806 187 883 quldem
205 810 210 870 t
226 822 241 859 a
264 814 289 860 ie
304 804 365 859 solo
381 802 438 857 iieri
453 811 555 874 potest,
578 804 670 858 iterari
686 812 775 858 autem
791 820 805 857 a
821 820 874 872 me,
893 819 948 857 non
965 804 1046 858 etiam

80 908 95 946 a
111 898 137 945 te
153 897 246 962 potest
261 897 289 942 et
306 903 339 942 eo
355 884 436 941 modo
452 902 528 942 meus
543 886 657 942 libertus
674 887 714 944 iit.
744 896 787 942 set
802 895 829 942 et
845 889 940 942 ceteris
957 887 1045 942 modis

82 979 87 1037 Ι
103 975 145 1029 ius
158 970 301 1039 Quiritium
317 978 478 1026 consecutus
494 988 569 1027 meus
579 971 701 1028 tibertus
717 970 757 1028 iit.
786 969 929 1044 bonoirum
945 979 1046 1042 autem,

81 1072 151 1131 quae
165 1072 237 1111 nunc
256 1048 318 1109 aut¹
344 1071 404 1110 oum
424 1057 448 1112 is
463 1058 609 1127 morietur,
633 1057 789 1130 reliquerit,
814 1055 861 1111 tibi
884 1056 1022 1129 possessio
1040 1057 1044 1128 i

80 1141 169 1210 datur,
182 1155 346 1212 quocunque
357 1139 438 1196 modo
451 1141 492 1195 ius
500 1140 644 1208 Quiritium
656 1142 738 1196 iuerit
750 1144 931 1206 consecuitus.
949 1139 1046 1212 quodsi

79 1225 156 1282 cuius
173 1232 200 1279 et
211 1225 237 1279 in
250 1223 331 1279 bonis
342 1232 370 1280 ot
381 1241 412 1280 ex
425 1226 483 1282 iure
494 1224 640 1293 Quiritium
652 1227 689 1282 sit
700 1227 889 1297 manumissus,
905 1224 937 1280 ab
950 1224 1046 1281 eodem

78 1308 182 1367 scilicet
198 1318 225 1364 et
240 1308 351 1364 Latinus
368 1307 425 1365 fieri
441 1319 533 1383 potest
548 1320 576 1366 et
591 1311 633 1366 ius
650 1309 794 1377 Quiritium
810 1312 949 1383 consequi.

142 1389 192 1451 36.
217 1396 280 1452 Non
305 1403 401 1451 tamen
423 1399 594 1467 cuicumque
616 1398 725 1451 uolenti
745 1399 946 1451 manumittere
967 1398 1044 1452 iicet.
1058 1403 1110 1456 {1101

77 1473 124 1536 37.
141 1479 215 1536 Nam
230 1485 265 1552 is,
281 1484 332 1555 qui
345 1481 371 1535 in
388 1478 509 1535 fraudem
522 1479 688 1536 creditorum
705 1479 749 1535 uei
765 1481 792 1535 in
808 1480 927 1535 fraudem
939 1481 1046 1554 patroni

77 1566 255 1634 manumittit,
271 1565 337 1622 nihii
353 1566 420 1638 agit,
437 1567 499 1637 quia
514 1565 557 1621 iex
569 1565 643 1620 Aelia
656 1564 747 1620 Sentio
764 1564 867 1637 inpedit
883 1564 1045 1622 libertatem.

77 1645 125 1708 38.
147 1647 211 1704 item
234 1651 326 1706 cadom
349 1649 410 1722 iege
431 1651 528 1704 minori
543 1667 584 1705 xx
605 1665 738 1704 annorum
759 1648 869 1704 domino
890 1665 945 1704 non
967 1649 1046 1704 aliter

26 1741 67 1796 10.
80 1735 270 1790 manumittere
293 1735 474 1809 permittitur,
503 1750 581 1805 quam
610 1735 633 1788 si
655 1731 774 1789 uindicta
798 1736 872 1807 apud
892 1728 1045 1810 conisiiium

76 1819 148 1875 iusta
159 1834 239 1875 causa
250 1818 471 1875 manumissionis
482 1816 628 1891 adprobata
640 1811 869 1874 'manumiserit.²
894 1813 944 1873 39.
957 1818 1045 1874 {ustae

78 1913 167 1959 autem
190 1921 286 1960 causac
309 1901 527 1958 manumissionis
549 1912 614 1958 sunt
636 1903 723 1958 ueluti
745 1905 768 1958 si
791 1903 851 1975 quis
874 1911 977 1975 patrem
999 1912 1045 1957 aut

77 1997 189 2043 matrem
211 1997 257 2044 aut
279 1988 468 2062 paedagogum
491 1995 538 2041 aut
560 1987 762 2043 conlactaneum
786 1989 966 2043 manumittat.
996 1987 1044 2042 sod

77 2081 105 2128 et
119 2072 182 2128 illac
197 2090 304 2144 causac,
327 2088 394 2146 quas
409 2072 535 2144 superius
554 2073 582 2126 in
597 2088 680 2127 seruo
702 2071 806 2126 minore
827 2088 890 2126 xxx
911 2087 1043 2127 annorum

76 2158 262 2231 exposuimus,
277 2157 310 2212 ad
325 2157 398 2212 hunc
413 2172 522 2230 quoque
538 2172 641 2227 casum,
662 2154 695 2210 de
711 2171 765 2229 quo
781 2155 928 2228 loquimur,
944 2154 1043 2210 adierri

76 2252 204 2315 possunt.
248 2244 312 2298 item
336 2256 369 2296 ex
392 2239 501 2296 diuerso
525 2241 572 2296 hae
595 2256 706 2311 causae,
736 2239 852 2311 quasin
876 2241 980 2294 minore
1002 2259 1043 2297 xx

76 2342 211 2381 annorum
234 2325 344 2381 domino
367 2325 539 2397 rettulimus,
562 2327 666 2399 porrigi
687 2334 805 2396 possunt
827 2332 855 2378 et
877 2323 909 2378 ad
932 2340 1043 2380 seruum

75 2494 179 2545 dubium
198 2496 330 2546 vocandus
348 2510 399 2545 non
418 2503 483 2544 erat.
560 2492 579 2558 ¹)
600 2496 653 2545 Per
668 2497 756 2544 claras
775 2496 877 2543 litterar
893 2497 1043 2560 sinputarea

77 2562 110 2616 Cf
121 2565 211 2616 Omisit
225 2564 278 2616 Kr.
293 2569 332 2619 ed.
348 2579 369 2616 2.
385 2569 412 2616 in
432 2574 554 2616 contextu
574 2582 623 2631 quo
640 2567 714 2626 sacto
733 2583 756 2614 υ,
777 2567 797 2614 is
816 2567 903 2615 alieno
922 2568 979 2617 ioco
994 2582 1042 2630 po·

74 2640 126 2688 cita
137 2639 211 2701 ferri
225 2654 273 2688 noa
285 2646 380 2702 potest,
394 2646 419 2688 et
428 2640 562 2696 miramur,
577 2639 647 2702 quod
660 2639 725 2687 ciuis
735 2637 806 2687 Rom.
818 2637 906 2686 liberti
920 2638 1043 2687 bonorum

71 2712 254 2773 possessionis,
273 2727 324 2761 non
338 2710 491 2760 hereditatio
505 2712 598 2759 mentio
610 2710 647 2772 fit.
676 2708 815 2772 Intellepe:
833 2723 904 2766 nunc,
920 2725 976 2758 curn
990 2708 1042 2757 La·

74 2783 145 2830 tinus
155 2783 259 2831 civitate
269 2789 365 2832 mutata
375 2783 497 2832 maiorem
512 2781 595 2844 (immo
605 2781 752 2837 maximam,
766 2780 836 2844 quod
849 2796 915 2829 noca
927 2780 1042 2830 Romana

74 2854 168 2902 civitas
190 2868 225 2901 cx
248 2855 371 2903 servitute
394 2861 476 2903 ortam
496 2852 639 2901 libertatem
656 2852 682 2899 ci
700 2849 829 2916 acciperat)
848 2852 943 2914 capitis
964 2851 1042 2899 demi·

74 2926 204 2973 notionem
219 2940 315 2989 pareus
329 2927 405 2974 ctiam
424 2924 489 2974 bona
508 2938 557 2973 auo
571 2923 677 2980 antittit,
697 2937 762 2985 quae
781 2921 817 2970 ad
835 2923 1043 2970 manumissorem

74 3009 125 3044 non
145 2996 198 3044 nisi
216 2996 286 3045 Data
304 2996 326 3045 b.
339 3012 366 3061 p.
383 3011 414 3045 ne
429 2996 563 3058 pertinere
579 3000 704 3056 possum
722 3000 747 3042 et
766 2993 859 3042 deinde
874 3007 928 3040 cum
944 2991 965 3038 is
979 2989 1041 3053 (iam

75 3067 141 3116 ciuis
156 3066 229 3117 Rom.
240 3066 340 3133 suctus)
354 3068 463 3123 moritur,
482 3081 530 3114 nec
549 3080 615 3129 quae
633 3072 685 3113 tum
700 3065 793 3114 amittit
808 3062 874 3113 bono
888 3061 1041 3110 hereditatis

74 3139 133 3188 iure
151 3155 185 3188 erc
204 3143 256 3185 ΧΙΙ
272 3139 368 3187 tabuiis
386 3139 422 3186 ad
439 3153 507 3194 eum,
527 3138 571 3201 qui
590 3152 646 3186 cum
669 3150 719 3185 non
739 3151 774 3185 ex
792 3137 810 3184 i.
828 3132 856 3195 Q.
872 3135 938 3182 iuste
953 3148 1041 3180 maau-

74 3211 187 3267 miaerat,
199 3212 339 3273 peruenire
350 3215 480 3271 poterunt.
517 3206 587 3256 Sane
606 3207 668 3256 huic
682 3222 734 3257 non
745 3209 818 3271 fovet
832 3221 871 3264 ea,
893 3220 958 3270 puae
972 3220 1042 3254 nunc

73 3280 222 3330 dominatur
238 3279 311 3341 salsa
330 3278 362 3326 de
377 3294 433 3340 cop.
449 3279 622 3328 deminutione
636 3278 765 3327 doctrina.
794 3277 848 3327 Sed
861 3280 939 3343 [onya
953 3277 1041 3339 dispu-

74 3353 138 3400 tatio
152 3352 278 3399 rationem
296 3350 373 3396 etiam
391 3348 487 3398 habens
509 3349 570 3398 Gaii
583 3360 604 3407 a,
619 3362 645 3400 aa
664 3349 742 3398 huius
761 3350 813 3399 ioci
832 3363 882 3398 non
897 3356 942 3397 est.
981 3347 1041 3395 Vnt.

74 3427 157 3468 autem
168 3424 277 3482 practer
293 3432 312 3474 ι,
327 3431 367 3470 loo
381 3419 418 3468 ad
430 3431 451 3477 t,
466 3431 505 3472 157
519 3428 609 3470 notato
622 3428 647 3469 et
661 3432 682 3478 a,
698 3432 744 3471 aaa.
827 3416 848 3481 ¹)
864 3420 935 3468 inerit
951 3419 977 3467 C.
999 3413 1044 3466 Vct

76 3489 134 3539 edd.
157 3489 195 3551 Cf.
211 3488 275 3537 Inst.
288 3485 336 3557 [si]
351 3487 449 3558 [inerit]
462 3491 502 3540 eti.
518 3491 567 3540 Kr.
583 3503 603 3541 2.

146 3644 189 3716 §5
204 3651 247 3699 86.
263 3651 305 3699 37.
321 3672 355 3690 =
366 3667 410 3714 pr.
425 3649 447 3699 I.
463 3650 531 3714 quib.
546 3666 581 3700 ex
600 3663 671 3699 caus.
690 3663 798 3696 manum.
815 3645 847 3710 (1,
863 3644 896 3711 c).
926 3647 964 3709 Cf.
985 3647 1040 3710 tttp.

74 3730 143 3779 1,1a.
189 3716 214 3787 ξ.
231 3722 273 3771 38.
290 3743 323 3762 ==
338 3724 360 3782 ξ.
375 3734 396 3772 t.
417 3720 506 3770 [cod.
529 3721 566 3783 Cf.
587 3718 642 3782 Uip.
658 3730 679 3774 1,
694 3728 727 3767 ta.
753 3717 797 3765 ii.
812 3714 913 3765 Dosith.
928 3727 961 3764 1a.
982 3715 1042 3763 Lem

74 3791 147 3842 flac.
167 3790 238 3855 Satp.
254 3804 287 3843 eo.
312 3792 343 3841 L.
358 3805 380 3843 4.
401 3793 427 3842 0.
441 3792 475 3840 cte
492 3798 548 3840 teat.
568 3791 620 3838 mit.
641 3789 677 3852 (a,
697 3787 741 3850 ot).
815 3782 840 3854 θ.
856 3787 898 3835 39.
915 3785 954 3847 Cf.
971 3797 1040 3840 1,1o.

72 3865 96 3927 fi.
111 3874 131 3915 o.
156 3862 177 3912 I.
193 3863 259 3928 quib.
280 3880 316 3913 eo·
330 3880 353 3914 o.
373 3878 481 3913 manum,
501 3859 534 3924 (ι,
547 3858 579 3922 o).
604 3860 636 3909 L.
651 3871 672 3910 o.
692 3869 788 3908 11-1o.
804 3869 837 3908 m,
853 3867 886 3906 ao.
902 3864 935 3905 aa.
960 3855 993 3904 tt.
1008 3857 1040 3904 de

72 3951 181 3984 monum.
204 3936 273 3984 otmt
293 3933 343 4001 (cu,
362 3933 393 3999 t).
422 3932 454 3981 la.
474 3943 508 3982 tt.
536 3931 569 3980 tt.
588 3932 634 3997 qui
651 3937 676 3980 et
689 3944 706 3979 a
724 3928 791 3994 quib.
813 3942 922 3978 manum.
942 3926 988 3992 (40,
1006 3927 1039 3994 t).
