2378 4386
386 532 421 568 ΒΕ
439 532 550 569 mutave
569 532 649 568 mun
662 533 703 568 111.
984 524 1024 582 67

67 659 213 732 scriptione
240 659 327 716 omnis
355 660 394 715 rei
423 658 544 734 publicae
566 658 717 715 moderatio
739 658 909 725 continetur3
937 674 1026 731 neque

66 740 153 797 solum
167 744 202 798 ils
218 741 441 817 praescribendus
463 751 505 799 est
519 742 677 816 imperandi,
700 741 747 799 sed
763 743 842 797 etiarn
858 740 962 798 ciuibus
978 742 1024 797 ob·

68 826 232 898 temperandi
240 825 350 883 modus:
366 843 426 882 nam
438 835 465 883 et
477 829 522 900 qui
533 825 602 882 beue
614 828 738 899 imperat,
749 827 870 899 paruerit
882 826 1025 898 aliquando

66 925 174 965 necesse
189 918 243 982 est,
257 918 286 967 et
301 911 347 984 qui
362 910 485 968 modeste
500 918 587 985 paret,
603 909 712 967 uidetur
727 912 772 983 qui
783 909 926 982 aliquando
942 912 1024 983 impe-

66 999 106 1048 ret
121 993 221 1067 dignus
237 1010 307 1050 esse.
344 994 436 1067 itaque
452 1002 561 1067 oportet
576 1003 604 1050 et
619 1010 691 1066 eum‚
707 996 753 1068 qul
768 1001 857 1070 paret,
871 1009 980 1067 sperare
996 1010 1025 1049 se

66 1075 155 1150 aliquo
171 1084 294 1152 tempore
310 1078 518 1152 imperaturum,
539 1085 568 1134 et
582 1077 669 1147 illum,
689 1080 736 1151 qul
750 1080 873 1151 imperat,
895 1080 1024 1151 cogitare,

66 1157 141 1215 breui
156 1168 278 1235 tempore
292 1161 344 1217 sibi
360 1178 420 1218 esse
435 1162 589 1235 parendum.
624 1177 675 1217 nco
690 1177 755 1218 uero
771 1161 860 1218 solum
877 1170 907 1216 ut
922 1171 1025 1234 optem·

65 1251 161 1314 perent
182 1244 382 1318 oboediantque
404 1244 618 1319 magistratibus,
639 1244 687 1299 sed
708 1247 789 1302 etiam
812 1252 843 1299 ut
865 1261 912 1300 eos
935 1245 1025 1301 colant

65 1324 231 1402 diligantque
253 1328 472 1402 praescribimus,
495 1338 525 1385 ut
540 1325 694 1383 Charondas
715 1329 743 1382 iu
758 1330 814 1385 suis
830 1327 894 1383 lacit
909 1327 1024 1400 legibus,

65 1420 160 1468 noster
182 1427 249 1467 uero
271 1411 347 1467 Plato
363 1411 489 1466 Titanum
510 1427 525 1466 c
548 1425 647 1481 genere
668 1413 765 1466 statuit
786 1426 845 1480 eos,
868 1411 915 1482 qui
936 1418 966 1464 ut
988 1409 1027 1465 llli

66 1494 240 1559 caelestibus,
266 1495 311 1549 sio*
327 1494 355 1548 bl
378 1493 557 1548 aduersentur
578 1491 787 1563 magistratibus.
819 1507 888 1562 quac
911 1507 971 1547 cum
991 1493 1028 1548 ita

65 1579 129 1648 sint,
147 1578 180 1632 ad
196 1579 268 1647 ipsas
285 1578 336 1630 iam
351 1574 427 1646 leges
442 1575 593 1642 ueniamus,
608 1575 632 1629 si
646 1574 745 1646 placet.

130 1661 168 1713 A.
192 1659 257 1713 blibi
273 1673 340 1711 uero
356 1664 384 1712 et
400 1655 472 1711 istud
488 1650 515 1712 et
531 1655 598 1712 ordo
613 1657 664 1713 iste
679 1672 769 1714 rerum
785 1658 881 1732 placet.

130 1739 172 1796 lll.
195 1736 224 1796 6.
245 1739 285 1799 Μ.
309 1738 405 1795 lusta
426 1741 571 1814 imperia
590 1750 709 1813 sunto,
729 1743 830 1817 isque
849 1743 937 1798 ciuis
959 1760 1026 1800 mo·

63 1826 163 1883 deste
192 1840 231 1880 ac
259 1827 333 1879 sine
360 1826 584 1882 recusatione
610 1833 770 1900 parente:
798 1827 1026 1900 magistratus

65 1927 125 1966 uec
148 1907 393 1965 oboedientem
416 1915 449 1964 et
472 1901 578 1987 (eac)in
606 1906 752 1967 noxium¹
773 1913 882 1968 ciuem
905 1910 1024 1984 multa,

66 1985 272 2068 (ρι’ρηονε),2
297 1992 452 2049 uinculis
479 1991 731 2050 uerberibusue
761 1997 963 2067 coherceto,
991 1999 1023 2052 ni

67 2092 126 2149 par
147 2079 302 2133 maiorue
324 2084 488 2147 potestas
509 2077 705 2151 populusue
726 2078 964 2152 prohibessit‚
989 2081 1023 2134 ad

67 2175 151 2232 quos
171 2161 380 2234 prouocatio
407 2167 492 2216 esto.
528 2176 600 2216 cum
621 2164 849 2235 magistratus
874 2162 1023 2216 iudicas·

66 2244 372 2316 sitiurcgasituc,
393 2260 451 2318 per
471 2243 634 2318 populum
656 2246 783 2301 multae
803 2260 935 2319 poenae
951 2259 1025 2299 cer·

67 2326 158 2380 tatio
180 2333 261 2382 esto.
305 2327 453 2383 militiae
481 2325 519 2383 ab
547 2345 603 2399 eo,
633 2330 690 2402 qui
718 2327 916 2402 imperabit,
946 2345 1025 2401 pro·

68 2409 208 2465 uocatio
230 2420 405 2482 necesto,
428 2410 652 2483 quodquam,
675 2412 884 2485 quibellum
907 2419 1024 2485 geret,

66 2492 287 2566 imperasait,
309 2494 362 2549 lus
384 2501 562 2566 ratumque
584 2504 668 2550 esto.

129 2576 273 2633 llinoris
306 2579 535 2651 magistratus
567 2578 689 2648 partiti
719 2578 807 2631 luris
839 2575 958 2647 plures
987 2577 1025 2637 jn

66 2658 186 2733 ploera
207 2668 322 2716 sunto.
357 2661 528 2730 militiae,
557 2658 685 2731 quibus
706 2659 793 2713 iussi
817 2665 934 2725 erunt,
966 2657 1026 2711 im·

65 2751 217 2816 peranto
238 2760 424 2818 eorumque
447 2742 579 2799 tribuni
595 2750 713 2797 sunto:
735 2742 824 2795 domi
845 2739 1025 2811 pecuniam

65 2824 235 2899 publicam
254 2829 504 2899 custodiunto,
528 2823 677 2902 (uiarum
699 2842 819 2882 curum
833 2815 1026 2898 perunto)‚³

66 2908 205 2967 uincula
230 2914 385 2967 sontium
411 2918 575 2968 seruanto
604 2902 884 2984 capitalialque)⁴
913 2907 1024 2965 uindi-

64 3002 181 3065 cauto,
206 3010 279 3066 aes,
301 3004 483 3069 argentum
503 2992 1024 3068 aurumuepubllcesiguanto,

64 3076 141 3134 lltls
177 3086 379 3135 contractas
413 3078 601 3134 iudicanto.
656 3071 898 3152 quaestores,⁶
936 3075 1026 3150 quod

64 3177 211 3236 cumque
238 3170 380 3218 senatus
409 3163 582 3231 creuerit,
611 3170 750 3234 agunto.
792 3157 819 3217 t.
850 3168 1025 3231 suntoque

65 3245 195 3302 aediles
233 3254 417 3303 curatores
449 3244 564 3316 urbis,
605 3262 760 3302 annonae
798 3246 1027 3314 ludorumque

64 3328 304 3400 sollemnium,
330 3329 487 3404 ollisque
514 3328 552 3385 ad
579 3329 721 3385 bouoris
743 3328 926 3402 amplioris
949 3341 1025 3398 gra·

63 3411 190 3470 dumis
214 3412 346 3486 primus
368 3429 533 3470 ascensus
556 3421 638 3468 estc.

127 3497 297 3554 Censorls
324 3497 447 3570 populi
468 3497 656 3566 acuitates,
685 3494 844 3566 suboles,
873 3490 1027 3549 familias

63 3582 303 3656 pecuniasque
330 3587 514 3651 censento,
543 3578 639 3635 urbis
663 3574 776 3653 (sario
800 3568 920 3647 tec)ta⁶
943 3580 1025 3626 tem-

137 3771 157 3839 ¹)
172 3780 196 3822 et
210 3770 332 3820 innoxium
346 3768 453 3819 ABed.
473 3766 503 3816 V.
534 3761 555 3832 ¹)
570 3767 679 3816 Addidi.
704 3762 726 3829 ⁸)
741 3764 852 3812 Addidi.
882 3758 904 3821 ⁴)
921 3753 1027 3804 Addidi.

64 3840 85 3907 ὅ)
99 3843 164 3908 quod
180 3839 236 3891 AB
248 3840 305 3889 edd.
335 3837 355 3904 ὅ)
371 3841 460 3889 urbista
475 3834 529 3885 AB
542 3837 606 3886 urbis
621 3845 683 3886 tecta
697 3850 732 3884 cx
745 3832 825 3880 Balaio·
839 3832 872 3892 ej.
887 3826 927 3875 ed.
939 3822 969 3869 V·

782 3913 832 3971 5*-
