2378 4386
273 543 334 579 uros.
354 544 386 579 nr
404 543 464 580 nort.
484 543 574 581 naovrt
591 543 698 579 coum.
718 525 751 579 t.
772 532 795 580 1.
815 532 839 583 2.
965 527 1027 593 663

82 677 183 731 uxor-re
204 681 231 731 et
253 688 321 730 suot
343 691 429 746 paam
454 677 618 746 parentium
640 667 691 751 aa)
718 668 893 745 liberorum‚¹
921 681 1031 749 excepta

82 750 188 829 ιικοτε,2
217 773 296 829 quom
326 757 499 831 prohibetur,
530 757 653 814 occidere
679 766 780 832 potest.
825 750 870 814 ³4.
899 758 1031 830 Maritum,

83 842 127 914 qni
151 857 260 897 uxorem
276 840 469 914 deprehensam
492 857 552 897 cunr
574 841 696 897 adultero
720 842 826 913 occidit,
850 844 911 916 qula
926 841 978 899 lton
991 845 1031 899 ln·

81 927 207 999 patientia
235 927 300 981 iusti
327 923 429 980 doloris
457 923 576 994 admisit,
604 923 690 981 lenius
718 928 807 999 puniri
828 919 960 999 placuit.⁴
1001 923 1030 988 ll.

82 1008 175 1065 Occiso
187 1007 320 1078 adultero,
333 1008 468 1063 dimittere
484 1008 573 1062 statim
590 1009 700 1063 maritus
716 1007 796 1064 debet
811 1026 933 1083 uxorem,
949 1019 1031 1084 atque

81 1093 117 1148 ita
132 1091 222 1149 triduo
239 1093 361 1166 proximo
377 1089 507 1164 profiteri,
525 1106 585 1146 oum
601 1106 655 1163 quo
671 1091 804 1160 adultero,
820 1101 847 1147 et
861 1093 888 1149 ln
900 1109 955 1166 quo
970 1094 1032 1152 loco

83 1192 192 1232 uxorem
207 1168 441 1248 deprehenderit.⁶
484 1169 512 1230 6.
536 1172 647 1229 inuenta
662 1175 689 1230 in
706 1174 840 1230 adulterio
863 1192 956 1249 uxore,
978 1194 1033 1234 ma·

82 1261 149 1317 ritus
171 1261 208 1315 ita
230 1258 336 1314 demum
358 1257 509 1313 adulterum
536 1258 619 1313 iratus
642 1257 765 1314 occidere
792 1265 896 1330 potest,
927 1261 950 1315 si
972 1276 1032 1316 eum

82 1343 154 1399 domi
168 1358 233 1398 suno
248 1336 457 1416 deprehenrlnt.¹
500 1336 526 1397 7.
542 1339 617 1409 Eum,
635 1343 680 1414 qui
695 1342 722 1395 in
737 1340 870 1397 adulterio
885 1341 1033 1416 deprehen·

82 1442 138 1481 som
161 1440 271 1481 uxorem
294 1441 348 1480 non
370 1426 460 1479 statim
483 1423 630 1493 dimiserit,
657 1439 732 1478 reum
755 1423 880 1481 lenocinii
902 1425 1033 1499 postulari

82 1500 207 1581 placuit.¹
250 1505 279 1562 8.
303 1507 381 1562 Serui
403 1522 469 1563 uero
485 1514 539 1563 tem
554 1499 668 1574 mariti,8
690 1522 770 1579 quem
785 1510 892 1578 uxoris,
914 1511 941 1565 in
956 1525 1035 1566 causa

12 1600 73 1649 [⁵⁶⁶]
85 1591 209 1645 adulterii
239 1591 359 1662 torqueri
389 1598 518 1664 possunt,
540 1606 591 1647 neo
619 1583 680 1646 his⁹
710 1589 818 1647 libertas
850 1586 1035 1668 'suspectae¹⁰

83 1674 248 1746 impunitatis
262 1672 323 1730 data
338 1674 448 1731 unlebit.

366 1754 467 1818 Explicit
481 1756 562 1805 titulus
577 1755 606 1804 de
621 1755 752 1805 adulteriis.

509 1979 605 2015 INCIPIT

319 2068 391 2154 (rra.
409 2070 447 2150 ν.)
477 2090 520 2132 nn
535 2088 800 2133 suvrnuuorunvs.

148 2203 247 2278 llap.l.
278 2195 564 2276 lloysesdielt:¹¹
594 2198 618 2258 l.
636 2200 902 2268 Quimauserltoum
918 2202 1036 2260 musculo

86 2289 222 2344 mansione
238 2286 372 2356 muliebri,
388 2293 622 2358 aspernamentum
638 2295 693 2340 est:
715 2285 792 2342 nmlro
808 2289 966 2358 moriantur,
989 2288 1037 2344 'rel

85 2365 186 2428 sunt.¹²

149 2454 214 2529 llop.
236 2454 267 2511 ll.
311 2453 438 2509 Paulus
460 2451 551 2507 libro
574 2453 832 2509 sententiarum
855 2447 942 2510 '11.¹³
974 2453 1037 2510 suls

86 2538 194 2596 titulo
217 2538 256 2594 de
278 2536 475 2593 adulterIis.
512 2532 537 2591 1.
561 2528 642 2601 ¹⁴ttut
664 2536 812 2591 masculum
835 2535 947 2592 liberum
970 2539 1037 2593 inul-

88 2631 144 2679 tum
167 2622 357 2695 struprauerit,
380 2621 465 2694 capite
481 2620 600 2692 punitur.
644 2615 673 2675 2.
697 2617 747 2685 Oui
763 2619 902 2675 uoluntate
917 2635 965 2674 sua
981 2629 1037 2676 stu·

86 2723 163 2780 prum
187 2705 373 2780 flagitiumque
388 2704 513 2778 inpurum
529 2705 645 2776 patitur,
667 2700 784 2757 'dimidia
805 2710 883 2776 parte
905 2702 1037 2759 bonorum

162 2887 181 2955 ¹)
196 2889 285 2938 liberos
297 2890 359 2940 Cdd.
374 2889 432 2939 edd.
437 2907 448 2946 ‚·
461 2890 509 2938 doc
523 2891 646 2952 scriptum
658 2890 717 2938 olim
727 2887 823 2937 liberor.
833 2895 857 2938 et
868 2904 923 2938 curn
933 2905 955 2938 o.
966 2872 1038 2939 liber·

88 2968 126 3009 tos
140 2960 273 3023 consuram
285 2961 380 3024 fraudi
390 2961 444 3024 suit
459 2958 578 3017 librario,
592 2967 619 3007 at
634 2961 768 3016 auritteret,
783 2974 847 3023 quaa
861 2974 896 3008 em
910 2974 931 3008 c.
946 2971 967 3011 o.
983 2960 1007 3021 ὅ.
1016 2971 1038 3012 t.

88 3032 234 3080 necessario
247 3033 426 3094 supplevimus.
457 3030 482 3079 C.
503 3030 561 3079 Ves.
576 3031 652 3079 etiam
666 3037 690 3077 et
704 3029 792 3078 liberos
810 3031 908 3079 omittit.
974 3026 996 3095 9)
1008 3028 1040 3079 st

87 3117 118 3152 eo
130 3102 201 3164 sorte
215 3115 249 3150 ex
264 3103 321 3150 istie
330 3103 461 3164 personis,
475 3103 542 3149 velut
556 3100 648 3149 liberta
662 3115 710 3149 sua
723 3101 764 3148 sit.
786 3099 825 3163 Cf.
839 3116 862 3150 c.
877 3112 898 3151 ε.
917 3102 940 3163 5.
956 3112 976 3152 t.

90 3167 247 3236 'ms-o.
263 3193 297 3214 =
313 3170 711 3232 Pao1.s.rt.r,2o.§o.a-s.
776 3168 797 3234 ⁴)
818 3169 857 3234 Os.
871 3186 988 3235 saproc.
1005 3182 1039 3223 ro.

89 3240 111 3306 δ)
127 3242 164 3304 Os.
179 3257 251 3305 arrpr.
267 3258 289 3292 c.
303 3253 324 3293 ³.
339 3244 362 3303 §-
377 3252 397 3294 ὁ.
418 3242 449 3290 L.
465 3253 498 3292 ta.
515 3243 537 3304 ξ.
548 3255 568 3292 1.
584 3241 616 3289 Ι).
631 3241 654 3290 lr.
670 3249 687 3290 t.
738 3237 1039 3305 ¹)Cfisapr.o.³.§.i.

90 3309 110 3375 ἵ)
127 3312 166 3376 Cf.
181 3312 213 3360 L.
228 3323 254 3362 ts
264 3327 309 3376 pr.
329 3312 361 3361 Ι).
376 3311 400 3361 tt.
415 3319 432 3361 t.
455 3312 486 3360 L.
502 3323 522 3362 2.
543 3312 569 3361 C.
584 3313 639 3362 eod.
691 3309 712 3375 ¹¹)
727 3311 765 3361 De
779 3311 820 3360 iris
834 3311 899 3361 nillil
912 3314 973 3377 lepi,
988 3313 1041 3361 nisi

85 3382 156 3445 sorte
170 3384 263 3432 marito
278 3389 417 3432 accusante
432 3384 459 3430 in
474 3382 505 3429 L.
520 3394 554 3433 27.
569 3385 592 3444 ξ.
604 3396 636 3433 ta.
652 3382 683 3431 L.
695 3395 720 3434 ³³
732 3399 775 3445 pr.
791 3381 823 3430 Ι).
833 3382 858 3430 d.
869 3390 885 3431 t.
906 3383 947 3432 An
959 3385 1040 3447 igitur

88 3454 221 3517 legendum
236 3453 354 3501 adulteri?
380 3452 417 3515 Cf.
433 3467 504 3514 supr.
520 3468 542 3501 c.
558 3466 591 3502 11.
655 3449 677 3510 ⁹)
696 3452 799 3503 Uxoris.
823 3451 882 3501 Vid.
897 3453 929 3501 L.
944 3465 1039 3504 12-14.

88 3521 120 3571 D.
136 3524 180 3587 qui
194 3530 219 3572 et
233 3538 249 3571 a
264 3521 331 3586 quid.
347 3538 413 3572 man.
428 3521 473 3585 (to,
487 3522 518 3586 tt).
538 3522 570 3570 h.
585 3533 605 3572 t.
623 3523 648 3570 Ο.
663 3521 687 3570 l.
702 3530 720 3571 t.
774 3521 805 3586 ¹¹)
821 3522 865 3571 sub
879 3525 960 3586 speeie
977 3522 1040 3572 cad.

88 3593 132 3642 sub
147 3607 190 3656 spe
204 3593 277 3651 edd,
296 3592 365 3657 quod
383 3607 429 3641 neo
444 3592 576 3640 Latinitas
595 3592 705 3640 admittit
719 3607 766 3641 nec
784 3605 880 3641 senens.
905 3592 944 3657 Cf.
959 3592 990 3641 L.
1005 3602 1040 3644 tt.

88 3664 111 3724 β.
126 3675 147 3714 o.
168 3663 199 3711 Ι).
215 3665 259 3727 qui
273 3662 409 3726 etoquid.
425 3661 470 3725 (to,
484 3659 515 3726 tt).

163 3730 194 3798 ¹¹)
210 3733 292 3782 Levit.
312 3743 350 3790 to,
369 3744 403 3783 rt.
428 3732 466 3794 Cf.
486 3742 525 3789 1⁸,
540 3741 573 3782 tt.
640 3726 673 3795 ¹¹)
687 3730 718 3779 B.
738 3730 782 3780 Ve.
798 3732 852 3794 quin
871 3733 906 3781 rei
925 3739 980 3781 sunt
998 3732 1040 3781 Vi.

87 3803 128 3852 ed.
142 3802 184 3851 Bi.
247 3799 279 3868 ¹³)
293 3800 340 3852 Sia
353 3801 383 3850 B.
400 3804 426 3851 in
442 3801 527 3851 indice
542 3801 660 3863 capitum.
690 3800 721 3848 In
736 3803 793 3864 ipsa
809 3801 898 3851 Cottae.
914 3816 960 3851 om.
977 3801 1040 3851 Cdd.

89 3869 216 3937 (seeundo)
231 3872 270 3921 ed.
285 3869 326 3921 Bt.
380 3869 412 3936 ιι)
427 3870 475 3920 Est
490 3871 565 3920 Paul.
579 3869 606 3919 S.
623 3869 653 3919 tr.
668 3881 689 3929 ε,
703 3880 737 3921 to.
751 3873 775 3932 ς,
790 3881 822 3920 tt.
837 3886 872 3920 ex
887 3871 913 3920 G.
933 3871 991 3920 Ver,
