2378 4386
153 521 216 582 130
483 531 510 566 u.
530 531 660 567 vassarvs
679 529 785 565 eaosvs.

150 649 295 704 Valeriani
304 648 431 716 opusculi
442 647 557 714 eiusque
570 646 629 700 fata
640 645 743 698 rectius
752 643 945 712 intelligantur
958 647 987 698 et
999 649 1109 702 nostrae

150 713 371 833 sditioniedratio
389 712 532 777 reddatur,
552 715 582 765 et
599 711 667 763 mihi
679 710 731 764 bac
750 711 786 763 de
803 726 833 763 re
852 710 934 764 video
946 728 1037 779 pauca
1049 730 1109 767 esse

170 782 192 832 is
213 784 281 832 ulau
302 795 327 831 a.

193 799 258 900 1>De
276 845 351 898 notis
363 845 486 910 antiquis
498 843 611 896 omnino
624 842 746 896 Probum
760 859 794 897 eo
806 844 982 911 potissimum
994 847 1108 899 consilio

150 913 241 982 egisse
269 914 302 964 ut
319 913 446 965 veterum
464 909 598 962 librorum
617 910 789 978 exemplaria
807 909 892 964 etiam
910 911 946 966 ab
965 913 1016 965 hac
1028 916 1109 980 parte

149 983 225 1034 recte
243 953 404 1047 degerentur
422 978 451 1031 et
467 976 728 1054 transcriberentur,
746 978 899 1031 secundum
922 994 964 1042 ea,
984 996 1056 1046 qaae
1076 996 1110 1033 ex

149 1046 284 1100 Suetonio
297 1044 450 1107 retulimus,
461 1042 590 1096 dubitare
608 1059 661 1096 non
675 1044 750 1100 licet.
774 1041 862 1109 Quem
876 1045 1001 1099 ordinem
1015 1048 1109 1100 autem

149 1114 178 1166 in
205 1112 359 1166 referendis
381 1110 455 1164 notis
482 1112 654 1178 sequeretur,
681 1111 742 1179 ipse
766 1111 932 1165 indicavisse
956 1113 1110 1167 credendus

150 1181 192 1233 est
209 1178 302 1233 verbis
319 1178 387 1231 illis:
417 1180 490 1241 Quod
505 1185 531 1231 in
552 1183 757 1245 praenominibus
779 1183 876 1246 lepibus
898 1184 1005 1245 publicis
1025 1189 1109 1247 ponti-

145 1254 270 1316 ficumque
294 1251 453 1299 monumentis
477 1255 502 1298 et
523 1251 549 1298 in
572 1251 635 1298 iuris
657 1252 738 1298 ciuilis
760 1250 832 1299 libris
855 1251 995 1301 etiamnunc
1017 1261 1107 1302 manet.

149 1313 228 1368 iniis
245 1315 340 1366 tamen
353 1327 451 1365 rocem
462 1316 557 1380 lapibus
569 1330 650 1366 suum
663 1311 757 1365 locum
769 1313 825 1365 iam
844 1328 900 1366 non
919 1316 1025 1376 tenere,
1038 1314 1108 1366 mul-

149 1381 186 1434 tis
200 1379 371 1450 argumentis
382 1395 546 1498 persuasum
563 1380 632 1432 mihi
645 1382 694 1432 est,
722 1379 795 1432 Nam
814 1382 844 1433 et
860 1379 937 1448 leges
949 1380 994 1433 hic
1006 1380 1108 1449 frigide

148 1448 279 1516 publicae
296 1445 381 1515 appel
392 1447 475 1498 autur
492 1448 522 1500 et
543 1463 606 1499 cum
623 1445 788 1515 pontificum
807 1448 993 1501 monumentis
1010 1462 1108 1515 parum

149 1517 216 1592 apte
229 1514 432 1583 componuntur
445 1515 474 1566 et
486 1529 503 1566 a
514 1514 575 1566 iure
593 1513 669 1566 civili
680 1529 828 1581 perperam
841 1514 1038 1583 seiunguntur:
1056 1530 1108 1566 neo

150 1599 190 1636 sro
207 1581 276 1634 haec
293 1580 464 1648 respondent
481 1582 506 1634 ei
520 1581 619 1643 ordini,
639 1596 695 1648 quo
707 1582 807 1648 postea
824 1583 907 1634 notae
919 1582 1157 1635 recensenturlct]

149 1648 192 1701 Ne
210 1647 308 1709 multa,
326 1647 500 1700 restituenda
516 1646 566 1700 illa
583 1663 635 1700 vox
650 1649 694 1700 est
711 1649 775 1700 ante
791 1654 853 1700 iuris
871 1655 960 1712 ciuilis,
998 1663 1033 1700 uo
1047 1647 1107 1701 looo

150 1731 213 1768 eam
232 1713 366 1767 excidisse
389 1712 476 1766 etiam
499 1713 570 1766 illud
588 1713 690 1766 indicio
710 1716 764 1778 est,
789 1713 864 1780 quod
885 1715 915 1767 in
939 1715 987 1782 qui
1010 1715 1108 1768 undam

150 1782 230 1835 codd.
243 1781 347 1851 legitur
357 1785 468 1847 iurisque
485 1784 575 1841 ciuilis,
595 1779 701 1832 omissis
719 1780 820 1844 verbis,
835 1796 907 1847 quae
946 1782 1107 1847 raecedunt,

149 1861 175 1903 et
192 1855 226 1909 in,
245 1848 274 1901 in
292 1847 362 1911 eliis,
378 1847 496 1899 retentis
513 1846 569 1909 his,
592 1846 724 1898 omissum
748 1848 790 1898 est
808 1867 868 1913 qnae:
893 1863 931 1900 scr
946 1849 1001 1901 'eet
1018 1849 1108 1902 diver·

150 1916 256 1969 simodo
273 1913 380 1967 librarii
398 1914 497 1966 amisso
515 1913 541 1970 h.
558 1912 576 1969 1.
595 1912 681 1965 verbo
700 1917 794 1975 lapibus
812 1928 969 1966 sermonem
987 1916 1108 1968 redinte-

149 1999 230 2051 grare
243 1981 336 2034 conati
347 1982 418 2034 sunt.
448 1979 492 2032 Ad
505 1995 564 2032 rem
582 1994 648 2031 vero
666 1978 851 2031 conferendus
869 1982 912 2032 est
923 1980 999 2034 locus
1012 1982 1107 2034 Manil.

151 2052 215 2102 astr.
238 2055 262 2114 4,
280 2053 338 2102 209.
372 2051 424 2100 Hic
449 2053 522 2100 etiam
541 2053 619 2112 (epum
636 2048 735 2098 tabulas
753 2055 778 2097 et
796 2050 899 2098 condita
917 2052 975 2099 iura
993 2053 1107 2109 Noverit,

150 2136 214 2185 aque
232 2121 299 2170 notis
316 2119 409 2168 lenitus
426 2119 563 2180 pendentia
581 2115 667 2166 verba.
702 2111 761 2164 Iam
779 2111 802 2164 si
818 2111 937 2180 legimus
955 2120 980 2166 in
998 2134 1108 2180 praeno·

149 2188 262 2248 minibus,
276 2186 382 2249 publicis
399 2186 591 2248 pontificumque
608 2184 778 2241 monumentis,
798 2190 824 2231 et
841 2187 866 2231 in
885 2183 979 2247 lepidus
997 2187 1108 2250 iurisque

150 2257 232 2305 ciuilis
245 2254 324 2313 tibris,
337 2247 480 2316 aptissime
489 2247 518 2300 in
528 2246 632 2315 duplex
642 2262 731 2316 genus
739 2247 823 2299 notae
833 2244 1009 2301 dividuntur:
1021 2265 1109 2302 unum

151 2333 256 2392 carum,
275 2331 347 2384 quae
365 2314 516 2382 specialem
535 2330 646 2368 oausam
669 2330 724 2368 non
743 2313 862 2379 habent,
886 2314 936 2367 sed
959 2315 1108 2370 universas

149 2383 272 2437 civitatis
289 2384 366 2447 sunt,
388 2382 490 2450 partim
512 2383 540 2435 in
564 2380 677 2435 familiis
698 2383 746 2448 (-
763 2384 982 2451 praenominibus)
1004 2384 1108 2451 partim

149 2449 179 2502 in
196 2466 233 2518 po
254 2448 302 2502 ulo
320 2453 368 2514 (ε
386 2449 510 2517 publicis)
523 2448 627 2518 partim
644 2448 673 2501 in
686 2449 739 2502 diis
751 2451 799 2515 (=
814 2454 958 2515 pontiacum
977 2471 1007 2503 ue
1025 2470 1107 2503 neonu-

149 2468 266 2585 mentis5¹
284 2516 394 2585 positae
407 2515 491 2581 (unde
503 2516 547 2569 ins
558 2516 744 2585 tripertitum:
757 2515 908 2583 privatum,
922 2471 1065 2584 publicum
1079 2518 1109 2569 et

150 2585 281 2652 suorum),
300 2583 420 2638 alterum
438 2600 543 2649 earum,
561 2599 633 2652 quae
652 2599 685 2637 ex
704 2585 764 2636 arte
777 2583 866 2651 magis
884 2583 1026 2659 profectae
1044 2586 1110 2637 sunt

150 2651 196 2719 (of.
221 2652 276 2707 Cio.
299 2667 351 2722 pro
373 2650 443 2711 Mur,
469 2658 518 2711 12.)
541 2666 653 2717 unoque
674 2651 787 2703 nomine
814 2649 948 2704 iuridrcae
971 2650 1109 2719 appellari

171 2720 276 2774 ossunt
312 2718 348 2772 Et
359 2718 423 2772 huic
437 2718 567 2771 divisioni
584 2718 644 2785 ipse
656 2718 792 2770 tractatus
804 2715 953 2770 bellissime
967 2718 1107 2771 convenit.

149 2736 276 2840 Brimum
306 2787 380 2840 enim
404 2791 427 2849 §-
447 2792 471 2837 2.
495 2784 654 2837 referuntur
678 2784 775 2847 notae,
803 2799 875 2849 quae
898 2789 924 2836 in
950 2791 1109 2838 monumentis

149 2858 256 2920 yrrrbiieis
279 2864 303 2906 et
326 2858 486 2906 historiarum
509 2855 582 2903 libris
604 2856 734 2917 sacrisque
757 2853 863 2917 publicis
885 2858 1056 2918 reperiuntur,
1078 2851 1108 2902 in

151 2920 252 2985 quibus
264 2923 468 2985 praenominibus
480 2917 585 2969 notatis
596 2915 702 2984 primus
713 2916 790 2969 locus
803 2917 898 2982 datur,
918 2920 951 2970 ut
961 2934 979 2970 a
999 2919 1107 2985 pareat,

150 2986 262 3037 tantum
280 2984 427 3037 brevitatis
445 2983 538 3035 studio
550 2983 765 3051 praenominum
782 2983 810 3036 in
823 2984 905 3038 huius
923 3002 960 3052 pa
990 2985 1011 3035 's
1028 2999 1108 3051 prae-

151 3050 259 3103 fatione
277 3050 408 3103 iteratam
430 3049 600 3102 mentionem
623 3050 727 3103 iactam
748 3066 804 3103 non
822 3067 891 3109 esse,
927 3051 970 3105 Ad
988 3050 1108 3104 alterum

151 3133 240 3236 &pus
259 3118 388 3183 spectant
405 3121 444 3179 §i-
462 3122 546 3170 3-s.
570 3116 611 3170 ita
628 3117 704 3170 utin
726 3122 749 3181 ξ,
768 3125 792 3172 3.
810 3118 898 3173 verba
917 3125 944 3172 in
965 3126 1020 3172 inre
1043 3123 1111 3171 ciuili

202 3198 286 3250 quarn
299 3182 409 3250 generis
422 3181 588 3250 significatio
604 3185 810 3251 praemittatur,
823 3185 899 3253 quod
910 3187 939 3239 in
952 3193 1029 3253 tepea,
1048 3190 1109 3253 lepis

151 3256 264 3304 actiones
277 3253 306 3301 et
318 3254 402 3302 edicta
413 3251 547 3317 tanquam
560 3249 589 3303 in
603 3267 667 3305 suas
684 3252 792 3320 speeies
805 3252 953 3306 diducitur.
983 3255 1110 3320 Apparet

223 3425 243 3493 ¹)
264 3429 324 3477 Sane
344 3429 410 3492 longe
430 3431 498 3480 aliter
511 3432 570 3480 baec
590 3433 758 3495 interpretatur
771 3432 918 3493 blomseacs,
938 3431 1016 3493 quiin
1035 3432 1108 3480 altera

152 3500 220 3550 Probi
236 3499 339 3547 editione
353 3501 422 3549 huius
437 3509 531 3550 nostrae
543 3503 657 3551 rationem
669 3517 714 3551 non
730 3501 818 3551 habuit.
848 3500 894 3548 Sed
909 3501 1010 3548 Probum
1022 3504 1109 3563 ponti-

147 3573 224 3635 ficum
238 3579 396 3621 monumenta
406 3579 576 3622 memorantem
590 3589 636 3623 non
651 3588 729 3622 sacra
739 3569 846 3634 publiea
856 3568 892 3634 (ut
901 3576 984 3632 postea
994 3584 1020 3617 se
1032 3571 1109 3631 ipsum

151 3639 339 3706 interpretatur),
354 3643 396 3690 sed
416 3643 475 3705 legis
490 3644 595 3693 actiones
617 3643 769 3701 intellexisse,
784 3653 842 3702 quas
862 3646 917 3687 tuno
936 3652 1006 3685 nemo
1020 3639 1068 3685 nisi
1082 3653 1109 3685 ex

150 3711 218 3762 libris
229 3713 287 3761 iuris
299 3713 374 3761 civilis
385 3714 489 3777 petebat,
497 3715 574 3776 iisque
585 3714 644 3763 aden
656 3713 714 3760 iuris
726 3709 801 3758 civilis
812 3708 885 3756 libros
896 3708 941 3756 hoc
952 3706 1022 3754 modo
1034 3722 1109 3768 oppo-

150 3783 236 3845 suisse,
251 3798 305 3832 crrm
319 3791 402 3848 postea
417 3785 477 3847 legis
490 3786 609 3835 actionum
622 3791 689 3832 nolas
699 3779 773 3829 adias
784 3778 852 3826 civile
865 3778 960 3838 referet,
971 3776 994 3824 in
1005 3777 1110 3825 enimam

150 3868 196 3904 non
210 3853 305 3903 induco.
