2378 4386
162 543 227 611 540
460 561 527 597 mou
544 560 640 597 euvou
658 560 729 596 seur.
750 541 782 596 V.
801 546 825 595 9.

164 693 262 766 duplos
284 684 408 749 tructus¹
430 697 568 764 praestare
589 689 770 763 compellitur.
808 688 891 744 lluius
907 681 1024 746 'sutem²
1039 706 1119 763 prse-

164 767 314 832 iudicium³
329 791 342 830 u
357 776 499 847 superiore
515 773 613 845 differt,
631 789 685 847 quo
702 773 851 846 quaeritur,
862 790 896 828 ou
909 787 939 828 ca
952 789 1007 846 res,
1019 773 1053 829 tle
1065 790 1120 848 qua

163 862 271 934 agitur,
293 852 400 915 malor⁴
421 859 458 914 sit
480 866 588 915 centum
610 859 757 925 sestertiis;
779 855 894 929 ideoque
917 858 942 912 in
966 857 1118 931 longiorem
1129 864 1179 914 iffi

163 943 234 999 diem
256 943 417 1014 concipitur.
463 939 492 999 2.
518 935 600 1014 8’(Αὶ»
621 957 667 1009 eo,
692 945 742 1014 qui
760 944 789 996 in
810 956 871 996 rent
891 945 964 1014 opit,
980 957 1043 998 cum
1062 959 1118 1015 pro

237 1088 257 1157 ¹)
272 1092 367 1141 Rerum
385 1092 573 1141 deminuturum
591 1089 636 1155 (cf.
653 1090 766 1154 interpr.
787 1092 822 1139 od
840 1091 863 1139 h.
880 1089 922 1155 l.),·
944 1107 1034 1141 earum
1051 1095 1119 1141 euim

160 1164 266 1227 fructus
279 1164 339 1213 dolo
351 1177 399 1212 suo
410 1178 461 1212 non
471 1163 569 1224 cepisse
579 1163 688 1211 uidetur.
710 1161 748 1224 Cf.
759 1175 779 1218 t,
790 1156 838 1212 1³¹³.
849 1163 871 1222 §-
882 1173 902 1212 s.
948 1158 1042 1227 ¹)enim
1054 1163 1118 1212 Cdd.

163 1234 221 1283 edd.
232 1240 309 1283 nutem
322 1232 365 1282 Cd.
376 1243 410 1283 ²1.
449 1229 470 1297 ⁸)
480 1232 551 1281 Hinc
561 1239 678 1295 apparet,
688 1232 755 1281 hanc
764 1232 953 1295 stipulationem
963 1233 1118 1297 pependisse

163 1320 179 1354 o
191 1303 357 1367 praeiudicio
372 1303 488 1366 quodam,
504 1304 530 1350 in
541 1317 590 1366 quo
600 1318 651 1352 non
661 1309 757 1366 quanto
767 1302 898 1351 hereditas
907 1310 980 1360 esset,
989 1303 1036 1352 sed
1044 1305 1082 1351 oli
1084 1304 1119 1353 ud

162 1375 285 1439 quiddam
309 1373 493 1437 quaerebatur,
517 1372 685 1435 Paullumque
712 1381 787 1421 antea
811 1372 843 1421 de
870 1374 924 1422 alia
950 1374 1118 1435 stipulatione

162 1446 254 1510 spisse,
270 1460 336 1511 quae
350 1451 401 1493 tum
415 1451 512 1493 tontum
527 1446 609 1493 locum
619 1442 734 1504 habebat,
743 1445 768 1491 si
778 1444 945 1505 praeiudicio
955 1445 1117 1505 pronuncia·

163 1522 214 1565 tum
233 1522 299 1576 erat,
318 1530 372 1564 rem
390 1516 511 1563 iuniorem
526 1512 576 1579 (uel
591 1529 641 1565 nou
656 1511 786 1577 minorem)
802 1528 856 1563 esse
871 1520 968 1563 centum
981 1514 1115 1564 sestertiis.

162 1584 218 1634 Iani
237 1585 306 1649 quod
324 1585 389 1634 illud
403 1585 596 1649 praeiudicium
615 1585 717 1641 attinet,
736 1586 812 1634 etium
830 1599 864 1633 ess
882 1583 913 1632 L.
930 1585 1117 1646 1s.ctt.pocee,

159 1662 307 1719 praetorem
318 1663 414 1704 tontum
424 1670 458 1703 ex
469 1669 548 1704 causa
560 1652 647 1703 iubere
661 1656 744 1703 solere
758 1654 824 1703 hanc
833 1656 1023 1717 stipulationem
1037 1655 1117 1703 inter·

162 1726 242 1788 poni:
256 1727 321 1774 etin
336 1724 368 1775 h.
379 1736 392 1776 s
402 1740 445 1788 pr.
461 1726 505 1773 cit.
519 1725 602 1772 simile
616 1724 679 1787 quid
692 1725 845 1773 intellectum
859 1739 922 1779 esse,
937 1723 1014 1774 rerba
1029 1720 1118 1788 ‘proe-

164 1803 205 1844 tor
219 1792 295 1843 enim’
313 1803 360 1845 etc.
371 1795 496 1858 produnt,
511 1793 602 1858 quibus
616 1795 731 1857 sopimur
746 1809 811 1858 quae
821 1794 858 1843 ibi
867 1795 1031 1857 praecedunt
1040 1795 1118 1843 uerba

164 1862 203 1914 ‘in
218 1866 284 1914 diem
299 1861 451 1930 lonqiarem’
469 1867 505 1912 ita
520 1865 652 1926 accipere,
668 1871 694 1911 ut
708 1879 737 1914 eo
751 1879 858 1928 sequens
874 1861 962 1912 ‘enim'
983 1866 1118 1927 respiciat,

163 1938 238 2000 quasi
251 1937 347 1984 dictum
363 1943 428 1983 essct
444 1932 553 1984 ‘tuntum
567 1935 594 1981 in
609 1935 749 2000 lonpiorem
763 1932 850 1984 diem’.
880 1933 990 1983 Eisone
1005 1937 1031 1983 in
1046 1935 1118 1984 orbi-

162 2008 214 2056 trio
229 2007 364 2070 praetoris
382 2011 453 2061 erat,
476 2011 558 2051 utrum
582 2006 637 2066 ipse
658 2006 846 2069 coquoscendo,
868 2005 936 2068 quod
956 2004 1118 2054 Iustinioaus

162 2075 195 2125 1,.
210 2087 231 2127 1.
245 2077 269 2138 g.
284 2087 305 2126 s.
330 2074 362 2123 D.
381 2075 413 2122 de
430 2076 490 2136 stip.
506 2081 593 2136 praet.
613 2072 661 2136 (ts,
676 2076 698 2137 t)
717 2077 742 2124 ei
759 2077 839 2125 solum
860 2077 1022 2138 reliquitur
1037 2091 1116 2138 prae-

163 2147 261 2196 iudicio
276 2160 328 2194 rem
339 2146 465 2205 conficere
475 2145 556 2192 uellet.
581 2143 638 2193 Hoc
649 2159 708 2195 uero
720 2145 911 2207 praeiudicium
922 2147 958 2194 ito
969 2154 1117 2208 conceptum

160 2217 252 2279 fuisse,
267 2230 301 2264 an
317 2216 420 2277 lonqior
433 2213 564 2263 uideretur
578 2215 634 2263 dies
647 2215 816 2273 condicionis,
829 2215 876 2264 sub
890 2232 940 2280 qua
954 2215 1029 2265 heres
1044 2218 1117 2265 iusti·

163 2292 232 2333 tutus
242 2291 307 2341 erut,
318 2284 424 2347 ideoque
434 2285 510 2332 etiam
516 2286 688 2347 possessionis
699 2287 765 2333 iuris
775 2287 870 2335 incerti
879 2288 905 2334 ei
913 2286 1024 2347 dandae,
1037 2286 1117 2336 Poul-

164 2356 242 2402 lueet
256 2353 279 2401 h.
296 2355 311 2401 i.
327 2360 352 2402 et
366 2352 398 2402 L.
413 2365 478 2416 spr.
499 2355 541 2403 cit.
562 2354 649 2405 dicere
669 2355 784 2411 videtum·
802 2357 827 2404 si
844 2358 909 2404 enim
928 2358 1032 2421 lonqior
1050 2364 1116 2415 erat,

140 2463 143 2466 .
163 2424 230 2474 uelut
240 2424 401 2473 condicionis
410 2421 445 2473 ‘si
455 2427 545 2474 consul
551 2426 641 2486 sactus
650 2422 721 2483 erit’,
732 2428 873 2488 captiosum
882 2428 937 2476 sine
946 2427 1117 2476 satisdatione

165 2495 274 2543 maxime
288 2492 319 2543 ob
331 2495 437 2555 fruetus
451 2511 538 2543 rerum
552 2497 723 2544 alienatarum
735 2496 870 2546 substituto
882 2497 959 2559 petor
969 2497 1116 2560 beneficium

161 2565 333 2627 possessionis
349 2567 464 2615 instituto
480 2566 555 2614 datae
561 2582 570 2621 ,·
584 2568 608 2614 si
622 2568 712 2623 tainus,
728 2569 794 2616 uelut
808 2569 835 2615 in
848 2566 899 2615 hac
913 2568 1065 2617 condicione
1081 2564 1117 2616 ‘si

163 2636 234 2683 intra
248 2642 369 2699 quattuor
384 2650 480 2684 menses
495 2644 676 2685 monumentum
691 2637 752 2685 mihi
763 2633 869 2699 fecerit’
882 2639 1036 2688 calumniose
1046 2638 1116 2687 oide-

162 2703 239 2754 batur
257 2704 409 2756 substitutus
426 2709 491 2756 satis
507 2713 609 2768 petere,
627 2720 698 2770 quem
716 2709 784 2756 alius
802 2707 973 2756 antecedebat.
1010 2707 1042 2757 ln
1056 2707 1116 2757 Mu·

164 2777 257 2825 cianoe
272 2778 400 2826 cautionis
415 2777 589 2834 condiciones,
603 2792 667 2840 quae
681 2792 779 2839 semper
789 2778 929 2841 lonqiorem
938 2778 1003 2826 diem
1012 2777 1115 2840 habent,

163 2846 212 2896 hoc
231 2847 370 2896 discrimen
389 2861 439 2894 non
459 2846 574 2896 cadebat.
603 2847 694 2895 Altera
714 2849 846 2911 stipulatio
857 2848 972 2909 sortasse
984 2848 1117 2912 spectabat

165 2918 310 2966 missionem
323 2931 358 2965 ex
367 2916 451 2966 edicto
462 2915 493 2964 D.
504 2916 638 2966 Hadriani
642 2932 652 2971 ,·
667 2932 745 2980 neque
754 2919 820 2966 enim
829 2919 884 2966 sine
895 2920 996 2967 ratione
1004 2919 1116 2975 dicetur,

163 2986 304 3035 cauendum
316 2986 399 3047 fuisse
413 2987 534 3050 lepitimis
548 2986 684 3036 heredibus
698 2985 730 3035 ob
744 3002 782 3044 eo,
796 2989 841 3051 qui
854 2987 1012 3047 mittebatur,
1026 2991 1051 3038 si
1060 2989 1115 3051 sai·

162 3070 217 3104 sum
232 3057 316 3103 alioue
335 3056 408 3104 modo
427 3058 518 3104 inutile
537 3056 671 3106 dicebatur
689 3063 861 3105 testamentum
876 3057 907 3122 (s,
921 3068 941 3110 t.
961 3060 984 3121 §-
1000 3057 1051 3122 tt),·
1067 3059 1116 3106 sed

162 3131 214 3173 tum
228 3124 325 3173 demum
340 3124 486 3184 cavebatur,
501 3128 525 3176 si
538 3129 595 3176 iure
609 3126 760 3176 mittebatur.
790 3126 860 3177 tinae
874 3144 909 3177 ccc
922 3129 947 3178 h.
962 3131 979 3178 l.
993 3131 1116 3192 consequi

162 3195 265 3243 uidetur
280 3209 329 3245 non
346 3197 373 3244 id
387 3198 487 3259 quidem
502 3199 657 3255 necessario,
673 3201 835 3248 centenarias
849 3205 946 3247 tantum
960 3199 1119 3250 hereditates

161 3264 297 3314 vicesimae
321 3265 448 3316 obnoxias
468 3268 552 3329 foisse
577 3266 638 3331 (uid.
658 3267 716 3315 libr.
735 3283 814 3317 meum
834 3266 941 3318 ‘Gaius'
957 3285 986 3333 p.
1004 3269 1050 3335 ει),
1068 3271 1116 3319 sed

162 3335 273 3384 edietum
287 3335 319 3384 D.
330 3336 465 3386 Hadriani
479 3344 576 3386 tantum
589 3338 625 3386 ad
637 3337 685 3386 hos
699 3338 854 3388 hereditates
865 3341 1031 3402 pertinuisse,
1047 3340 1116 3404 quod

160 3411 186 3455 et
199 3409 325 3456 rationem
339 3407 421 3463 hobet,
437 3422 535 3471 quoque
548 3414 666 3470 spectare
680 3409 799 3457 uidentur
813 3408 932 3474 ambapes
942 3412 1002 3459 illae
1012 3417 1036 3459 et
1045 3411 1114 3473 dish·

160 3477 281 3535 cultates,
302 3478 334 3526 de
353 3477 443 3541 quibus
462 3480 603 3541 imperator
620 3480 738 3542 queritur
757 3481 784 3527 in
803 3478 834 3529 L.
851 3490 871 3530 t.
896 3479 922 3528 G.
938 3480 968 3528 de
983 3481 1067 3531 edicto
1082 3480 1114 3528 D.

160 3546 246 3596 Hadr.
262 3547 294 3612 (s,
308 3547 353 3607 ts).
384 3548 499 3596 Ceterum
517 3549 571 3596 alia
590 3550 674 3598 omnia
692 3551 807 3597 sentiunt
824 3550 856 3597 de
870 3549 894 3597 h.
910 3551 926 3598 l.
944 3549 1064 3614 liudorff.
1080 3550 1117 3599 ad

160 3616 277 3666 Puchtae
295 3616 359 3666 Inst.
379 3616 431 3666 III.
451 3620 474 3678 ἕ.
494 3628 540 3669 sto.
557 3633 584 3681 p.
603 3630 650 3670 stt.
675 3618 742 3667 Hist.
763 3620 813 3667 iur.
834 3618 871 3667 ΙΙ.
887 3634 914 3681 p.
935 3632 981 3670 121.
1001 3632 1049 3672 ist.
1066 3631 1113 3672 tlt.

161 3684 189 3736 0.
204 3687 295 3736 Butam
308 3688 340 3736 de
355 3688 502 3749 praeiudic.
516 3689 594 3748 torm.
606 3704 633 3751 p.
649 3699 682 3740 tt.
738 3686 760 3753 ¹)
775 3689 851 3738 Alios
864 3693 1009 3753 quaeritur,
1023 3706 1057 3740 on
1072 3705 1116 3740 res

159 3771 210 3806 non
225 3758 457 3812 retunderetur·
473 3758 529 3806 Gai.
544 3769 565 3819 s,
580 3770 626 3808 mc.
645 3771 666 3817 s,
680 3770 714 3809 cs,
733 3771 754 3815 c,
770 3771 801 3809 u.
818 3771 851 3810 us.
916 3757 938 3825 ο)
955 3760 992 3823 Cf.
1010 3760 1076 3810 fest.
1091 3777 1113 3809 o.

163 3825 303 3874 Vindictae
313 3840 341 3888 p.
356 3836 403 3876 sto.
423 3840 504 3888 supra
519 3839 539 3885 1,
555 3824 601 3878 18⁶.
621 3830 643 3890 9.
658 3840 679 3880 s.
699 3828 730 3877 L.
747 3841 765 3878 1.
793 3829 836 3880 Th.
853 3828 879 3878 G.
895 3829 927 3877 de
939 3831 1021 3891 fruet.
1037 3836 1061 3879 et
1075 3831 1113 3879 lit.

157 3910 216 3959 erp.
232 3893 264 3959 (4,
279 3896 321 3959 18).
338 3895 370 3943 L.
387 3911 427 3943 un.
443 3894 486 3944 Th.
503 3896 528 3945 C.
544 3898 576 3946 de
590 3912 661 3947 usur.
675 3901 716 3948 rei
730 3899 783 3947 iud.
794 3898 825 3964 (e,
837 3897 881 3963 ts).
901 3898 1018 3950 Arribros.
1029 3915 1068 3965 ep.
1079 3912 1114 3952 eo.
