2378 4386
75 580 80 591 .
167 552 208 609 52
507 559 533 595 u.
553 559 663 594 cremus
682 558 781 593 cresso.

167 687 219 743 lius
235 686 267 741 ad
281 683 431 741 custodiam
445 684 528 755 iguis,
544 691 572 738 et
587 684 705 739 sentiant
719 683 846 738 mulieres
861 684 889 738 in
903 678 991 756 (illis),
1007 693 1128 741 naturam

166 769 326 825 seminarum
342 783 448 823 omnem
464 768 615 822 castitatem
629 767 694 840 pati.

229 848 282 909 80.
306 850 384 919 Quod
399 851 522 923 sequitur
536 866 619 920 uero,
641 866 696 905 non
718 849 806 905 solum
822 848 853 904 ad
869 850 1031 923 religionem
1045 854 1129 924 perti·

167 944 224 1006 net,
239 935 287 991 sed
301 937 381 990 etiam
396 933 429 989 ad
440 934 557 990 ciuitatis
572 942 683 1004 statum,
698 942 729 988 ut
740 935 798 988 sine
810 934 853 1005 iis,
870 935 915 1005 qui
927 935 1009 989 sacris
1022 933 1128 1007 publice

166 1020 304 1093 praesint,
324 1018 450 1091 religioni
464 1020 586 1091 priuatae
600 1018 666 1074 satis
682 1017 772 1073 lacere
787 1033 842 1072 non
862 1019 985 1090 possint3
1006 1020 1129 1074 continet

166 1104 238 1159 enim
253 1118 310 1157 rem
324 1099 468 1174 publicam,
488 1102 603 1157 consilio
619 1109 647 1157 et
661 1102 823 1158 auctoritate
838 1102 1007 1174 optimatium
1022 1119 1129 1176 semper

166 1185 297 1261 populum
324 1185 455 1258 indigere.
493 1184 695 1259 descriptioque
722 1183 893 1241 sacerdotum
915 1184 1019 1241 nullum
1041 1187 1128 1243 iustae

166 1270 307 1344 religionis
330 1285 418 1343 genus
439 1271 640 1342 praetermittit.
677 1284 737 1323 nam
760 1268 879 1324 suntad
902 1268 1045 1342 placandos
1060 1271 1127 1327 deos

167 1352 213 1410 alil
227 1353 381 1424 constituti,
396 1353 442 1426 qui
455 1355 538 1409 sacris
547 1353 668 1425 praesint
678 1351 864 1422 sollemnibus,
879 1352 913 1408 ad
923 1354 1126 1426 interpretanda

167 1439 212 1495 alii
226 1438 363 1512 praedicta
378 1439 495 1509 uatium,
511 1452 598 1508 neque
613 1435 769 1505 multorum,
786 1452 821 1491 nc
834 1445 907 1492 essct
922 1435 1064 1507 inlinitum,
1081 1454 1127 1493 ne-

167 1539 221 1596 que
238 1530 269 1578 ut
283 1539 314 1578 ea
330 1523 398 1597 ipsa,
419 1537 487 1594 quae
502 1528 628 1592 suscepta
642 1518 749 1594 publice
764 1529 872 1589 essent,
895 1523 1037 1595 quisquam
1053 1530 1128 1577 entra

167 1606 321 1679 conlegium
340 1612 445 1662 nosset.
480 1601 523 1663 at
547 1605 689 1659 maximum
709 1613 799 1660 autem
821 1613 849 1660 et
867 1607 1127 1678 praestantissimum

166 1691 194 1744 lo
215 1705 246 1744 ro
267 1687 374 1762 publica
395 1691 438 1744 ius
460 1698 503 1744 est
524 1704 657 1762 augurum
679 1704 738 1743 eum
761 1691 922 1744 auctoritate
944 1691 1128 1746 coniunctum.

166 1789 256 1847 neque
270 1788 337 1828 uero
352 1773 416 1843 boe,
436 1775 498 1846 quia
513 1788 573 1827 sum
587 1773 646 1845 ipse
661 1788 759 1844 augur,
779 1774 817 1828 ita
832 1774 931 1842 sentio,
946 1773 995 1829 sed
1011 1776 1073 1847 quia
1088 1776 1129 1830 sic

167 1859 317 1912 existimare
339 1873 390 1912 nos
412 1863 456 1910 est
476 1871 597 1912 necesse.
628 1854 692 1928 quid
707 1857 778 1910 enlm
793 1858 877 1910 malus
898 1866 948 1925 est,
970 1859 994 1911 si
1015 1857 1048 1912 de
1067 1860 1128 1912 inre

167 1941 331 2013 quaerimus,
353 1955 433 2011 quam
453 1954 564 2013 possea
578 1939 689 1994 summis
704 1939 823 2011 imperiis
838 1948 866 1996 et
880 1942 991 1994 summis
1006 1950 1127 2011 potesta·

166 2023 238 2079 tibus
261 2023 414 2078 comitiatus
436 2032 465 2079 ct
486 2022 599 2079 concilia
620 2022 665 2078 uel
680 2023 805 2077 instituta
819 2022 961 2079 demittere
977 2022 1022 2078 uel
1036 2024 1128 2080 babita

165 2105 336 2163 rescindere?
358 2105 423 2180 quld
438 2108 549 2180 grauius
564 2123 643 2180 quam
658 2121 714 2161 rem
729 2114 882 2178 susceptam
898 2107 997 2179 dirimi,
1018 2109 1041 2161 si
1057 2124 1126 2163 nnus

165 2207 255 2265 augur
270 2189 334 2246 ‘allo
352 2185 428 2264 (die)’
444 2190 560 2246 dixeriti
579 2189 644 2264 quid
659 2188 872 2262 magnificentius
887 2207 969 2261 quam
984 2206 1066 2264 posse
1080 2192 1127 2248 de·

165 2291 288 2346 cernere,
311 2283 342 2329 ut
362 2276 522 2348 magistratu
544 2290 573 2330 se
593 2273 717 2330 abdicent
731 2274 875 2331 eonsules?
896 2274 961 2349 qnid
972 2275 1127 2348 religiosius

166 2374 245 2433 quam
260 2373 321 2413 cum
336 2348 452 2432 po‘pulo,
467 2375 528 2414 enm
540 2357 619 2432 plebe
631 2357 729 2432 agendi
741 2359 783 2413 ius
794 2368 841 2414 aut
852 2359 915 2415 dare
927 2368 973 2415 aut
984 2375 1040 2416 non
1051 2359 1126 2432 dare,

165 2441 229 2515 quid
245 2440 320 2514 leges
336 2458 391 2497 oon
406 2444 464 2499 iure
479 2451 589 2517 rogatas
604 2443 713 2515 tollere,
729 2451 759 2497 ut
770 2443 865 2499 Titiam
881 2443 991 2500 decreto
1006 2444 1126 2517 conlegi,

165 2534 196 2581 ut
206 2524 295 2581 Liuias
306 2526 419 2582 consilio
430 2526 555 2602 Philippi,
570 2525 691 2584 consulis
702 2534 730 2582 et
741 2530 864 2602 auguris,
881 2528 948 2584 nibil
959 2528 1040 2598 domi,
1059 2528 1125 2584 nibil

163 2609 272 2666 militiae
293 2626 343 2684 per
364 2613 537 2685 magistratus
557 2620 665 2686 gestum
685 2612 743 2667 sine
759 2628 852 2668 eorum
868 2612 1029 2669 auctoritate
1043 2628 1126 2685 posse

164 2696 287 2768 cuiquam
303 2694 428 2769 probari?

226 2779 291 2836 lllll.
312 2774 359 2836 32.
380 2783 416 2837 A.
440 2783 508 2853 Age,
530 2782 581 2835 iam
604 2781 654 2847 ista
677 2776 756 2832 uideo
779 2777 922 2848 fateorque
943 2794 1003 2834 esse
1019 2796 1124 2853 magna,

163 2871 206 2918 set
227 2865 254 2916 in
276 2861 404 2934 conlegio
427 2871 521 2917 uestro
541 2865 614 2916 inter
635 2857 788 2914 llarcellum
810 2869 838 2914 et
860 2862 984 2933 Appium,
1007 2865 1125 2933 optimos

163 2960 292 3016 augures,
315 2959 411 3015 magna
434 2944 566 2999 dissensio
591 2941 661 3015 (nam
684 2957 777 2996 eorum
799 2958 852 3014 ego
875 2944 902 2996 in
922 2942 1005 2997 libros
1021 2945 1124 3014 incidi),

164 3042 224 3082 cum
241 3024 319 3080 alteri
339 3025 445 3098 placeat
464 3027 583 3099 auspicia
600 3026 650 3081 ista
666 3025 698 3080 ad
714 3024 858 3079 utilitatem
874 3040 934 3079 esse
949 3024 1125 3097 reipublicae

164 3110 329 3182 composita,
357 3107 436 3163 alteri
463 3108 603 3181 disciplina
630 3116 720 3164 uestra
747 3109 822 3179 quasi
851 3108 963 3164 diuinari
986 3106 1124 3166 uideatur¹

163 3208 259 3266 posse:
276 3191 325 3247 bae
340 3199 369 3245 tu
384 3190 418 3246 de
433 3209 463 3247 re
480 3208 580 3265 quaero
596 3191 659 3264 quid
676 3192 785 3246 sentias.

227 3274 267 3329 M.
290 3274 402 3348 Egone?
424 3274 624 3343 diuinationem,
649 3291 728 3347 qnam
751 3275 844 3331 Graeci
864 3267 1011 3352 μαντικήν
1032 3281 1124 3354 appel*

163 3358 230 3431 lant,
250 3374 311 3414 esse
325 3359 415 3413 sentio
429 3368 457 3414 et
472 3359 552 3414 bunius
568 3359 637 3414 bane
651 3360 734 3431 ipsam
748 3369 863 3433 partem,
884 3379 953 3435 qnae
968 3365 1052 3419 estin
1068 3367 1124 3420 aui·

163 3441 214 3498 bus
236 3443 390 3514 ceterisque
411 3444 497 3516 signis
517 3442 672 3516 disciplinae
691 3451 809 3503 nostrae.
847 3446 870 3501 si
890 3449 959 3503 enim
981 3448 1047 3503 deos
1062 3466 1124 3505 esse

164 3527 336 3582 concedimus
358 3541 508 3601 eorumque
531 3535 621 3583 mente
642 3529 770 3584 mundum
792 3532 851 3603 regi
872 3539 900 3586 et
915 3532 1024 3587 eosdem
1037 3533 1123 3588 laomi-

163 3626 227 3665 num
248 3609 390 3666 consulere
412 3612 506 3684 generi
526 3620 553 3668 et
573 3629 654 3685 posse
674 3612 753 3669 nobis
772 3615 849 3688 signa
864 3632 954 3672 rerum
969 3616 1123 3672 futurarum

163 3694 318 3765 ostendere,
333 3710 387 3749 non
404 3695 500 3766 uideo,
518 3713 567 3753 eur
581 3713 640 3752 esse
655 3697 846 3756 diuinationem
862 3716 967 3774 negem.
997 3696 1045 3760 33.
1059 3709 1123 3758 sunt

236 3872 256 3940 ¹)
272 3875 378 3924 diuinare
393 3877 518 3928 uideantur
531 3879 570 3927 ed.
591 3878 622 3928 V.
