2378 4386
179 529 242 592 212
473 546 535 580 nnn
554 544 653 579 rnsnrr.
672 524 692 581 1.
712 528 854 579 158-161.

179 686 264 763 pubes
283 687 393 742 fratrem
414 686 543 758 puberem
566 692 614 739 sut
635 693 762 757 patruum
784 682 1022 751 hebet-tutorem
1046 685 1143 741 semina

180 786 246 825 uero
270 769 349 824 telem
373 766 471 823 hebere
494 777 612 822 tutorem
628 783 683 822 nou
706 775 808 838 potest.
846 765 911 823 158.
929 767 977 822 Set
991 771 1143 841 agnationis

179 852 289 926 quidem
304 853 345 906 ius
364 851 458 924 cepitis
474 850 652 907 diminutione
673 852 815 924 perimitur
830 853 1002 924 cognationis
1018 869 1084 908 uero
1100 856 1142 910 ius

179 953 213 992 eo
225 935 306 990 modo
317 951 373 990 non
384 926 581 998 comminutum
598 937 661 1007 quis
679 935 766 992 ciuilis
781 937 850 992 ratio
862 935 949 991 ciuilis
963 935 1072 1008 quidem
1085 940 1143 993 iura

178 1034 353 1092 eorrumpere
370 1027 472 1092 potest,
491 1020 623 1076 naturalis
637 1036 703 1076 uero
715 1036 771 1076 non
788 1030 889 1094 potest.
917 1016 981 1076 lue.
994 1021 1041 1075 Est
1053 1032 1143 1077 sutem

180 1104 277 1175 eapitis
285 1103 428 1159 diminutio
436 1104 534 1176 prioris
548 1098 664 1161 'stutus¹
676 1106 855 1179 permutatio:
870 1103 1047 1178 esquetribus
1056 1107 1142 1161 modis

179 1187 289 1243 accidit:
303 1204 364 1243 nem
377 1196 423 1243 eut
436 1190 547 1244 maxims
559 1198 602 1244 est
615 1191 713 1264 cupitis
725 1189 877 1258 diminutio,
895 1198 942 1244 sut
954 1190 1050 1257 minor,
1064 1207 1143 1261 quum

179 1271 288 1346 quidum
301 1272 413 1329 medium
424 1282 533 1347 uocant,
545 1282 591 1329 sut
603 1275 718 1330 minima.
741 1268 810 1331 160.
821 1273 930 1329 Maxima
943 1280 984 1328 est
997 1275 1091 1346 ospitis
1104 1274 1142 1330 di·

179 1357 305 1428 minutio‚
322 1373 383 1413 cum
402 1357 499 1430 aliquis
515 1356 596 1414 slmul
615 1369 644 1415 et
659 1360 798 1415 ciuitatem
815 1367 843 1414 et
860 1357 1010 1414 libertatem
1026 1360 1143 1424 amittit,

120 1456 163 1504 24.
181 1441 262 1514 'quse
277 1441 373 1497 eccidit
387 1444 516 1514 incensis,
537 1446 584 1516 qui
600 1460 632 1499 er
647 1443 732 1500 iorms
748 1438 875 1517 censuuili
892 1443 986 1498 uenire
999 1443 1141 1497 iubentur:
1158 1452 1185 1502 tu

116 1524 134 1562 ¹·
148 1532 165 1561 ⁸·
180 1526 254 1600 quod
266 1528 308 1583 ius
321 1528 428 1600 pridem
440 1527 626 1584 desuetudine
637 1527 780 1593 nboilitum
793 1534 845 1583 est.
862 1529 982 1583 eundem
989 1531 1145 1597 potiuntur

100 1620 103 1625 ’
179 1610 1144 1687 dediticiiexlegeAelituSentia,quicontmesmlegeminurbelioms

180 1695 346 1751 domicilium
359 1695 516 1771 habuerint3
531 1700 595 1754 item
610 1699 734 1766 luminae,
747 1713 815 1770 quae
828 1714 859 1753 ex
870 1705 979 1752 senatus
986 1689 1128 1751 consulto²
1140 1705 1145 1759 t

180 1779 325 1836 Claudiano
337 1781 450 1836 ancillae
461 1780 530 1837 liunt
542 1798 635 1837 eorum
648 1781 832 1851 dominorum,
844 1779 942 1853 quilius
955 1782 1048 1835 inuitis
1060 1789 1087 1835 et
1100 1780 1146 1835 de·

181 1864 367 1921 nuntiantibus
387 1864 485 1922 ’nihilo
507 1859 611 1921 miuus⁸
626 1881 687 1921 cum
707 1867 795 1920 seruis
814 1880 908 1920 eorum
928 1867 1053 1920 coierint.
1084 1860 1145 1921 161.

181 1948 268 2004 lliuor
283 1951 342 2004 siue
358 1949 444 2004 medis
460 1958 502 2006 est
520 1951 615 2021 cupitis
631 1949 792 2019 diminutio,
814 1965 874 2005 cum
891 1951 987 2004 ciuitas
1002 1950 1145 2020 amittitur,

182 2030 291 2089 libertus
306 2035 451 2095 retinetur;
469 2033 542 2106 quod
562 2032 658 2089 eccidit
669 2035 702 2103 ei,
718 2035 844 2105 cuisque
864 2041 891 2089 et
903 2035 960 2106 igni
973 2032 1144 2089 interdictum

181 2132 392 2139 ——.-.—-—

256 2163 275 2230 ¹)
289 2166 375 2229 cupitis
396 2166 422 2214 0.
447 2165 564 2215 dubitari
573 2174 667 2230 potest,
683 2183 741 2215 num
752 2182 802 2230 per
816 2182 946 2221 erroreum
963 2167 1010 2214 sed
1022 2167 1057 2228 cs.
1073 2166 1145 2228 infre

181 2238 230 2286 loc.
242 2237 341 2299 parali.
395 2233 415 2298 ¹)
429 2235 504 2286 Haec
519 2238 675 2300 omniafere
689 2237 814 2287 debentur
831 2234 884 2294 Vfli,
899 2239 952 2286 nisi
966 2237 1034 2301 quod
1047 2236 1146 2286 oblitte-

181 2312 299 2355 raturum
313 2305 472 2368 probabilem
490 2322 592 2356 sensum
609 2310 791 2370 supplementis
813 2310 967 2372 sipnificnoi.
1006 2323 1053 2357 nee
1072 2307 1147 2356 dudi·

182 2379 248 2433 taui,
272 2377 380 2424 aiterum
404 2380 546 2441 exemplum
564 2380 684 2428 similiter
703 2395 735 2429 ac
757 2381 861 2429 tertium
884 2380 920 2427 od
942 2381 984 2427 ius
1002 2380 1095 2428 lectori
1113 2394 1147 2427 en

180 2446 360 2510 superioribus
375 2448 425 2497 inm
440 2451 570 2515 copnitum
585 2450 691 2513 ideoque
706 2453 789 2499 minus
799 2457 923 2499 accurate
936 2450 979 2498 tic
989 2451 1147 2512 descriptum

180 2525 307 2582 spectare,
317 2527 384 2582 puto
399 2520 435 2569 ud
448 2522 586 2571 dediticios
596 2536 630 2569 ex
644 2523 699 2586 iepe
710 2522 787 2570 Aelio
797 2522 886 2570 Sentio
902 2522 1048 2570 vendendos
1058 2520 1090 2585 (t,
1101 2520 1147 2585 nt),

181 2605 245 2654 quoe
263 2605 414 2654 quatrionem
432 2594 502 2642 ciues
521 2593 617 2641 nullius
636 2593 749 2641 ciuitatis
767 2595 819 2641 sint
835 2591 905 2656 (Uip.
924 2603 962 2652 2ο,
983 2589 1033 2655 18),
1049 2589 1154 2640 uerum?

181 2668 263 2710 tamen
279 2662 333 2709 iuri
352 2663 424 2712 ciuili
442 2663 513 2714 Rom.
528 2662 638 2712 sirbiecti
652 2661 683 2726 (a,
699 2661 743 2725 rt),
763 2664 899 2712 maximam
918 2665 1012 2725 cupitis
1032 2663 1147 2711 deminu-

181 2733 274 2782 tionem
284 2735 345 2796 peti
358 2736 452 2800 negari
466 2751 515 2785 non
527 2741 620 2798 potest.
651 2733 715 2782 Nam
729 2735 761 2783 de
776 2736 831 2799 lepe
842 2732 918 2782 Iunio
932 2736 972 2781 nel
982 2733 1068 2795 Pupia
1081 2733 1145 2795 (Cic.

181 2803 214 2851 de
228 2804 272 2865 off.
287 2815 308 2864 8,
322 2802 360 2869 tr)
375 2807 415 2853 uel
434 2806 466 2854 de
484 2807 601 2854 aerariis
615 2808 654 2854 uel
672 2806 704 2854 de
718 2805 771 2863 dis,
791 2806 836 2869 qui
854 2805 880 2852 in
898 2804 1026 2852 Caeritum
1046 2803 1148 2852 tabulas

182 2873 371 2935 reserebantur,
392 2877 506 2939 cognituri
520 2892 570 2925 non
585 2892 676 2939 posse,
696 2891 746 2925 non
766 2884 804 2925 eet
822 2876 891 2939 quod
908 2875 1071 2938 disputemus.
1103 2875 1146 2923 Ce-

182 2950 263 2991 terum
282 2953 404 3007 apparet,
426 2945 517 2994 Gaium
532 2955 642 3008 praeter
664 2949 705 2996 ius
728 2949 860 3010 antiquum
882 2947 932 2994 inm
951 2946 1085 3003 obolitum,
1104 2945 1148 2994 cui

183 3029 259 3061 renum
274 3017 416 3077 exemplum
430 3016 577 3079 sufficiebat
591 3017 738 3083 (cs.1‚1st),
753 3034 788 3067 ee
797 3034 826 3068 eo
842 3019 908 3073 iure,
923 3018 992 3081 quod
1006 3019 1033 3065 in
1044 3031 1090 3064 usu
1101 3022 1147 3073 eet,

182 3085 234 3133 duo
248 3086 365 3148 exrnrpla
379 3086 482 3148 referre
497 3089 620 3149 uoluisse,
635 3105 720 3147 unum,
735 3105 794 3154 quo,
814 3095 940 3144 niunden,
955 3088 1065 3151 publici,
1084 3088 1147 3135 alte·

182 3171 247 3215 rum,
263 3170 312 3219 quo
327 3170 391 3205 nouo
407 3159 464 3206 iure
475 3160 577 3220 priuati
590 3161 716 3210 commodi
727 3176 807 3210 eurise
817 3161 929 3208 monimo
941 3175 997 3222 cop.
1009 3159 1148 3208 deminutio

182 3226 324 3275 accidebat.
349 3226 387 3275 De
398 3229 452 3292 Iepe
463 3228 540 3278 Aeliu
550 3229 640 3279 Sentio
648 3232 672 3280 li.
684 3234 700 3280 i.
711 3234 757 3295 opi
766 3239 836 3281 recte
845 3232 922 3279 etium
931 3230 1045 3279 Mommo.
1057 3236 1148 3279 contro

182 3295 268 3362 Kritp.
283 3299 389 3356 censuit,
405 3315 549 3364 quanquam
565 3304 590 3350 in
605 3303 776 3352 resarciendo
791 3304 910 3352 oratione
929 3316 976 3350 nec
996 3309 1089 3350 cantus
1102 3314 1149 3347 nec

179 3369 257 3430 setin.
279 3368 317 3431 Cf.
333 3370 369 3418 od
387 3383 407 3432 1,
422 3382 447 3420 27
462 3378 559 3421 notato.
617 3369 638 3439 ¹)
654 3373 757 3422 dominis
774 3373 800 3422 C.
821 3381 848 3421 ut
860 3374 987 3437 plessemo
1002 3373 1095 3421 onrittit
1109 3370 1148 3418 ed.

182 3438 255 3488 Stud.
275 3441 321 3488 sed
333 3443 401 3504 sipia
413 3442 509 3502 fraudi
519 3444 580 3505 fuit.

191 3521 369 3528 —-.

254 3540 279 3611 fi.
296 3547 355 3595 158.
371 3569 404 3588 =
419 3549 442 3608 §-
458 3559 478 3597 u.
499 3547 521 3596 Ι.
537 3550 569 3598 de
583 3553 631 3614 lep.
648 3545 867 3612 upn.tut.(1,1u).
889 3546 927 3607 Cf·
941 3546 1014 3606 insta
1029 3556 1049 3601 8,
1064 3554 1097 3594 2⁷·
1113 3555 1147 3593 51.

187 3614 242 3676 Ulp.
259 3627 292 3676 11,
306 3627 328 3665 8.
343 3643 376 3651 —
392 3615 424 3665 L.
439 3630 459 3668 8.
485 3618 517 3667 D.
532 3619 564 3667 de
579 3635 635 3683 cup.
651 3620 711 3666 min.
726 3620 758 3682 (t,
773 3619 804 3679 o).
829 3615 861 3663 L.
877 3627 897 3664 8.
922 3614 954 3660 D.
970 3615 1002 3661 de
1022 3629 1076 3673 rep.
1097 3615 1148 3659 iun.

183 3684 228 3750 (ou,
244 3684 288 3748 ιτ).
360 3683 385 3754 fi.
403 3691 461 3738 159.
478 3689 650 3752 =pr.1.de
669 3702 726 3750 cap.
742 3688 830 3735 dimin.
846 3685 878 3749 (1,
894 3684 937 3744 le).
969 3683 1007 3744 Cf.
1023 3682 1054 3729 L.
1070 3694 1090 3731 1.
1116 3682 1148 3729 Ι).

183 3755 238 3804 eod.
258 3754 295 3820 (t,
315 3756 346 3820 s).
370 3756 459 3808 Boeii.
474 3759 511 3807 ad
526 3759 578 3808 Cic.
603 3757 663 3821 Pop.
682 3769 708 3817 t,
728 3767 761 3807 re.
776 3772 804 3818 p.
820 3767 866 3805 sm.
891 3751 959 3801 Bait.
980 3751 1035 3813 Uip.
1056 3765 1095 3812 11,
1115 3763 1148 3802 16.

182 3822 209 3893 §-
226 3828 285 3876 160.
302 3826 340 3888 Os.
356 3829 379 3889 ξ.
396 3841 415 3880 1.
436 3828 458 3877 I.
473 3828 530 3878 eod.
549 3827 605 3890 Uin
621 3839 703 3889 11,11.
722 3841 804 3889 supra
821 3827 861 3887 ἓξ.
872 3834 995 3874 ornnes.
1047 3819 1072 3890 ξ.
1090 3826 1149 3873 181.

183 3919 217 3938 =
232 3900 255 3958 ἕ.
271 3910 291 3948 2.
312 3898 334 3946 Ι.
349 3899 405 3948 eod.
427 3898 465 3960 Cf.
486 3897 541 3960 Uip.
557 3911 590 3959 11,
606 3909 638 3948 12.
658 3911 739 3961 stupra
755 3899 778 3959 ᾗ.
794 3908 840 3948 tte.
