2378 4386
422 540 489 576 nrm
506 539 601 576 aaran
619 541 690 577 asna.
710 524 742 577 ΙΙ.
762 529 804 578 26.
1023 523 1086 588 487

138 674 251 730 maritus
277 672 313 727 ita
329 669 436 726 demum
451 669 602 726 adulterum
624 672 708 726 iratus
724 671 962 746 acciderepotest,
984 675 1007 729 si
1029 689 1089 730 eum

137 757 211 812 domi
232 771 297 810 suae
313 748 520 828 deprehendat.¹
563 752 592 810 8.
617 746 717 824 ²Eum,
740 757 785 828 qui
801 757 828 810 in
843 755 975 812 adulterio
991 756 1088 830 depre-

137 840 248 896 hensam
264 853 374 894 uxorem
390 853 443 894 uon
459 838 548 894 statim
564 837 706 910 dimiserit,
730 855 804 894 reum
820 838 944 897 lenocinii
959 841 1091 913 postulari

138 923 249 1000 placuit.

417 998 460 1080 [9.
484 1004 585 1063 Collut.
601 1003 631 1074 4,
649 1004 697 1064 le.
721 1006 748 1077 S.
765 1000 810 1082 8.]

204 1082 268 1146 ³10.
292 1081 382 1145 ⁴lluos
397 1104 453 1144 uno
468 1095 590 1162 tempore
606 1090 697 1143 uxoris
719 1088 857 1145 adulteros
877 1093 995 1148 accusari
1010 1108 1091 1166 posse

140 1173 279 1231 sciendum
302 1181 361 1228 est:
383 1171 475 1245 plures
499 1188 564 1227 uero
586 1187 640 1227 nou
656 1188 745 1244 posse.
790 1168 831 1229 11.
854 1167 938 1229 ³Cunr
955 1175 1005 1245 iris,
1023 1192 1091 1248 quae

139 1256 246 1332 publice
266 1254 400 1313 mercibus
422 1255 466 1311 uel
489 1254 606 1311 tabernis
628 1255 782 1311 exercendis
804 1265 966 1329 procurant,
989 1257 1091 1314 adulte·

139 1343 211 1398 rium
232 1339 290 1397 lieri
313 1356 367 1397 non
383 1339 494 1413 placuit.
530 1334 573 1395 tu.
599 1332 667 1405 “Qut
683 1340 829 1396 masculum
846 1340 959 1397 liberum
975 1342 1090 1398 inuitum

137 1425 315 1500 stuprauerit
324 1425 417 1497 ,capite
432 1425 551 1497 punitur.

423 1500 478 1583 [13.
503 1503 602 1563 Collot.
619 1505 649 1577 5,
665 1504 693 1565 2.
717 1506 745 1578 S.
762 1499 803 1583 2.]

201 1587 250 1647 14.
272 1583 424 1647 ¹Adulterii
445 1592 584 1647 conuictus
606 1590 731 1646 mulieres
752 1589 858 1646 dimidia
878 1599 953 1664 parte
969 1591 1041 1648 dotia
1063 1600 1091 1649 et

141 1676 221 1731 tertia
242 1683 317 1746 parte
338 1674 472 1730 bonorum
495 1690 525 1729 ac
547 1673 713 1746 relegatione
727 1675 754 1731 in
770 1674 884 1729 insulam
900 1673 999 1747 placuit
1014 1692 1090 1732 coer·

141 1759 207 1823 ceri.
224 1757 352 1813 adulteris
369 1773 435 1813 uero
452 1759 516 1812 uiris
532 1759 588 1831 pari
604 1759 630 1812 in
647 1757 760 1813 insulam
776 1758 941 1830 relegatione
957 1759 1090 1816 dimidiam

140 1842 274 1899 bonorum
289 1851 394 1915 partem
410 1841 525 1897 auferri:
548 1840 691 1896 dummodo
714 1843 741 1896 in
764 1841 883 1897 diuersas
906 1842 1007 1898 insulas
1022 1842 1090 1900 rele-

140 1933 249 2000 gentur.
295 1921 338 1982 tt.
361 1919 477 1980 ⁸lncesti
492 1940 614 1998 poenam,
638 1923 716 1996 'quae
738 1927 764 1980 in
788 1927 845 1980 uiro
867 1927 894 1979 in
909 1926 1021 1981 insulam
1044 1925 1090 1984 de·

140 2002 280 2084 portatio¹
295 2017 352 2080 est,
367 2008 473 2064 mulieri
488 2007 587 2080 placuit
602 2009 717 2078 remitti,
734 2008 864 2064 hactenus
888 2016 991 2079 tamen,
1015 2010 1089 2083 'qua-

141 2100 220 2149 tenus
230 2085 254 2125 ¹⁰
268 2090 330 2166 lege
346 2090 458 2147 iuliade
474 2091 611 2146 adulteriis
628 2108 681 2147 non
693 2092 911 2165 apprehenditur.
941 2087 986 2150 16.
1005 2085 1025 2126 ¹¹
1036 2095 1090 2151 Au·

75 2175 259 2237 :auricillarum
280 2191 344 2231 sane
364 2184 505 2248 stuprum,
527 2176 578 2228 nisi
594 2176 741 2231 deteriores
757 2175 836 2246 dant,
856 2186 901 2231 aut
921 2193 969 2251 per
990 2193 1035 2233 cas
1058 2177 1090 2233 ad

141 2258 272 2316 dominam
294 2252 483 2331 ‘allectetur,¹²
505 2261 570 2313 citra
593 2274 687 2313 aonam
704 2259 826 2320 habetur.
864 2256 908 2318 1⁷.
934 2255 993 2317 ¹³ln
1010 2277 1089 2319 causa

140 2342 263 2399 adulterii
278 2341 373 2399 dilatio
384 2342 520 2416 postulata
537 2341 677 2414 ’impertiri
687 2335 712 2375 ¹¹
727 2358 781 2397 non
795 2351 896 2417 potest.
1048 2353 1052 2360 ’

213 2534 291 2602 1)11.τ
307 2536 395 2585 Collat.
410 2549 431 2594 4,
446 2548 479 2586 tt.
494 2537 517 2597 ξ.
527 2547 547 2585 a.
572 2536 692 2582 inuentam
708 2536 730 2583 in
746 2536 861 2585 adulterio
876 2551 973 2586 uxorem
988 2540 1087 2588 maritus

139 2610 172 2658 ite
186 2607 279 2656 demum
294 2607 404 2654 occidere
415 2614 502 2669 potest,
512 2607 532 2654 ei
543 2605 674 2654 adulterum
689 2605 752 2653 domi
767 2621 823 2654 suae
834 2607 994 2669 deprehendat
1005 2622 1090 2658 onraes

138 2676 216 2727 Brea.
232 2677 294 2726 Cdd.
308 2677 347 2725 ed.
363 2676 446 2725 Haen.
485 2675 614 2740 Visipotdi
628 2682 765 2738 corruptos
780 2675 867 2724 Paulli
886 2675 976 2734 libros,
999 2677 1091 2740 quillus

139 2746 289 2804 utebantur,
308 2747 343 2795 ad
359 2749 401 2794 sui
419 2749 487 2795 iuria
504 2748 629 2795 rationem
644 2746 817 2808 conformasse
832 2746 958 2794 uideatur.
1020 2743 1041 2811 ¹)
1056 2769 1089 2790 ι-

140 2817 309 2875 cattarum.
324 2818 377 2878 §.a
425 2813 880 2879 ⁸)§§.1o-1a.14-1c.suatea0.
900 2814 958 2864 Ves.
1011 2813 1033 2881 ⁴)
1050 2817 1089 2880 Cf.

139 2887 171 2936 L.
186 2899 207 2939 4.
221 2887 254 2937 Ι).
269 2887 301 2936 de
315 2902 401 2936 accus.
416 2887 460 2950 (44,
475 2885 505 2949 t).
526 2886 557 2934 L.
573 2898 605 2936 ic.
623 2885 648 2936 0.
664 2886 695 2934 de
708 2886 750 2934 dis
763 2888 807 2949 qui
821 2900 907 2935 aecus.
923 2883 954 2948 (4,
970 2883 999 2950 1).
1020 2885 1051 2935 t.
1067 2899 1087 2938 4.

138 2960 162 3020 ξ.
178 2960 222 3007 uta.
239 2958 381 3021 stodiep.
396 2957 446 3005 lul.
461 2957 492 3005 de
509 2957 588 3005 adult.
603 2957 651 3020 (44,
666 2955 697 3020 5).
767 2953 787 3019 ὅ)
804 2957 842 3019 Cf.
857 2956 889 3004 L.
903 2968 930 3006 44
941 2971 983 3019 pr.
1009 2956 1041 3005 1).
1057 2958 1089 3006 de

138 3030 192 3078 ritu
207 3035 276 3091 nupt.
293 3026 338 3091 (44,
352 3026 383 3091 a).
403 3027 425 3074 Ι.
438 3025 554 3087 Gothosr.
569 3028 604 3075 od
617 3026 649 3075 L.
661 3040 681 3076 1.
703 3025 747 3077 rt.
761 3027 786 3075 C.
797 3027 833 3075 ad
846 3028 892 3091 lep.
905 3026 954 3075 Iul.
965 3026 996 3076 de
1006 3027 1086 3076 adult.

137 3097 170 3220 t
185 3099 254 3218 'lea
267 3094 389 3230 titt
403 3094 849 3231 erisilidorum?
866 3096 1088 3233 {iiiiii}

138 3238 171 3287 L.
185 3248 207 3289 t.
226 3237 258 3288 1).
274 3238 306 3286 de
320 3245 416 3301 quaest.
431 3237 475 3301 (44,
491 3235 533 3300 44).
553 3237 585 3285 L.
600 3249 633 3288 44.
648 3240 670 3298 §-
687 3251 706 3287 ι.
727 3238 758 3286 D.
772 3238 797 3286 d.
812 3246 829 3287 t.
846 3238 889 3304 (44,
900 3237 931 3304 t).
948 3264 980 3275 -
997 3238 1086 3288 (hilar.

136 3320 159 3366 4,
172 3320 193 3360 t.
212 3309 272 3370 Μ.
337 3304 358 3372 ¹)
376 3307 445 3366 Quae
459 3308 548 3356 latiori
561 3322 636 3356 sensu
652 3309 726 3356 etiam
746 3309 843 3357 dicitur
858 3311 885 3357 iu
901 3311 1008 3357 insulam
1024 3311 1088 3357 rele-

134 3379 209 3444 944414
221 3392 242 3429 s.
257 3380 323 3443 lepis
341 3376 424 3425 Iuliae
442 3377 474 3426 de
492 3377 630 3426 adulteriis
645 3393 730 3440 poena
750 3378 838 3428 Collat.
854 3390 875 3436 4,
889 3390 910 3429 e.
928 3380 951 3440 ἕ.
967 3390 987 3430 a.
1007 3379 1038 3427 L.
1055 3391 1087 3428 ιι.

135 3451 161 3510 ὅ.
176 3460 196 3498 1.
211 3448 243 3499 D.
257 3449 281 3496 ir.
296 3455 313 3496 t.
329 3447 373 3512 (44,
383 3446 413 3511 t).
438 3446 492 3505 Qua
506 3450 608 3496 ratione
621 3450 752 3510 culparem
766 3449 882 3498 adulteri
891 3462 1008 3512 poenam,
1023 3464 1088 3513 quae

136 3533 188 3569 aaa
201 3526 239 3567 est
253 3519 409 3581 deportatio,
424 3519 447 3578 ξ.
462 3528 495 3567 44.
515 3516 585 3565 dieu
598 3532 708 3578 parem
728 3519 754 3564 in
774 3520 883 3567 insulam
898 3520 1087 3584 relegationem.

140 3586 174 3654 ¹⁰)
188 3591 205 3640 i.
220 3602 242 3639 e.
257 3590 309 3637 aisr'
322 3590 379 3651 ipsa
393 3588 548 3636 adulterium
562 3588 638 3634 simui
652 3589 812 3636 comariaerit.
838 3588 876 3651 Cf.
892 3588 923 3636 L.
934 3599 967 3639 44.
983 3590 1006 3653 θ.
1016 3600 1037 3640 4.
1054 3589 1085 3636 D.

134 3658 193 3708 144.
209 3657 298 3723 (444).
365 3654 397 3723 ¹¹)
414 3658 451 3720 Os.
467 3656 498 3704 L.
513 3667 526 3705 4
538 3672 580 3718 pr.
599 3656 631 3706 D.
646 3656 702 3705 eod.
718 3655 749 3703 L.
764 3668 799 3706 44.
823 3658 856 3706 D.
871 3658 902 3706 de
916 3658 984 3720 offic.
997 3673 1085 3721 praes.

134 3729 167 3791 (a,
183 3727 226 3792 ιε).
241 3744 322 3792 supra
333 3742 352 3785 1,
362 3728 410 3779 iel.
425 3730 447 3789 ᾖ.
458 3739 478 3778 n,
519 3722 551 3789 ¹¹)
565 3727 660 3773 allectet
669 3725 730 3774 Cdd.
741 3726 799 3774 edd.
821 3727 859 3788 Cf.
878 3726 978 3776 Terent.
988 3727 1084 3777 Heaut.

132 3809 191 3855 ms.
207 3808 278 3849 4414.
348 3795 380 3863 ¹⁸)
397 3798 435 3860 Os.
457 3796 489 3845 L.
503 3806 537 3845 41.
557 3795 588 3843 D.
603 3795 627 3843 d.
642 3801 660 3843 t.
675 3792 720 3858 (44,
734 3797 765 3859 o).
838 3793 870 3860 ¹⁴)
887 3796 1008 3860 Plerique
1024 3796 1087 3845 Cdd.

134 3869 252 3931 impartiri
267 3869 323 3918 edd.
339 3867 371 3916 Α.
385 3866 468 3915 Haea.
