2378 4386
164 530 229 598 390
481 546 542 582 aun
560 545 659 582 raama.
676 527 724 583 IV.
744 532 812 581 1³1⁴.

166 692 241 747 tione
263 698 320 759 est,
344 688 421 744 uelut
442 703 503 744 cum
524 689 552 743 in
578 685 702 762 singulos
728 703 813 742 anuos
835 685 878 744 uel
899 701 1007 741 menses
1028 693 1131 743 certam

165 775 307 850 pecuniam
321 772 443 846 stipulati
458 772 602 829 fuerimus:
626 788 686 828 nam
703 770 785 827 inuitis
807 770 966 844 quibusdam
988 772 1065 826 arinis
1083 780 1131 828 aut

166 857 314 928 mensibus,
331 857 411 914 buius
427 855 536 931 quidem
552 858 683 930 temporis
702 857 844 931 pecuniam
861 857 991 929 praestari
1008 864 1131 928 oportet,

165 943 323 999 futurorum
348 948 439 998 autem
460 958 592 998 annorum
613 957 677 998 sane
704 940 813 1014 quidem
834 939 963 1014 obligatio
991 950 1131 998 contracta

164 1026 343 1102 intellegitur,
363 1027 512 1101 praestatio
533 1042 601 1083 uero
617 1025 705 1082 arlbuc
719 1025 793 1081 nulla
809 1034 865 1088 cst:
888 1026 910 1080 si
931 1040 999 1098 ergo
1015 1026 1131 1081 uelimus

165 1112 191 1168 id
208 1111 327 1185 quidem,
349 1110 422 1184 quod
443 1112 576 1185 praestari
591 1119 712 1185 oportet,
731 1118 825 1184 petere
840 1119 867 1165 et
888 1110 915 1165 in
936 1109 1065 1166 iudicium
1085 1109 1132 1166 de·

165 1196 280 1269 ducere,
303 1195 421 1252 suturam
443 1211 509 1251 uero
525 1194 698 1269 obligationis
714 1196 923 1269 praestationem
944 1193 981 1249 'in
1003 1187 1130 1270 integro1

165 1280 335 1354 relinquere,
356 1296 468 1337 necesse
488 1287 547 1350 est,
568 1288 600 1336 ut
621 1296 682 1336 cum
703 1280 754 1337 bac
775 1280 990 1352 praescriptione
1005 1296 1130 1353 agamus:

165 1381 207 1422 aa
222 1381 278 1422 aas
293 1380 436 1437 sarava,
457 1379 548 1423 avrvs
563 1380 616 1423 aaa
631 1379 706 1421 mna
721 1379 808 1423 avar:
832 1364 950 1438 alloquin
971 1367 994 1420 si
1008 1366 1067 1420 sine
1083 1364 1131 1420 bac

164 1451 380 1524 praescriptione
401 1450 554 1523 egerimus,
582 1466 614 1505 ea
635 1449 738 1506 scillcet
761 1449 894 1520 formula,
923 1466 975 1522 qua
997 1451 1130 1505 incertum

96 1536 295 1608 iuspetlmus,
320 1528 324 1613 Ι
348 1534 426 1592 cuius
442 1535 557 1590 intentio
573 1534 615 1590 his
632 1533 721 1590 uerbis
742 1542 873 1609 concepta
896 1543 950 1591 est:
975 1549 1129 1601 nvrnovro

100 1608 268 1677 “¹¹1³nuar
288 1635 453 1677 armaturas
474 1634 632 1678 unarnrvu
653 1634 735 1677 arno
763 1634 880 1677 sannio
905 1635 990 1677 nean
1009 1634 1130 1678 racana

167 1718 347 1774 aroannam,
372 1712 458 1759 totam
474 1702 685 1779 obligationem,
708 1704 734 1760 tt
750 1713 792 1760 est
807 1706 886 1761 etiam
902 1704 1020 1760 laturam
1037 1707 1064 1760 in
1079 1705 1132 1760 hoc

164 1787 294 1845 lualiclum
318 1788 491 1859 deducimus,
511 1782 583 1865 (set)
597 1782 640 1845 et²
656 1804 724 1861 quae
740 1798 801 1846 aute
823 1794 938 1862 temlpus
955 1789 1132 1863 obligationis

162 1889 345 1945 permensum
359 1875 402 1945 fit,
416 1872 495 1930 nulio
510 1872 592 1929 modo
608 1871 673 1929 lieri
681 1879 786 1945 potest,
806 1888 862 1929 nec
874 1881 879 1935 t
891 1881 984 1947 postea
1001 1875 1131 1946 permissa

164 1959 268 2031 reliqui
287 1961 390 2030 petitia
415 1964 467 2015 est.
513 1953 588 2015 1³1⁸.
618 1957 702 2024 Ittem
728 1959 751 2013 sl
774 1956 850 2014 uerbl
872 1959 957 2031 gratia
981 1973 1013 2012 ea
1036 1967 1129 2031 empto
1143 1969 1188 2023 taor

164 2058 286 2116 agamus,
308 2049 340 2099 ut
360 2040 438 2098 nobis
460 2041 560 2098 landus
576 2043 708 2117 mancipio
724 2042 815 2111 detur,
836 2040 964 2096 debemus
979 2042 1034 2097 boc
1049 2045 1131 2098 modo

165 2125 365 2200 praescribere:
390 2144 431 2184 nn
450 2141 509 2183 aas
529 2143 657 2186 namara
676 2143 719 2184 na
740 2139 843 2184 avano
859 2138 1079 2197 uauarrnuno,
1100 2136 1130 2182 ut

165 2220 273 2285 postea,
289 2212 312 2266 sl
328 2210 444 2266 uelimus
459 2227 571 2268 uacuam
588 2213 790 2286 possessionem
802 2208 879 2266 nobis
895 2208 973 2284 tradi,
988 2209 1062 2265 'aius
1078 2218 1131 2266 tra·

239 2374 259 2444 ¹)
272 2378 377 2445 Scripsi
391 2395 425 2429 ear
439 2383 472 2443 ci.
488 2398 510 2431 a.
526 2381 551 2430 d.
566 2381 671 2433 Hoeven
687 2379 824 2447 (Zeitsciar.
836 2380 858 2444 s.
871 2378 902 2429 a.
917 2379 946 2428 G.
967 2378 1029 2428 VII.
1040 2395 1069 2444 p.
1080 2379 1129 2445 259)

165 2457 190 2500 et
206 2449 328 2514 liudorfii
337 2450 471 2515 probabili
485 2450 565 2516 (nanc
583 2452 610 2501 V
612 2448 633 2486 ⁸²
642 2450 758 2518 firmata)
773 2454 831 2502 coli.
850 2450 907 2502 aar.
917 2463 939 2513 t,
949 2462 984 2502 stt.
1001 2451 1033 2503 L.
1048 2464 1075 2503 rt
1084 2466 1128 2514 pr.

166 2522 199 2571 D.
207 2521 271 2586 fam.
282 2537 335 2573 erc.
346 2521 393 2589 (ιο,
403 2521 435 2588 2).
450 2523 474 2572 iu
485 2525 576 2574 incerto
589 2523 615 2573 0.
626 2524 684 2573 edd.
695 2525 772 2573 etiam
783 2538 854 2572 meae
865 2536 884 2575 1.
895 2534 915 2574 2.
973 2519 994 2588 ²)
1010 2522 1129 2572 Priorem

164 2608 262 2653 eorum,
276 2603 510 2661 praesequantur,
530 2597 557 2644 in
576 2595 615 2644 ed.
630 2607 644 2646 4
661 2595 848 2644 restitutionem
863 2596 980 2652 correxi,
997 2601 1064 2644 utet
1083 2592 1110 2642 V
1110 2588 1130 2625 ’ἲ

164 2673 190 2715 et
203 2667 293 2716 sensui
302 2669 380 2729 piene
388 2667 563 2730 satisfaceret.
587 2666 741 2715 Permeusum
751 2666 823 2714 dixit
835 2665 924 2723 Gaius,
938 2668 1000 2729 quia
1010 2680 1128 2715 mererere

164 2739 243 2787 annis
258 2739 298 2788 vei
311 2738 440 2789 mensibus
454 2739 571 2802 sortasse
585 2736 760 2801 eanrplaribus
776 2737 820 2799 flt,
838 2736 902 2785 nullo
920 2737 991 2786 modo
1010 2738 1129 2802 intellege

163 2824 211 2859 nec
221 2824 272 2873 per
287 2810 413 2860 incertam
428 2811 601 2859 intentionem.

163 3001 247 3034 uacua
257 2989 423 3047 possessione
436 2985 565 3034 tradenda
581 2987 614 3049 (ξ.
631 2982 715 3051 last),
730 2992 836 3048 poterat
851 2987 883 3035 de
895 2985 996 3047 suturis
1005 2989 1126 3047 praesta·

163 3053 277 3104 tionibus
290 3056 366 3104 simui
380 3057 416 3104 ad
429 3057 642 3120 interponendam
657 3058 801 3107 cautionem
812 3058 858 3122 api
871 3056 914 3123 (L.
923 3068 958 3107 tr.
974 3054 1006 3103 D.
1016 3053 1048 3103 de
1059 3053 1126 3102 iudi·

163 3127 214 3175 ciis
223 3135 244 3187 t,
255 3137 275 3174 1.
296 3125 349 3176 Cic.
360 3141 412 3190 pro
424 3125 500 3177 Base.
513 3127 580 3177 Com.
590 3139 612 3189 i,
622 3126 658 3191 11)
673 3128 781 3192 ideoque
789 3128 967 3192 praescriptio
977 3124 1127 3175 necessaria

163 3210 214 3247 non
229 3201 295 3244 erat.
321 3210 348 3244 ea
363 3211 398 3245 sc.
414 3197 482 3246 iorm.
497 3214 521 3261 q.
536 3195 595 3265 ino]
611 3199 647 3262 rs.
662 3198 694 3250 L.
710 3210 743 3250 ts.
759 3201 781 3261 ἓ.
797 3211 817 3249 a.
837 3199 870 3247 D.
885 3199 917 3249 de
934 3196 1001 3247 verb.
1017 3195 1066 3246 obl.
1082 3194 1127 3262 (te,

164 3266 196 3332 i).
215 3280 297 3329 supra
312 3267 401 3328 ἔξω.
416 3278 450 3319 aa.
524 3264 550 3338 ἕ.
566 3271 640 3321 131⁸.
663 3269 701 3333 Cf.
717 3269 749 3318 L.
763 3281 797 3321 aa.
818 3272 841 3331 §-
857 3283 878 3321 r.
901 3270 934 3319 D.
949 3268 1073 3319 eicaedii.
1088 3267 1127 3316 eei.

163 3335 209 3403 (at,
219 3335 252 3400 1),
263 3334 315 3394 uti,
326 3339 387 3401 quia
398 3340 424 3387 in
432 3338 532 3401 sactum
543 3342 612 3390 actia
622 3347 680 3389 erat
689 3347 714 3390 et
728 3342 819 3390 iterum
829 3343 918 3406 aperti
927 3341 982 3390 doli
990 3339 1128 3402 replicatio

159 3406 315 3472 proficiebat
329 3408 374 3473 (cs.
390 3410 426 3459 ad
439 3412 462 3473 ἓ.
478 3409 537 3477 aar),
551 3412 608 3460 eota
618 3412 769 3474 praedictio
783 3410 942 3474 srrsflciebat,
958 3427 990 3460 ae
1003 3410 1035 3460 dc
1049 3411 1128 3460 omni·

163 3477 211 3529 tus
225 3479 296 3528 uitiis
309 3487 393 3531 aetum
407 3497 462 3531 ease
477 3483 617 3531 uideretur.
636 3480 736 3531 Similis
749 3489 789 3532 est
802 3487 829 3532 in
847 3498 901 3532 rem
915 3484 984 3532 actio
1000 3481 1049 3546 (acl
1064 3481 1130 3531 certi

164 3550 295 3601 condictio
311 3552 334 3612 ξ.
345 3553 393 3604 58⁸.
408 3553 444 3619 aa)
459 3553 618 3616 exspectata·
632 3567 721 3604 causa.
741 3553 773 3603 L.
788 3566 821 3605 ιι.
842 3555 866 3615 ξ.
881 3566 901 3604 2.
921 3553 954 3603 D.
969 3554 1001 3602 de
1015 3567 1074 3602 eae.
1089 3552 1130 3601 rei

164 3621 217 3670 tua.
232 3620 279 3686 (tt,
293 3620 325 3687 a).
349 3622 413 3673 Item
426 3626 451 3673 ri
464 3624 529 3690 quid
540 3630 619 3674 extra
633 3622 750 3673 ordinem
761 3626 870 3687 petitur.
895 3624 928 3675 L.
943 3636 969 3676 aa
979 3640 1023 3688 pr.
1052 3623 1083 3671 D.
1097 3624 1129 3672 rie

163 3694 212 3757 lep.
227 3704 248 3743 a.
268 3700 293 3742 ut
302 3702 387 3757 postea
397 3691 458 3763 etc]
474 3711 529 3746 cum
540 3694 612 3757 forte
627 3696 754 3754 conuenit,
770 3703 798 3744 ut
807 3702 899 3760 postea
915 3695 1076 3754 traderetur,
1091 3694 1130 3743 cel

163 3779 219 3815 cum
239 3764 343 3815 interim
362 3768 490 3816 intererat
504 3765 615 3821 actoris,
635 3780 666 3813 ne
677 3767 788 3831 pipnori
801 3765 929 3832 obiiparet
943 3767 1072 3825 uenditor,
1092 3765 1130 3815 uel

162 3850 195 3885 ne
214 3836 358 3887 creditores
377 3838 433 3887 eius
452 3837 649 3885 immitterentur
663 3842 688 3884 et
705 3837 853 3886 venderent.
884 3835 937 3886 Nec
957 3838 983 3885 in
1003 3835 1130 3887 eiusmodi

162 3906 266 3957 casibus
280 3908 388 3959 nocebat
401 3908 520 3969 receptio
536 3907 589 3955 litis
604 3904 734 3955 dividuae.
755 3907 795 3971 Os.
809 3910 832 3970 ξ.
849 3919 895 3959 12³.
