2378 4386
223 575 331 618 armna
345 574 467 610 nostros
481 572 680 610 nsnnnssesrrn
693 573 842 610 nsvocssss
855 573 949 610 nosos.
1001 556 1060 621 785

111 708 149 761 ris
164 706 206 761 ius
222 721 275 778 per
288 705 366 761 itanc
386 705 622 762 consultissimam
636 706 727 778 iepem
747 719 906 775 ponamus,
929 719 1011 777 quse,
1034 712 1066 761 nt

112 804 205 844 omnes
220 796 392 861 cognoscant
408 795 494 861 atque
508 789 675 857 obserbent,
698 788 775 861 quod
787 791 952 858 statuimus,
974 788 1065 846 edicto

109 873 303 944 promniponti
316 881 364 928 tuo
380 871 553 944 praeferenda
565 866 631 931 est.¹
658 870 708 929 st.
720 868 781 928 ΙΙΙ.
793 887 860 928 non.
872 871 942 929 Feb.
955 871 1065 929 Seuero

110 962 139 1010 et
154 956 261 1027 Rufino
278 948 385 1012 conss.²
400 957 426 1010 in
442 955 503 1011 foro
518 953 574 1010 diui
592 955 721 1011 Troiani.

176 1034 247 1096 260.
271 1031 472 1111 'Papinianus³
494 1037 540 1094 tib.
560 1037 613 1097 xit.
628 1036 839 1111 Responsorum.
876 1039 1160 1120 17776677667667Ἦ),Ι

112 1124 292 1180 donationem
306 1137 383 1178 mors
398 1124 565 1192 confirmat,
588 1125 614 1176 si
627 1125 752 1178 animum
766 1119 934 1179 liberalitatis
949 1124 1064 1180 nouissi·
1085 1127 1153 1164 ¹²⁵⁸st

112 1222 186 1263 mum
200 1211 229 1262 in
244 1209 322 1262 uitae
337 1207 409 1260 diem
421 1218 631 1275 perseuerasse
647 1210 769 1261 constet.

65 1296 101 1345 91]
175 1286 238 1345 251.
264 1283 357 1344 ⁴ttem.
392 1287 451 1343 Non
473 1287 534 1343 ideo
549 1286 725 1344 donationem
741 1288 863 1351 aedium,
883 1292 1065 1359 possessione

112 1392 131 1428 a
153 1380 245 1429 matre
266 1375 415 1443 praesenti
436 1369 505 1426 sriine
522 1370 628 1440 tradita,
651 1370 752 1443 pincuit
773 1374 887 1426 irritam
903 1387 974 1441 esse,
991 1375 1067 1442 quod

112 1463 206 1511 mater
219 1455 419 1510 habitationem
435 1458 510 1509 citra
529 1457 732 1524 proprietatem
754 1452 803 1509 sibi
821 1456 967 1527 recepisset
982 1459 1065 1512 etita

111 1541 140 1595 ia
152 1541 336 1608 possessione
350 1539 463 1593 aedium
478 1541 636 1593 mansisset.

175 1617 242 1676 252.
271 1614 367 1676 ⁵item.
411 1621 476 1676 Cum
499 1629 584 1677 mater
606 1619 709 1676 absenti
732 1618 788 1678 biio
804 1661 932 1677 ......
948 1622 980 1678 nd
1004 1637 1064 1680 enm

113 1703 185 1773 iecit,
203 1719 270 1778 quas
285 1711 455 1776 procurator
471 1744 601 1764 ......
618 1719 685 1778 quse
700 1705 877 1761 instrumenta
892 1705 1064 1779 praediorum

112 1804 127 1842 e
144 1827 274 1844 ......
290 1787 461 1860 praediorum
483 1787 515 1843 nd
538 1786 623 1844 iiiinm
645 1805 662 1862 p
680 1827 811 1844 ......
830 1789 873 1844 uei
896 1792 983 1845 seruis
1006 1790 1064 1847 eius

113 1870 209 1927 tradita
229 1886 284 1927 non
301 1910 431 1928 ......
445 1871 628 1943 praediorum
648 1871 682 1927 sd
703 1869 787 1927 bitum
810 1887 912 1946 peruen
929 1911 1063 1929 ......

112 1962 255 2010 maternae
272 1953 420 2010 uoluntatis
436 1962 464 2010 et
478 1956 503 2009 ei
519 1993 651 2010 ......
668 1971 747 2011 causa
762 1955 850 2011 redire
866 1956 1012 2011 iussisset.
1030 1998 1036 2012 .
1054 1996 1063 2012 .

189 2037 575 2112 possessionempraediorum
592 2072 724 2094 ......
740 2048 874 2095 constare.
907 2035 989 2098 2⁶2².
1013 2034 1063 2096 ⁶..

114 2124 293 2179 ....isctsm
308 2122 417 2195 praedio
432 2137 520 2193 neque
535 2124 692 2194 mancipato
708 2161 838 2180 ......
854 2114 992 2181 babuisse.
1014 2122 1064 2180 Re·

112 2205 224 2278 sponffl,
245 2221 294 2262 nec
315 2203 504 2261 fideicommiss
516 2244 624 2262 ......
636 2206 664 2262 tn
679 2204 744 2262 aede
759 2222 834 2263 suess
849 2205 939 2262 reditu
952 2246 1063 2266 ......

112 2289 177 2343 teris
192 2297 383 2361 postmortem
399 2304 479 2344 suam
494 2329 622 2345 ......
639 2297 702 2363 post
720 2298 834 2346 mortem
849 2306 923 2346 snam
939 2329 1042 2349 .....
1058 2285 1062 2368 )

113 2410 239 2428 ......
256 2374 387 2429 redditam
404 2413 410 2426 .
428 2412 435 2428 .
452 2373 630 2428 ..rationem
647 2414 654 2429 .
671 2412 679 2429 .
696 2414 703 2429 .
720 2414 727 2429 .
745 2416 751 2430 .
769 2414 776 2429 .
793 2375 841 2444 uit,
859 2374 980 2447 quodne
997 2372 1171 2441 fidu-esaim]

111 2456 167 2510 eise
183 2454 293 2510 daretur
310 2494 436 2510 ......
452 2470 516 2510 num
531 2456 644 2529 accepit,
659 2458 825 2529 perueniret,
843 2459 889 2531 qui
906 2498 1036 2514 ......
1083 2444 1155 2512 W·

174 2533 242 2594 25³.
272 2531 366 2595 'Item
404 2538 499 2594 Etiam
516 2554 574 2611 per
594 2543 775 2596 nouationem
797 2534 938 2596 'donatio⁸
958 2539 1064 2614 perfici·

186 2703 204 2767 ¹)
221 2706 259 2767 Cf.
275 2706 306 2754 L.
322 2717 341 2756 7.
366 2705 409 2755 tn.
426 2706 451 2755 0.
467 2706 591 2756 decursu
603 2706 673 2770 pubi.
688 2705 766 2772 (66).
786 2706 818 2755 L.
834 2720 854 2759 ι.
879 2707 922 2758 Ti.
940 2708 965 2757 G.
979 2710 1064 2770 siper

111 2776 208 2838 obrept.
223 2775 268 2839 (11,
283 2775 326 2841 76).
342 2776 374 2825 L.
388 2788 422 2828 tt.
441 2776 484 2825 tn.
497 2777 523 2826 θ.
538 2778 571 2827 dc
584 2780 662 2840 episc.
676 2780 739 2829 ecci.
755 2779 799 2841 (76,
809 2776 842 2841 s),
857 2776 958 2826 Haeret
973 2777 1063 2842 haef.

111 2848 148 2895 ad
165 2846 208 2896 Tb.
221 2848 246 2894 C.
258 2862 286 2909 p.
301 2846 358 2895 XL.
410 2843 431 2909 Ῡ)
446 2862 470 2896 a.
481 2858 528 2899 666.
548 2847 604 2897 Atii
613 2846 709 2898 Sabino
719 2855 743 2896 et
754 2847 846 2910 Iiufino
858 2862 941 2896 conss.
952 2846 987 2912 (a.
996 2847 1064 2914 666),

111 2916 265 2979 subscriptis
280 2915 347 2981 Lepi
361 2929 380 2966 1.
404 2915 448 2965 Tb.
465 2918 491 2967 G.
506 2918 538 2967 de
551 2919 638 2967 donat.
653 2916 699 2983 (cf.
715 2925 766 2967 not.
781 2916 826 2981 6.),
841 2918 865 2966 b.
880 2920 897 2966 t.
912 2917 1063 2968 attribuunt.

114 2988 152 3049 Cf.
167 2986 274 3035 ilaenet.
290 2988 325 3035 ad
342 2986 385 3034 Ti.
403 2986 429 3035 C.
440 3004 468 3050 p.
484 2999 530 3040 767.
546 2999 585 3038 214
593 3002 645 3051 seq.
666 2987 802 3037 Mommsen
817 2988 853 3036 aa
865 2987 890 3036 ir.
902 2990 917 3036 t.
938 2987 1006 3036 Mitti
1018 2987 1063 3037 ib.

113 3057 139 3106 C.
159 3064 350 3107 constructores
368 3059 395 3105 in
414 3057 462 3107 iac
480 3058 669 3120 subscriptione
687 3072 789 3107 errasse
808 3065 836 3106 nt
853 3059 880 3106 in
899 3060 984 3106 muitis
1003 3060 1064 3107 otiis

111 3127 230 3191 (lincnei.
246 3129 281 3176 od
298 3127 342 3176 Tb.
359 3127 385 3175 0.
401 3128 491 3189 Praef.
503 3144 530 3190 p.
545 3127 710 3192 XXXVII.)
725 3128 851 3177 uidentur.
904 3125 926 3192 ⁸)
941 3126 982 3176 tro
997 3129 1063 3178 Mai.

110 3197 209 3247 Bucirii.
226 3197 338 3248 Momms.
354 3198 417 3247 Psui.
432 3199 471 3248 ed.
487 3198 579 3249 Hoiiuo.
608 3197 662 3248 Sed
679 3200 837 3263 arpumentis
854 3196 962 3255 Bucib„
983 3197 1063 3262 Papi·

111 3271 185 3317 niani
198 3269 262 3319 baec
276 3283 339 3331 esse,
354 3268 463 3327 aceedit,
478 3269 547 3334 quod
557 3268 731 3332 Papinianum
745 3268 787 3333 (L.
798 3279 833 3320 ss.
842 3280 876 3320 67.
890 3269 922 3319 1).
934 3269 966 3318 de
975 3268 1062 3319 donat.

110 3350 144 3396 69,
155 3349 175 3390 6.
197 3339 234 3401 Os.
246 3339 322 3390 1746.
342 3339 373 3387 D.
389 3340 421 3389 de
434 3348 508 3390 mort.
523 3356 545 3390 c.
561 3341 619 3390 don.
630 3351 665 3397 66,
675 3339 707 3404 6),
722 3354 771 3389 mon
784 3339 911 3397 Paullum,
926 3339 974 3388 noc
986 3338 1061 3403 Hesp.

110 3408 176 3458 libro
191 3409 223 3458 de
237 3409 418 3459 donationibus
431 3413 514 3475 spisse
532 3417 639 3460 constat.
667 3409 824 3460 Sententiam
842 3410 1000 3461 restituendo
1018 3410 1062 3460 de·

110 3481 257 3528 monstrosi.
287 3480 326 3542 Cf.
340 3481 380 3541 ξς.
394 3490 441 3530 259.
455 3492 503 3531 ³12.
554 3477 576 3544 ⁴)
590 3479 718 3529 Similiter
731 3482 841 3531 restitui.
872 3481 910 3542 Cf.
926 3482 1011 3542 §.seb

111 3545 132 3611 β)
146 3547 244 3596 Similis
259 3563 335 3597 casus
349 3551 461 3598 tractari
474 3549 576 3598 uidetur
586 3550 617 3597 L.
627 3561 661 3600 ts.
682 3550 714 3598 D.
724 3552 756 3600 de
766 3566 822 3613 acq.
833 3565 885 3601 rer.
897 3551 962 3599 dom.
973 3552 1017 3613 (tt,
1028 3548 1061 3616 1).

111 3618 148 3666 De
164 3618 284 3679 tectione,
297 3620 401 3682 simpulo
415 3619 539 3681 quaedam
556 3628 720 3668 accesserunt
738 3635 773 3669 ex
791 3620 818 3667 V
819 3620 840 3672 ⁴,
854 3629 879 3669 et
893 3621 1006 3669 Momms.
1021 3622 1061 3670 ed.

111 3684 132 3749 ⁶)
146 3686 247 3736 Similia
262 3688 381 3736 uidentur
395 3690 506 3737 tractari
520 3687 552 3736 L.
568 3699 601 3738 tt.
615 3690 638 3749 §-
653 3700 686 3739 66.
711 3689 742 3737 li.
757 3690 789 3739 de
803 3692 851 3753 lep.
866 3701 887 3739 6.
907 3689 938 3738 In
953 3701 987 3741 67.
1002 3693 1025 3751 ξ.
1039 3702 1060 3742 6.

110 3756 142 3805 D.
157 3759 188 3806 rie
202 3758 288 3806 donat.
304 3759 349 3821 (ss,
363 3757 394 3822 6).
424 3757 495 3807 Noua
510 3759 534 3818 ξ.
548 3765 573 3806 et
587 3758 710 3821 quaedam
724 3760 856 3808 emendata
871 3758 994 3808 debentur
1013 3759 1041 3808 V
1040 3763 1060 3809 ⁶.

108 3833 133 3874 ct
148 3827 261 3876 Momms.
280 3828 319 3877 ed.
393 3825 414 3890 7)
429 3828 473 3876 Ad
488 3842 587 3877 sensum
606 3829 716 3876 restitui.
747 3829 784 3891 Cs.
800 3829 832 3876 L.
847 3840 880 3879 76.
899 3831 922 3889 §-
937 3839 958 3880 6.
981 3828 1013 3876 D.
1028 3827 1061 3877 de

109 3897 157 3959 iep.
172 3907 192 3946 s.
245 3893 265 3961 ⁸)
280 3897 321 3945 Ita
335 3911 370 3945 ec
388 3897 416 3945 V
415 3895 435 3944 ⁶.
451 3896 563 3947 Momms.
578 3897 617 3946 ed.
632 3898 695 3947 ustio
714 3897 772 3947 Vct.
787 3899 827 3947 ed.
842 3897 935 3947 Hottw.

161 4001 264 4032 sverm
279 4001 360 4032 ussus.
375 4001 428 4033 nnn.
446 4001 485 4034 tn.
500 3995 527 4034 V.
817 3989 851 4038 bO
