2378 4386
328 541 353 580 r.
371 537 474 576 nmero.
493 553 523 562 -
543 541 660 576 naseins
679 540 765 576 rnnrx.
970 526 1031 591 145

419 692 455 758 Τ.
479 691 666 758 ARISTO

404 798 460 863 (sub
479 800 535 863 imp.
556 796 691 865 Traiano).¹

121 907 147 966 t.
173 907 204 963 ld
222 907 304 962 etiam
319 908 427 963 memini
449 907 541 981 legere
556 925 599 963 me
622 909 649 963 in
672 908 740 964 libro
756 902 891 965 bris'tonis
907 910 1032 965 iurecon-

61 995 136 1066 sulti,
154 992 366 1065 haudquaquam
382 991 483 1047 indocti
499 993 562 1064 uiri,
578 992 648 1066 apud
665 1001 772 1049 ueteres
783 994 943 1067 Aegyptios,
960 994 1032 1067 qnod

61 1096 149 1154 genus
166 1078 311 1134 bominum
327 1085 434 1132 constat
450 1078 519 1132 etin
535 1076 637 1132 artibus
653 1080 837 1151 repperiendis
850 1078 976 1134 sollertes
988 1096 1033 1135 en·

59 1165 150 1221 titisse
174 1170 203 1218 et
231 1164 260 1217 in
283 1163 440 1236 cognitione
462 1178 553 1217 rerum
576 1161 786 1235 indagandnrum
808 1179 933 1236 sagaces,
960 1163 1033 1222 iurta

61 1250 152 1305 omnia
173 1247 262 1303 luisse
283 1246 355 1302 licita
376 1255 403 1302 et
422 1249 569 1321 inpoenita.
585 1277 626 1286 -
643 1246 709 1303 Geli.
730 1246 778 1318 11,
799 1249 848 1305 18.
865 1248 893 1319 ὃ.
911 1249 960 1306 16.
991 1249 1031 1306 Gi.

61 1332 174 1390 biodor.
192 1330 248 1388 Sic.
268 1331 303 1401 1,
319 1330 369 1388 80.

21 1520 59 1573 titt
350 1492 567 1559 Lbuntvs
597 1492 747 1558 FELIX

400 1598 456 1666 (sub
476 1600 533 1663 imp.
553 1595 709 1663 Hadriano).²

412 1709 456 1763 Al
481 1705 511 1775 Q.
536 1708 690 1763 blucium.

123 1824 149 1886 1.
174 1825 205 1881 lu
222 1822 293 1880 libro
305 1823 387 1881 Laelii
399 1824 496 1882 Felicis
512 1826 544 1881 arl
556 1825 587 1893 Q.
601 1825 716 1882 blueium
732 1826 820 1899 primo
836 1825 966 1898 seriptum
983 1835 1035 1891 est,

60 1910 220 1969 Labeonem
230 1907 350 1964 scribere
362 1918 414 1967 eto.
422 1910 598 1983 (eisuprall.
607 1911 754 1966 Antistium
763 1909 915 1967 Labeonem
923 1927 950 1966 n.
958 1902 1036 1990 tu).

61 1989 180 2053 8ΙίειΙιῑιιι
203 1993 424 2067 comitiis-quae
445 1995 529 2050 calata
550 1994 678 2069 appellari
700 1995 824 2066 diximus,
847 2005 874 2052 et
897 2011 1036 2052 sacrorum

62 2081 213 2138 detestatio
231 2085 260 2135 et
276 2085 435 2135 testamenta
451 2078 508 2134 lieri
524 2078 658 2135 solebant.
683 2079 744 2135 'iria
755 2081 824 2135 onim
837 2096 937 2153 genera
953 2086 1036 2136 testa·

61 2174 222 2222 mentorum
239 2162 326 2218 luisse
338 2165 502 2236 accepimus:
519 2180 613 2234 unum,
630 2163 701 2236 qnod
710 2163 803 2220 calatis
814 2166 931 2222 comitiis
946 2166 973 2219 in
988 2181 1037 2238 po·

63 2251 121 2324 puli
132 2249 271 2306 contione
285 2243 373 2316 fieret,
388 2247 501 2304 alterum
515 2249 540 2302 in
554 2248 706 2321 procinctu,
722 2265 782 2305 cum
794 2251 844 2305 uiri
858 2250 890 2304 ad
902 2249 1038 2322 proelium

62 2332 220 2391 iaciendum
231 2333 260 2386 in
272 2330 356 2386 aciem
368 2330 544 2401 uocabantur,
561 2333 670 2387 tertium
684 2349 733 2404 per
741 2333 856 2389 familiae
865 2335 1037 2408 mancipatio·

66 2436 138 2489 nem,
157 2418 204 2476 eui
220 2432 269 2471 aes
285 2421 312 2470 et
328 2414 393 2470 libra
409 2415 592 2472 adhiberetur.
607 2447 648 2456 —
664 2416 731 2472 Geli.
750 2417 799 2487 15,
816 2418 867 2476 27.
882 2418 930 2490 88.
946 2418 1038 2476 1-3.

129 2501 159 2563 11.
182 2501 214 2557 Ιι]
232 2498 330 2556 eodem
345 2498 426 2556 Laelii
443 2498 537 2554 felicis
553 2499 621 2555 libro
638 2499 703 2556 baec
717 2501 818 2574 scripta
831 2512 907 2557 sunt:
930 2501 976 2573 ‘ls,
993 2505 1039 2575 qul

67 2605 122 2645 nou
145 2576 341 2644 ἰιιιίιιιιιιιιιιιι4
364 2583 504 2658 populum,
527 2583 574 2639 sed
591 2593 693 2657 partem
713 2584 828 2656 aliquam
845 2587 939 2640 adesso
954 2584 1039 2658 iubet,

67 2689 121 2728 non
136 2671 265 2740 comitia,
276 2667 323 2722 sed
335 2669 478 2724 concilium
490 2668 595 2724 edicere
608 2665 698 2722 debet.
727 2666 838 2722 Tribuni
850 2678 938 2723 autem
952 2684 1039 2739 neque

68 2756 209 2812 aduncant
224 2753 368 2827 patricios,
389 2768 478 2825 neque
493 2751 525 2807 ad
542 2769 589 2808 eos
604 2744 737 2806 'reierre⁵
751 2749 807 2804 ulla
821 2749 855 2807 de
870 2768 899 2806 re
915 2762 1039 2825 possunt.

66 2839 107 2896 lta
122 2856 158 2898 ne
174 2838 255 2912 leges
272 2837 379 2910 quidem
396 2837 516 2911 proprie,
537 2836 584 2892 sed
600 2833 753 2910 plebisscita
769 2835 950 2908 appellantur,
972 2853 1041 2909 quae

69 2924 188 2982 tribunis
210 2920 304 2998 plebis
327 2919 476 2977 ferentibus
499 2931 608 2994 accepta
631 2926 706 2975 sont:
731 2918 828 2993 quibus
852 2919 1041 2995 rogationibus

66 3019 128 3068 ante
151 3008 267 3085 patricii
291 3021 347 3060 non
371 3005 547 3075 tenebantur,
575 3004 662 3060 donec
685 3001 901 3070 Q.=llortensius
924 3007 1042 3064 dictator

65 3093 154 3168 legem
172 3093 251 3162 tulit,
274 3098 305 3144 ut
323 3105 356 3144 eo
372 3090 441 3159 iure,
463 3088 534 3160 qnod
554 3088 631 3162 plebs
647 3090 796 3163 statuisset,
814 3107 906 3149 omnes
922 3090 1041 3157 Quirites

66 3174 261 3238 tenerentur’.
278 3204 320 3213 -
338 3171 404 3228 Gell.
422 3173 471 3243 15,
489 3171 538 3228 27.
554 3173 580 3242 g.
598 3173 627 3228 4.

139 3330 161 3399 ¹)
187 3328 255 3382 Vnt.
275 3331 315 3375 erl
334 3323 366 3371 de
384 3324 734 3376 noctan.1nst.Enrctede
751 3327 782 3376 de
801 3326 828 3376 Τ.
843 3329 967 3379 Aristone
984 3327 1043 3379 [Oto

67 3403 137 3455 Rom.
154 3403 189 3452 L.
207 3399 241 3450 B.
258 3407 321 3447 1829.
335 3405 356 3443 4.
414 3391 434 3459 ²)
448 3395 548 3459 Sequor
563 3411 714 3445 communem
728 3400 872 3460 opinionem
887 3414 983 3455 eorum,
999 3400 1045 3461 qui

65 3474 133 3526 dunc
143 3471 262 3524 eundem
273 3464 395 3515 Laelium
406 3480 460 3514 esse
469 3473 593 3523 statuunt,
608 3467 683 3514 enine
692 3469 719 3516 in
731 3468 761 3517 L.
771 3479 789 3519 o.
808 3469 871 3520 D.si
881 3483 948 3532 pars
957 3469 1044 3519 bered.

66 3543 96 3610 (n,
105 3547 137 3614 e)
147 3542 252 3595 mentio
263 3539 312 3600 fit:
330 3550 473 3599 quanquam
490 3537 516 3584 in
530 3537 579 3586 boe
589 3538 718 3598 scriptore
732 3541 817 3587 omnio
829 3541 931 3589 ineerta
945 3545 1006 3586 sont
1020 3545 1045 3586 et
1130 3565 1132 3568 -

66 3618 149 3680 ipsum
165 3625 275 3666 nomen,
291 3606 392 3671 quoties
406 3614 624 3663 commemorator,
645 3608 671 3654 t'n
686 3607 762 3658 libria
776 3624 833 3658 msa.
848 3610 974 3657 norietur.
1004 3607 1043 3670 Cf.

67 3687 197 3738 mmmm
209 3683 274 3732 kint.
286 3679 339 3725 iur.
352 3674 423 3727 Rom.
434 3677 451 3724 l.
463 3678 485 3738 §-
496 3688 529 3727 89.
544 3683 568 3726 et
582 3679 691 3739 interpr.
701 3678 737 3725 ud
748 3678 809 3728 Geli.
820 3691 854 3737 tt,
864 3689 896 3728 st.
935 3674 956 3741 ³)
970 3676 1046 3725 Haec

66 3774 166 3825 quoque
182 3769 222 3805 eo:
238 3749 330 3800 eodem
345 3745 412 3796 libro
422 3749 506 3810 petito
520 3762 583 3803 esse,
599 3748 644 3794 oia·
657 3746 792 3807 dubitabit,
807 3751 852 3812 qni
860 3748 1047 3797 sententiarum

66 3845 161 3881 mum
173 3829 319 3892 ipsumque
329 3817 378 3874 rei,
387 3817 419 3866 de
428 3833 479 3881 qua
489 3820 585 3881 apitur,
598 3824 775 3880 argumentum
784 3817 951 3880 reputaverit.
989 3811 1011 3878 ⁴)
1020 3822 1048 3863 ut

65 3901 210 3951 uniuersum
222 3892 264 3943 ed.
275 3888 368 3938 Hertz.
406 3885 426 3950 ι)
438 3887 545 3935 Retinut’
552 3888 602 3935 iarn
614 3886 676 3936 cdd.
684 3889 848 3950 scripturam.
861 3883 1048 3933 tercentena.

114 3997 223 4034 num
238 3989 324 4025 nm.
338 3987 390 4020 ur..
405 3987 442 4019 no.
456 3987 478 4019 v.
810 3973 843 4021 to
