2378 4386
166 487 230 552 610
352 499 455 536 notatam
473 498 579 536 aarum
598 499 695 535 suasa.
715 478 797 534 XXV.
819 486 933 536 14-18.

59 630 157 681 sonsa
228 627 269 688 14.
295 622 350 694 ¹is,
367 629 414 702 qui
431 621 435 704 Ι
452 636 564 700 rogatus
579 634 622 683 est
637 627 680 683 alii
695 629 838 685 restituere
853 627 1041 700 hereditatem,
1060 627 1124 703 iege

167 713 274 789 quidem
289 708 404 767 Falcidia
420 707 532 784 (locam)
547 725 602 767 non
617 708 747 782 habente,
766 712 893 785 qnoniam
907 726 963 767 non
978 710 1040 785 pius
1054 719 1123 787 pnta

166 812 246 872 qnam
266 794 424 851 dodrantem
444 795 586 851 restituere
605 803 717 867 rogatus
732 802 790 867 est,
811 811 843 852 ex
859 793 1029 853 i'reheliiauo
1044 812 1122 853 sena·

167 889 210 937 tus
233 877 359 935 consulto
381 880 516 949 restituit,
539 886 570 934 ut
584 879 609 934 ei
624 887 651 934 et
667 880 693 934 iu
712 895 774 935 eum
796 878 896 936 dentur
917 880 1054 952 actiones,
1076 882 1121 937 eui

165 965 291 1021 restituta
314 969 356 1019 est
378 961 522 1021 hereditas.
572 961 633 1036 iege
658 970 747 1019 autem
770 960 884 1019 Falcidia
910 964 1122 1036 interueniente,

166 1047 292 1121 quoniam
304 1045 366 1119 pius
378 1043 537 1103 dodrantem
548 1045 593 1103 uei
604 1046 683 1102 etiam
696 1053 778 1102 totam
789 1045 964 1103 hereditatem
976 1049 1122 1104 restituere

166 1139 278 1205 rogatus
293 1122 370 1196 ’cat,²
393 1145 425 1186 ex
440 1128 588 1204 Pegasiano
604 1138 713 1186 senatus
730 1130 855 1187 consulto
870 1130 1007 1206 restitnit,
1029 1139 1060 1189 nt
1074 1130 1121 1189 de·

165 1214 246 1271 ducta
260 1222 337 1288 parte
352 1222 447 1287 quarta
461 1215 529 1287 ipsi,
551 1214 597 1288 qui
613 1215 732 1289 scriptus
747 1222 789 1269 est
803 1213 895 1284 heres,
917 1205 974 1270 ἐι8
988 1215 1017 1270 in
1031 1215 1121 1288 ipsum

165 1297 286 1356 aetioiaes
297 1305 507 1371 conseruentur3
525 1298 658 1368 isauteru,
674 1299 721 1370 qui
731 1297 829 1370 recipit
843 1297 1031 1370 hereditatem,
1045 1298 1120 1373 lega·

165 1383 226 1441 tam
252 1381 314 1440 ioco
342 1381 484 1440 habeatnr.
533 1378 575 1438 ld.
604 1375 659 1438 ⁴lir
680 1381 827 1455 Pepasiano
855 1390 966 1438 senatus
993 1382 1121 1439 consulto

165 1467 290 1525 restituta
312 1465 461 1523 hereditate
481 1465 622 1523 commoda
636 1473 664 1521 et
684 1464 852 1521 incommoda
868 1463 1026 1521 hereditatis
1046 1482 1121 1522 eom·

165 1551 336 1607 medicantur
350 1551 423 1606 inter
437 1549 564 1607 heredem
579 1557 607 1605 et
622 1565 693 1616 eum,
709 1551 752 1605 cui
767 1547 888 1622 reliquae
903 1556 995 1622 partes
1010 1550 1121 1606 restitu-

167 1641 208 1690 tae
229 1641 309 1705 sunt,
332 1635 499 1707 interpositis
520 1631 739 1706 stipulationibus
762 1632 795 1688 ad
818 1631 970 1706 exemplum
992 1635 1077 1706 partis
1092 1640 1122 1690 et

165 1733 215 1792 pro
237 1724 313 1790 parte
336 1717 550 1791 stipulationum.
594 1718 679 1790 partis
694 1723 784 1771 autem
799 1724 825 1771 et
841 1732 892 1790 pro
914 1722 991 1790 parte
1006 1716 1121 1790 stipula·
1153 1752 1157 1758 -

165 1802 255 1858 tiones
275 1802 384 1875 proprie
407 1799 549 1871 dtcnnmr,
572 1814 640 1872 quae
663 1797 696 1855 de
711 1798 787 1856 lucro
808 1807 836 1857 et
852 1799 949 1855 damno
971 1801 1120 1856 communi·

165 1885 252 1942 cautio
267 1882 357 1941 solent
372 1884 589 1958 interponiinter
600 1881 726 1938 heredem
739 1891 766 1939 et
777 1881 936 1957 legatarium
951 1885 1118 1957 partiarinm,

165 1968 192 2026 id
213 1976 271 2039 est,
292 1983 354 2026 cnm
374 1983 429 2041 qno
451 1964 562 2040 'partiri
583 1959 696 2022 iussus⁵
717 1974 759 2021 est
780 1965 870 2024 heres.
913 1961 955 2023 itt.
979 1961 1025 2024 asp
1041 1967 1119 2024 ireres

165 2053 319 2109 damnosam
340 2050 515 2107 hereditatem
538 2048 624 2120 dicat,
647 2054 785 2123 cogitare
800 2059 926 2124 praetore
946 2049 1020 2107 adire
1034 2058 1062 2108 et
1076 2066 1118 2109 re·
1129 2066 1185 2116 [aaa]

164 2137 278 2192 stituere
294 2142 392 2198 totam,
416 2134 453 2189 ita
468 2141 498 2188 nt
514 2133 538 2187 ei
554 2141 581 2188 et
603 2134 630 2187 in
645 2149 721 2203 enm,
745 2135 791 2206 qui
813 2135 909 2207 recipit
930 2134 1118 2208 hereditatem,

164 2220 284 2276 actiones
300 2215 411 2285 dentur,
435 2215 549 2290 proinde
564 2224 644 2290 atque
659 2219 682 2273 si
697 2233 728 2274 ex
744 2217 914 2274 'trebelliano
929 2228 1039 2275 senatus
1054 2234 1118 2275 con·

164 2300 237 2358 suita
257 2301 384 2356 restituta
403 2299 510 2359 luisset.
553 2298 635 2375 idque
651 2309 682 2358 ut
696 2303 734 2356 ita
756 2298 819 2373 fiat,
840 2300 987 2374 Pegasiano
1008 2311 1118 2360 senatus

163 2383 290 2441 consulto
305 2390 423 2441 cautam.

225 2462 264 2525 lt.
290 2458 338 2523 ⁷st
360 2469 420 2542 quis
438 2470 466 2524 in
488 2466 609 2525 lraudem
632 2469 736 2525 tacitam
759 2466 839 2525 fidem
861 2468 1116 2542 adcommodauerit,

58 2557 195 2626 tulattnt
216 2567 272 2609 non
293 2554 408 2625 capienti
430 2550 667 2610 fideicommissum
689 2554 829 2623 restituat,
850 2545 854 2631 Ι
871 2568 921 2610 nec
943 2552 1116 2628 quadrantem

163 2653 225 2694 eum
241 2636 373 2695 deducere
393 2646 502 2694 senatus
524 2637 644 2708 censuit,
666 2651 717 2693 nec
737 2636 865 2693 caducum
886 2637 1022 2695 uindicare
1036 2654 1069 2695 er
1084 2654 1116 2695 eo

165 2730 336 2792 testamento,
351 2721 374 2778 si
390 2721 490 2779 liberos
504 2718 610 2776 haheat.

225 2804 269 2865 te.
293 2799 433 2862 ⁸Lihertas
448 2804 504 2861 dari
519 2811 611 2878 potest
627 2819 675 2878 per
690 2801 935 2862 fideicommissum.

236 2991 256 3058 ¹)
272 2993 310 3055 Cf.
329 2991 384 3042 dat.
400 3003 421 3048 a,
436 3001 483 3042 tto.
499 2990 574 3039 Paul.
588 3002 610 3048 t,
624 2999 645 3040 a.
660 2991 683 3051 ξ.
699 3002 719 3041 t.
772 2984 839 3052 ¹)sit
858 2989 916 3040 Vat.
931 2990 989 3041 edd.
1011 2991 1114 3048 literni,

162 3072 191 3114 at
200 3071 265 3128 pato
280 3070 301 3121 e,
316 3061 385 3127 quod
403 3077 460 3110 eun
474 3060 505 3111 od
518 3076 625 3124 sequeno
644 3074 671 3108 ea
687 3060 821 3123 periisset,
841 3061 914 3123 infra
929 3069 990 3123 post
1007 3077 1029 3111 a.
1044 3060 1113 3110 heres

162 3134 280 3184 omissum
292 3133 366 3181 etiaic
377 3133 536 3180 intrusumet
544 3146 579 3179 ex
587 3137 682 3192 rogatus
690 3129 847 3180 adhaerente
860 3132 886 3179 ia
893 3132 1004 3194 frontes
1015 3131 1114 3194 sactum

162 3209 200 3252 eet
214 3203 252 3253 sit.
319 3197 415 3265 ³)Huc
429 3202 557 3257 revocavi,
571 3201 622 3249 oid.
637 3207 688 3249 not.
703 3211 723 3251 a.
739 3200 785 3265 (et)
799 3201 839 3250 ed.
853 3199 901 3266 Bp.
963 3199 985 3267 ⁴)
1001 3201 1039 3265 Cf.
1056 3200 1113 3250 Gai.

61 3317 63 3321 ,
162 3284 184 3330 a,
198 3281 245 3323 att
267 3271 341 3320 Pani.
356 3282 378 3331 t,
392 3281 412 3320 a.
427 3273 450 3332 ἕ.
467 3283 485 3321 1.
500 3285 581 3333 supra
595 3282 629 3330 tt,
644 3280 677 3323 aa.
743 3268 763 3335 ὁ)
779 3272 880 3334 partitas
899 3269 1115 3336 (propertirisns)

167 3342 226 3392 Vat.
240 3342 298 3391 edd.
329 3339 382 3390 Neo
400 3356 460 3390 vero
478 3341 575 3390 demum
593 3357 627 3390 ea
642 3342 717 3404 facta
731 3344 875 3405 partitione
893 3343 957 3392 haee
975 3344 1115 3407 appellatio

162 3413 268 3463 dicitur.
292 3410 381 3460 Simile
395 3413 483 3460 uitium
497 3411 547 3461 uid.
563 3413 590 3461 in
605 3423 668 3470 tat.
720 3408 795 3478 ⁸)Cs.
814 3413 959 3474 dotatas.
975 3413 1114 3473 Panthi.

162 3485 185 3546 β.
200 3495 221 3534 t.
274 3478 294 3546 ⁷)
311 3482 349 3544 Cf.
364 3480 395 3530 1..
412 3494 444 3533 10.
460 3496 494 3533 tt.
513 3483 544 3531 D.
560 3483 592 3532 de
605 3483 646 3532 lais
660 3498 683 3547 q.
700 3489 727 3532 ut
741 3483 794 3531 ind.
810 3483 897 3548 (aaa).
918 3483 948 3533 h.
959 3495 991 3534 aa.
1008 3485 1030 3545 ξ.
1042 3497 1062 3535 1.
1082 3484 1114 3532 D.

163 3553 199 3602 ad
211 3555 228 3602 i.
245 3551 315 3604 Falc.
330 3550 375 3618 (³5,
391 3553 422 3618 t).
439 3553 468 3602 L.
482 3565 509 3605 ta
519 3569 563 3616 pr.
578 3553 610 3603 1..
625 3566 658 3606 aa.
679 3553 710 3604 D.
726 3553 757 3603 de
773 3556 788 3602 i.
801 3556 861 3617 fisci
875 3555 919 3619 (aa,
935 3554 978 3618 tt).
1038 3551 1059 3618 ⁸)
1076 3553 1113 3614 Cf.

162 3639 243 3687 aupra
262 3635 286 3683 a,
306 3636 317 3676 t
336 3639 387 3689 aeq.
424 3624 539 3674 Ceterum
564 3624 664 3674 dandas
684 3623 829 3673 rationibus
849 3631 919 3673 recte
939 3624 1004 3674 iaec
1024 3627 1115 3689 reputa

162 3693 274 3746 breviter
288 3696 364 3744 etiam
377 3696 401 3745 h.
417 3697 434 3746 i.
448 3695 538 3745 addita
553 3696 638 3744 uideri
654 3692 739 3750 deden
754 3696 866 3757 primum
885 3710 916 3744 ne
934 3711 986 3745 non
1000 3695 1116 3759 capienti

162 3765 210 3817 hoa
225 3780 287 3815 caea
298 3767 520 3828 fideicommissum
537 3780 612 3815 seruo
633 3765 695 3814 dari
709 3772 785 3828 putea
802 3766 847 3828 (cf.
863 3765 895 3814 L.
909 3778 929 3816 a.
952 3765 977 3814 C.
992 3765 1024 3815 de
1038 3768 1114 3829 lepat.

162 3849 184 3897 a,
198 3835 246 3903 aa),
266 3837 359 3887 deinde
377 3839 438 3902 quia
457 3852 474 3886 a
492 3837 602 3901 sinpaia's
620 3835 697 3884 redas
711 3850 761 3898 per
776 3836 997 3898 fideicommissum
1016 3836 1116 3885 reticita
