2378 4386
161 549 225 615 298
457 563 515 601 om
532 564 636 602 rserrr.
654 546 703 601 ΙΙΙ.
723 552 833 602 bi-bd.

162 706 271 782 quidem
287 709 430 763 intestatae
445 705 621 776 decesserint,
636 706 702 763 nihil
716 709 781 762 noni
796 715 925 780 patronae
937 706 1028 762 liberis
1040 707 1128 763 bono·

162 802 237 848 ratae
259 791 302 847 les
317 791 396 865 Papia
418 799 557 864 praestat3
581 792 673 865 itaque
688 792 710 846 si
727 807 814 864 neque
837 793 895 863 ipsa
911 800 1023 864 patrona
1039 808 1129 864 neque

162 876 258 933 liberta
273 879 370 948 capite
385 874 516 931 diminuta
528 875 574 943 sit,
590 892 622 932 ex
639 876 701 948 lege
711 892 757 932 111
771 875 922 931 tabularum
934 877 966 931 ad
979 892 1036 931 eam
1050 876 1128 932 here-

161 961 232 1016 dltas
247 962 375 1032 pertinet,
398 968 426 1016 et
448 958 630 1015 excluduntur
651 959 765 1016 libertae
788 960 879 1023 liberi:
903 960 977 1032 quod
998 962 1067 1016 iuris
1086 968 1128 1016 est

161 1046 243 1101 etiam
265 1045 289 1099 si
310 1043 402 1100 liberis
427 1044 561 1099 honorata
584 1059 640 1100 non
663 1046 699 1100 sit
721 1053 849 1117 patrona:
876 1060 1023 1118 numquam
1046 1046 1129 1115 enim,

162 1131 233 1186 sicut
248 1144 331 1202 supra
346 1127 471 1199 diximus,
494 1128 609 1185 feminae
629 1145 708 1184 suum
732 1129 860 1185 heredem
882 1128 981 1185 babere
997 1136 1127 1202 possunt:

164 1215 187 1271 si
204 1229 271 1270 uero
282 1212 325 1269 uel
337 1213 418 1268 buius
432 1212 474 1268 uel
488 1211 560 1269 illius
572 1214 668 1287 capitis
680 1212 827 1269 deminutio
841 1215 1014 1284 interueniat,
1031 1230 1127 1269 rursus

163 1297 241 1354 liberi
256 1296 369 1354 libertae
384 1296 533 1354 excludunt
547 1307 701 1370 patronam,
725 1298 787 1369 quia
809 1297 931 1370 legitimo
948 1300 1006 1354 iure
1023 1302 1129 1369 eapitis

163 1383 341 1439 diminutione
366 1389 511 1456 perempto
535 1383 643 1450 euenit,
669 1390 700 1436 ut
721 1381 798 1438 liberi
820 1381 933 1438 libertae
956 1384 1127 1456 cognationis

163 1469 222 1524 iure
249 1468 370 1539 potiores
397 1466 556 1522 habeantur.
596 1461 644 1522 52.
667 1466 732 1521 Cum
754 1476 844 1521 autem
868 1475 1033 1523 testamento
1056 1469 1128 1523 iacto

163 1553 280 1608 moritur
295 1551 400 1621 liberta,
416 1567 446 1605 ea
461 1551 571 1622 quidem
585 1559 712 1625 patrona,
732 1566 801 1623 quae
816 1550 906 1607 liberis
922 1553 1056 1607 bonorata
1073 1568 1127 1607 non
1146 1592 1151 1600 .

163 1646 215 1703 est,
239 1635 305 1692 nihil
327 1636 393 1690 iuris
416 1634 495 1691 babet
516 1644 609 1691 contra
632 1634 744 1690 libertae
773 1644 979 1701 testamentum
1002 1639 1029 1692 ei
1050 1652 1125 1705 uero,

162 1735 233 1794 quae
248 1719 340 1776 liberis
357 1720 490 1775 honorata
506 1721 552 1789 sit,
569 1720 621 1774 lroc
636 1721 677 1774 ius
694 1719 823 1776 tribuitur
838 1736 887 1793 per
903 1720 991 1794 legem
1008 1721 1126 1794 Papiam,

162 1804 238 1877 quod
253 1804 334 1861 babet
351 1820 382 1859 ex
398 1804 487 1860 edicto
504 1812 633 1876 patronus
649 1813 742 1859 contra
759 1804 862 1860 tabulas
878 1805 977 1860 liberti.

225 1884 275 1947 58.
298 1887 396 1944 Eadem
424 1888 466 1944 lea
493 1887 634 1960 'patronae
656 1886 712 1944 lilio
735 1887 827 1944 liberis
856 1881 1011 1944 lionorato¹
1027 1907 1044 1944 s
1059 1908 1076 1946 s
1090 1881 1127 1946 *²
1141 1893 1187 1946 [²¹¹

88 1986 144 2037 tto.
162 1976 271 2050 patroni
294 1975 352 2029 iura
375 1971 463 2039 dedit;
486 1971 534 2026 sed
558 1972 585 2027 iu
608 1972 688 2029 buius
711 1989 827 2045 persona
850 1974 929 2027 etiam
953 1975 1033 2027 unius
1053 1982 1057 2038 t
1081 1972 1128 2030 lilii

163 2058 269 2117 filiaeue
283 2059 326 2112 ius
341 2055 451 2111 suflicit.

225 2141 275 2200 nt.
299 2140 436 2198 Hactenus
457 2142 545 2196 omnia
566 2133 677 2220 ’(ἰίὶα)3
699 2143 757 2197 iura
779 2142 856 2213 quasi
871 2157 920 2213 per
935 2139 1047 2194 indicem
1065 2143 1127 2197 teti·

163 2231 237 2302 glsse
266 2227 330 2281 satis
359 2233 409 2281 est.
459 2226 579 2298 alioquin
607 2226 765 2299 diligentior
792 2225 982 2299 interpretatio
1008 2226 1128 2298 propriis

162 2311 363 2369 commentariis
379 2311 501 2382 exposita
515 2304 588 2370 est.⁴

226 2392 273 2452 ab.
298 2393 443 2468 Sequitur,
466 2405 496 2450 ut
519 2395 552 2450 de
574 2395 653 2451 bonis
668 2393 824 2451 Latinorum
840 2393 1031 2450 libertinorum
1046 2393 1129 2468 dispi-

161 2480 272 2537 ciamus.
317 2476 367 2536 56.
392 2478 465 2546 Quae
486 2497 548 2553 pars
569 2481 634 2535 iuris
651 2487 682 2535 ut
696 2479 865 2536 manifestior
887 2477 943 2550 liat,
966 2479 1127 2536 admonendi

163 2581 268 2635 sumus,
285 2565 311 2620 id
327 2565 400 2639 quod
416 2565 468 2621 alio
484 2565 545 2622 loco
560 2563 685 2633 diximus,
702 2580 760 2635 eos,
775 2567 821 2637 qui
837 2580 909 2620 nunc
924 2563 1011 2619 latini
1026 2564 1127 2620 luniaui

162 2651 299 2722 dicuntur,
322 2650 386 2707 olim
410 2667 441 2706 ex
463 2652 522 2705 iure
545 2647 689 2715 Quiritium
712 2666 808 2705 seruos
833 2650 932 2720 luisse,
955 2648 1003 2704 sed
1027 2647 1126 2705 auriliu

163 2737 296 2810 praetoris
319 2737 346 2791 in
369 2734 502 2792 libertatis
517 2734 603 2790 forma
626 2735 729 2788 seruari
744 2734 859 2802 solitos3
883 2733 954 2789 unde
977 2735 1056 2788 etiam
1082 2748 1127 2788 res

161 2837 257 2877 eorum
270 2821 371 2894 peculii
380 2822 439 2876 iure
452 2819 484 2873 ad
496 2827 628 2892 patronos
640 2819 777 2890 pertinere
788 2818 884 2875 solitae
896 2811 1020 2895 (eant)⁵:
1033 2826 1127 2890 postea

163 2921 228 2962 uero
253 2922 301 2978 per
323 2905 412 2977 legem
429 2903 527 2957 luniam
544 2917 592 2956 eas
616 2917 719 2971 omnes,
744 2919 814 2975 quos
837 2911 948 2976 praetor
961 2904 988 2957 in
1004 2900 1127 2957 libertate

236 3035 256 3100 ¹)
266 3036 312 3086 Sie
327 3033 373 3085 γ’*
385 3052 420 3085 ex
429 3037 556 3084 relatione
567 3034 686 3099 Kriaeri
696 3034 768 3100 (init.
785 3036 918 3087 Verruede
924 3052 952 3099 p.
963 3033 1022 3097 tta),
1037 3034 1125 3082 utiam

162 3109 286 3157 lectiones
297 3109 375 3170 prins
385 3113 498 3155 tentatae
509 3105 657 3155 concidant.
720 3103 792 3170 ¹)cre
812 3104 857 3156 W
866 3110 916 3156 iere
927 3109 960 3170 ej.
970 3104 1019 3154 Kr.
1034 3103 1127 3153 Malim

160 3192 216 3249 ppe
229 3176 351 3242 (prope):
367 3178 419 3225 nini
435 3177 506 3238 farte
523 3177 591 3238 fait:
609 3175 707 3225 liberor.
722 3179 839 3227 bonorato
855 3180 920 3239 iure,
934 3177 1127 3242 quasimaxime

157 3251 259 3313 piacet,
279 3264 336 3297 cant
354 3255 378 3296 at
396 3262 410 3294 o
430 3247 584 3295 antecedens
598 3247 725 3296 incertam
738 3252 772 3298 sit
791 3257 816 3299 et
833 3257 958 3313 sequatur
977 3249 1019 3297 titii
1034 3248 1127 3296 ultrane

162 3320 207 3368 lue.
275 3313 294 3380 ⁸)
309 3317 411 3366 Addidi
427 3313 532 3366 ‘Gaias'
546 3332 574 3380 p.
589 3328 623 3368 ott.
654 3314 763 3368 ‘ciuium
779 3316 968 3370 liomannrnm’
987 3319 1027 3368 ed.
1043 3317 1091 3382 Bp.
1106 3329 1127 3369 n.

162 3389 231 3455 qaod
244 3405 295 3439 nan
310 3389 400 3438 addita
417 3385 590 3437 ‘libertorum'
603 3403 691 3450 perae
701 3390 829 3453 displicet.
886 3389 908 3455 4)
923 3390 1046 3454 Sequitur
1059 3390 1129 3438 linea

162 3476 253 3511 uacua.
314 3458 336 3525 ⁸)
353 3459 465 3510 Corrent'
478 3459 528 3522 (ed.
542 3459 566 3524 b)
581 3460 665 3508 solitae
683 3460 779 3525 G(pro
795 3462 880 3510 solitae
888 3467 905 3512 s'
908 3462 917 3526 )
932 3462 1003 3510 solitu
1018 3468 1056 3508 eat
1069 3459 1127 3511 edd.

162 3547 291 3596 nunquam
310 3532 389 3587 enirn,
408 3532 437 3579 ni
448 3530 544 3593 fallar,
566 3529 659 3587 Gaiae,
680 3539 707 3580 at
721 3548 756 3581 ru
772 3532 875 3582 tabulae
889 3533 921 3598 (2,
936 3531 986 3597 224)
1000 3540 1026 3581 et
1035 3538 1129 3594 postea

158 3603 310 3667 pleramque
323 3608 421 3650 tanturn
435 3602 547 3651 edictum
560 3610 585 3651 et
600 3610 719 3652 oratores
734 3618 784 3652 reru
796 3620 847 3667 pro
862 3603 936 3653 bonis
950 3604 1028 3653 atain

233 3704 259 3776 §-
275 3710 316 3757 52.
339 3708 377 3771 Cf.
396 3720 430 3759 ta.
455 3707 510 3771 bip.
531 3720 569 3768 aa,
588 3722 609 3760 r.
678 3705 1129 3777 §.53.0s.l..1a.tspr.lt.de

161 3778 218 3830 ban.
235 3779 277 3831 lib.
293 3780 337 3843 (88,
352 3779 384 3844 2).
440 3775 466 3847 ξ.
481 3783 523 3831 bu.
546 3779 584 3843 Cf.
600 3793 621 3841 1,
636 3791 669 3831 22.
686 3791 732 3830 tat.
747 3782 770 3842 ξ.
783 3792 804 3830 t.
825 3781 846 3829 I.
862 3782 894 3829 de
908 3797 978 3830 aare.
994 3780 1037 3830 lib.
1054 3780 1086 3846 (a,
1097 3780 1128 3845 t).

163 3850 208 3901 Fr.
223 3850 323 3901 Dasitb.
343 3862 363 3902 n.
383 3862 404 3902 t·
428 3850 482 3915 Uip.
498 3864 519 3911 1,
534 3862 567 3901 ιο.
587 3850 619 3899 1..
636 3866 678 3902 an.
694 3865 739 3912 pr.
755 3850 781 3899 C.
797 3851 829 3899 de
843 3851 904 3901 Lat.
920 3851 963 3900 lib.
978 3854 1032 3901 toll.
1048 3854 1080 3917 (t,
1093 3851 1129 3916 t).

161 3937 238 3987 neque
252 3922 292 3972 lib.
309 3922 360 3971 Lat.
375 3917 436 3990 etc]
452 3922 486 3984 cf.
502 3920 535 3971 1..
552 3920 625 3971 Flaa.
639 3919 711 3984 Salp.
727 3937 749 3970 c.
764 3932 798 3972 tt.
