2378 4386
283 202 337 232 tet:
356 201 455 232 tritam.
474 200 554 230 trina.
572 200 756 231 ttrnst'ttttto.
774 181 803 229 b.
824 187 896 230 1—1‘».
1002 182 1061 239 ldis)

201 329 230 386 t.
253 327 274 388 l.
298 328 337 384 ‘ln
358 329 399 385 dei
415 331 522 384 nomine
543 328 605 400 quid
627 329 733 383 tractari
755 326 863 396 debeat,
881 329 1006 398 quotiens
1022 325 1066 380 ad·

115 415 253 471 uersarius
271 412 358 485 aliqua
380 412 431 468 sibi
455 412 575 484 direpta,
596 410 653 466 'uei
667 405 779 481 ublata,¹
796 411 936 484 proposita
952 408 1066 465 intendit

116 499 223 555 actione
244 490 442 570 reposcerci’²
497 492 527 551 2.
551 494 670 549 Primore
692 495 717 549 in
740 493 801 550 ioco
824 493 903 550 debet
924 508 1066 567 personam

117 596 203 646 suam,
221 596 289 654 quac
303 581 339 635 sit
353 580 385 633 ad
407 577 583 650 repetendum
599 578 702 646 idonea,
715 576 855 633 euidenter
866 576 1024 634 ostendere:
1039 585 1067 630 ct

116 665 180 719 duxu
192 663 327 730 claruerit,
339 678 400 717 eum
418 661 449 716 ad
463 659 637 733 repetendum
651 676 791 733 personam
804 659 900 716 habere
912 659 1067 732 legitimam,

116 751 145 805 in
168 763 268 820 genere
292 746 404 802 actionis
427 744 506 816 quid,
537 752 583 798 aut
599 752 745 816 quantum,
760 752 805 798 aut
821 759 886 815 quas
901 745 1015 817 species,
1031 744 1067 799 'iu

118 830 199 887 modo
215 840 240 886 et
257 845 382 884 mensura
397 821 480 883 uero³
495 842 624 883 summam
640 834 667 881 et
684 828 860 898 quantitatem
871 825 950 882 debet
965 829 1067 899 specia-

117 914 182 971 liter
197 914 337 986 designare
359 921 388 967 et
408 909 590 965 indubitanter
618 912 775 982 exprimere.
810 905 840 966 3.
856 908 927 975 Quae
941 911 1069 965 uniuersa

119 995 266 1053 secundum
282 995 357 1067 leges
372 993 465 1050 subter
485 1009 602 1048 annexas
611 992 659 1067 lxi,
674 994 720 1065 qui
734 992 875 1048 iudicaturi
891 985 983 1061 sunt⁴,
1001 994 1068 1064 peti·

119 1089 207 1136 toreru
225 1077 336 1150 implere
357 1075 536 1151 compellunt:
551 1076 607 1149 ’qui
627 1078 650 1132 ai
669 1084 715 1132 aut
735 1070 916 1149 neglexerit,⁵
931 1084 977 1132 aut
992 1078 1069 1130 satis-

120 1163 207 1216 facere
222 1159 328 1233 legibus
344 1159 460 1217 tortasse
482 1161 650 1233 occuluerit,
670 1175 775 1216 causam
795 1158 903 1232 perdat,
920 1157 1068 1216 secundum

120 1245 195 1317 leges
216 1244 310 1299 subter
324 1259 448 1300 annexes.
483 1239 513 1298 4.
530 1242 631 1310 Quibus
652 1242 737 1299 modis
765 1259 845 1299 causa
861 1246 961 1316 petitor
982 1242 1070 1314 cadat,

120 1328 196 1401 leges
212 1326 258 1385 lib.
271 1326 291 1383 l.
306 1326 391 1384 Paulli
406 1335 523 1384 sentent.
540 1329 583 1384 tit.
599 1326 633 1383 de
647 1342 691 1399 eo,
714 1329 758 1400 qui
774 1343 851 1384 causa
867 1320 961 1396 cadit,⁶
975 1327 1027 1382 ita:

164 1407 244 1485 (Piae
254 1410 390 1482 petendo)
411 1427 490 1468 causa
512 1411 629 1468 cadimus
651 1419 698 1466 aut
719 1410 794 1479 loco,
823 1420 868 1466 aut
890 1427 1009 1482 summa,
1025 1420 1070 1466 aut

163 1504 296 1569 tempore,
312 1503 358 1549 aut
373 1494 510 1567 qualitate.
540 1493 623 1564 Loco,
638 1493 714 1549 alibi:
735 1510 848 1565 summa,
856 1492 992 1549 'maiorem
1010 1488 1070 1568 [pe-

163 1569 295 1655 tendo]:²
312 1586 444 1652 tempore,
454 1586 516 1633 ante
531 1576 648 1651 petendo
667 1576 761 1649 (quam
772 1574 916 1650 debetur):
932 1577 1071 1650 qualitate,

164 1661 283 1718 ciusdem
300 1656 360 1718 rei⁸
373 1663 490 1735 speciem
505 1656 588 1734 leta]
601 1654 745 1717 uiliorem⁹
761 1659 933 1732 postulando.

205 1742 234 1802 δ.
256 1745 322 1802 item
337 1744 383 1802 lib.
397 1745 415 1800 l.
431 1743 513 1800 Paulli
533 1752 650 1804 sentent.
666 1743 717 1800 sub
739 1743 819 1800 titulo
840 1746 862 1798 si
878 1742 1013 1800 hereditas
1027 1744 1088 1821 uei,

166 1828 229 1902 quid
245 1828 316 1885 aliud
332 1821 490 1903 petatura¹⁰

166 1910 305 1967 Hereditas
320 1928 369 1985 pro
385 1928 416 1967 ea
430 1920 506 1984 parte
522 1912 578 1985 peti
588 1910 678 1982 debet,
693 1928 743 1986 pro
759 1928 810 1984 qua
824 1910 855 1968 ad
872 1927 922 1967 nos
937 1912 1070 1985 pertinet:

165 1994 285 2067 alioquin
301 1994 361 2068 plus
377 1994 485 2067 petendi
501 1993 650 2067 periculum
666 1997 826 2066 incurrimus
847 2004 875 2051 et
889 2010 994 2051 causam
1010 2011 1072 2068 per·

171 2077 267 2137 dianus.

208 2155 238 2217 6.
261 2159 298 2215 Ex
320 2176 436 2234 corpore
451 2161 672 2233 ilermogcniani,
693 2161 765 2217 titul.
781 2160 815 2217 de
837 2160 1073 2217 calumniatoribus

167 2253 195 2299 et
209 2243 270 2316 plus
286 2244 415 2315 petendo:
425 2237 448 2278 ¹¹

69 2339 114 2387 rao]
167 2327 250 2400 impp.
268 2325 446 2383 Diocletianus
462 2335 489 2382 et
504 2326 674 2383 liarimianus
688 2327 742 2381 tt.
759 2326 868 2382 itureiio
884 2325 990 2383 Dextro.
1020 2326 1074 2384 ln·

199 2534 219 2602 ¹)
234 2537 326 2586 sublata
340 2537 407 2601 edd,
419 2537 518 2600 sactum
531 2553 567 2588 ec.
582 2553 617 2587 ecc
631 2538 731 2587 urbiam.
787 2534 809 2598 ¹)
828 2537 888 2587 Vid.
903 2544 954 2588 aot.
969 2539 1006 2587 ad
1017 2550 1039 2598 e,
1055 2552 1073 2589 t.

128 2606 148 2674 ⁸)
164 2609 186 2657 in
202 2608 297 2657 modum
311 2616 335 2656 et
348 2622 483 2656 mensnram
497 2607 535 2657 uel
549 2608 606 2657 edd.
635 2607 760 2672 Inteiiipit
773 2606 851 2657 ICiue
868 2622 912 2657 rer
930 2623 995 2671 quae
1009 2624 1075 2671 pora·

126 2680 188 2729 dere
201 2693 306 2728 nurnero
320 2679 360 2727 oei
373 2683 492 2727 rrtcnaura
507 2685 639 2733 constant:
659 2678 727 2742 pund
744 2685 820 2727 antea
835 2685 946 2741 quantum
961 2678 1075 2737 dixerat,

125 2750 263 2813 adportes
275 2750 316 2798 rei
329 2750 369 2798 oei
381 2747 534 2798 hereditatio
543 2750 642 2813 petitae
655 2748 756 2798 uidetur
769 2754 895 2812 spectare.
942 2745 963 2813 ⁴)
975 2748 1013 2812 Os.
1024 2757 1075 2800 aot.
1091 2765 1093 2768 ·

126 2820 162 2870 ad
170 2831 192 2878 e,
201 2830 221 2870 2.
269 2816 290 2884 ⁸)
305 2819 346 2883 qui
360 2819 381 2867 si
396 2826 435 2867 aut
449 2818 568 2882 negligere
581 2819 639 2869 edd.
654 2833 714 2883 quae
728 2819 750 2867 ai
761 2826 800 2868 aut
810 2818 939 2880 neglexerit
949 2818 1031 2884 Pupp.
1043 2823 1076 2883 ej,

128 2886 185 2954 ⁶)1.
202 2901 234 2941 to.
255 2892 327 2951 §.1.,
347 2888 390 2938 abi
406 2889 458 2938 oid.
479 2895 528 2940 noi.
563 2889 618 2939 Pro
634 2895 753 2954 sequente
773 2889 804 2937 ita
823 2891 930 2953 corrigo
944 2895 989 2938 etc.
1004 2888 1077 2954 (quia

127 2961 245 3009 omissam
258 2967 316 3009 erat
329 2960 382 3022 pins
396 2958 518 3024 petendo).
579 2956 600 3026 ³)
615 2960 639 3010 in
653 2959 782 3022 repetendo
796 2959 853 3009 edd.
884 2958 981 3008 iberae
995 2974 1021 3009 rc
1033 2976 1077 3026 pe·

127 3030 222 3080 minata
241 3030 329 3078 maiore
345 3026 485 3097 [petendo],
504 3046 562 3080 nam
579 3030 681 3094 petendo
700 3037 850 3093 coepertum.
924 3026 945 3095 ⁸)
960 3028 1005 3081 Sic
1019 3031 1076 3081 edd.

128 3099 196 3162 quod
206 3098 277 3161 ferri
286 3106 379 3163 poteri,
393 3100 434 3149 rei
448 3101 619 3162 appellatione
632 3101 790 3164 peneraiiter
804 3107 919 3164 accepta.
948 3099 1015 3152 Edd.
1027 3113 1045 3152 1.
1056 3114 1077 3153 a.

127 3168 283 3230 scripseram
302 3168 375 3218 debiti
393 3170 487 3230 generis
506 3176 612 3219 notare:
630 3167 769 3232 Scriptura
788 3184 867 3230 gener.
883 3172 969 3233 primo
990 3173 1079 3220 vitium

128 3238 235 3294 creavit,
249 3252 309 3298 gene
323 3240 350 3287 in
365 3240 447 3288 eirar'ie
462 3238 516 3286 dem
525 3237 647 3287 adeunte:
660 3245 719 3287 ante
728 3239 796 3302 quad
804 3241 886 3288 rimiie
896 3239 969 3288 deuiti
979 3242 1079 3290 eccidit

126 3309 255 3372 perninato
270 3308 291 3356 c'
306 3305 379 3373 (eins)
393 3324 427 3357 eac
441 3307 560 3372 qualitate.
634 3304 656 3371 ⁹)
670 3307 792 3357 meliorem
806 3309 879 3367 edd„
894 3310 954 3359 licet
968 3312 1078 3360 uiliorem

128 3378 186 3426 edd.
205 3391 274 3428 meae
288 3388 308 3428 1.
323 3388 344 3427 r.
365 3379 412 3427 red
429 3379 475 3426 etsi
491 3377 601 3440 facilius
615 3384 676 3440 poet
693 3378 811 3440 speci-cm
829 3379 951 3429 excidere
966 3387 1079 3442 poterat.

131 3446 168 3507 Cf.
184 3449 207 3508 §-
223 3458 256 3499 ω.
276 3446 298 3496 1.
313 3448 346 3497 de
360 3454 410 3497 act.
425 3446 457 3511 (t,
471 3446 502 3510 6).
520 3446 577 3497 Gai.
591 3457 656 3506 mitt.
711 3443 743 3510 ¹⁰)
757 3442 913 3510 drab-§.tt-
966 3446 999 3513 ¹¹)
1019 3448 1079 3498 Vini.

128 3514 237 3565 Haenei.
253 3515 342 3566 Herm.
359 3515 384 3566 0.
395 3531 424 3580 p.
439 3528 472 3568 tt.
