2378 4386
454 621 489 657 nx
506 620 591 658 sumo
609 621 731 658 vanum.
1008 595 1070 664 723

120 770 159 811 ex
176 756 323 825 permissu
343 752 488 824 praesidis
508 752 661 822 distracta,
685 740 816 806 ’sincera¹
839 744 891 803 lide
909 748 1075 821 conparasti,

122 829 176 893 ’ea²
196 838 316 893 ueniiiio
331 837 365 894 ab
380 837 522 892 sollennes
534 836 748 906 praestationes
762 847 803 890 ea
816 835 989 890 necessitate
1003 830 1073 888 iacta

120 920 237 977 conuelli
253 936 307 975 non
322 911 428 976 eieiet.³
445 958 451 972 .
469 959 475 973 .
493 959 499 972 .
518 959 524 973 .

183 1000 233 1062 23.
249 997 440 1059 ⁴Diocletiauus
456 1008 484 1056 et
497 995 725 1072 ’iMaocimionnsi
742 993 982 1072 supplement
1006 995 1074 1055 Cum

121 1092 241 1160 speciem
256 1088 398 1143 uenditam
421 1084 548 1141 uiolentia
567 1085 648 1156 ignis,
670 1085 716 1155 qui
739 1099 812 1139 nunc
835 1081 899 1157 ’per
919 1085 1074 1155 pomerium

121 1186 228 1229 sacrae
238 1170 318 1227 striis
328 1175 481 1242 praecatus
494 1160 561 1237 est,⁶
576 1168 749 1237 absumptam
761 1167 843 1235 dicas,
858 1166 881 1220 si
893 1165 1075 1222 uenditionem

122 1258 202 1313 issula
218 1256 347 1311 condicio
361 1252 568 1323 suspenderat,
591 1253 713 1306 amissae
735 1252 781 1306 rei
790 1251 954 1320 periculum
970 1258 997 1304 te
1019 1264 1077 1304 non

122 1338 282 1410 adstringet.
304 1336 345 1391 DP
347 1375 498 1391 .......

184 1417 232 1478 24.
256 1419 435 1475 Diocletianus
457 1409 625 1472 'Claudiano⁷
641 1457 648 1472 .
665 1456 695 1471 ..
717 1416 814 1472 Utrum
836 1416 871 1471 ab
890 1409 1008 1485 culpam'
1021 1415 1075 1471 ali·

122 1522 207 1578 qnam
230 1503 385 1559 uenditoris
407 1502 458 1556 iiii
478 1501 593 1572 emptori
614 1499 776 1555 indemnitas
798 1501 963 1555 eonomine
987 1512 1078 1569 prae·

122 1588 226 1644 stando
248 1588 295 1652 sit,
319 1585 396 1656 quod
415 1601 500 1656 quam
522 1585 624 1640 scribis
638 1583 838 1655 possessionem
853 1581 989 1638 uenditum
1004 1597 1073 1644 esso,

122 1662 243 1725 'coeias⁸
264 1668 404 1723 nominum
422 1671 570 1741 inpressus
590 1673 632 1723 esi
647 1674 675 1723 et
695 1668 875 1737 (lenaticum,
897 1664 1080 1739 esqualitate

123 1754 161 1808 sei
183 1751 332 1825 perdoctus
350 1766 473 1822 praeses
492 1753 664 1822 prouinciae
686 1750 854 1808 aestimabit.
896 1749 1079 1808 Diocletiano

122 1838 194 1908 Aup.
211 1833 242 1890 ll.
260 1841 289 1890 ct
303 1833 457 1892 Aristoboia
473 1827 583 1892 conss.⁹
599 1828 602 1909 l

187 1913 235 1974 26.
259 1910 435 1974 ¹⁰Gaiiienus
448 1919 520 1990 Aup.
538 1959 545 1975 .
564 1961 570 1974 .
589 1959 596 1973 .
614 1919 695 1984 Eam,
719 1920 769 1992 qui
788 1921 852 1974 iure
870 1909 1185 1989 emphyteuticostnie}

123 2001 321 2076 possessionem
335 2008 464 2073 paratam
480 2009 559 2058 recte
575 2007 674 2072 tenuit,
690 2016 729 2057 ex
744 2016 779 2058 ea
794 2003 909 2058 detrusti
921 2017 978 2057 non
989 1984 1181 2089 possessistlfm

123 2084 159 2142 ab
174 2086 264 2157 aliquo
276 2084 369 2140 directi
385 2085 452 2140 iuris
465 2093 598 2157 emptore,
614 2086 766 2143 indubitati
778 2088 851 2143 iuris
866 2091 917 2142 est.
935 2125 942 2139 .
960 2126 967 2140 .
986 2124 993 2139 .
1011 2083 1076 2141 Gai-
1097 2094 1153 2132 uts-

122 2171 197 2227 liena
213 2169 242 2224 V.
259 2176 287 2225 et
303 2166 429 2223 Faustino
446 2162 562 2225 conss¹¹

186 2249 237 2311 20.
261 2244 286 2286 ¹²
299 2292 305 2306 .
318 2292 326 2308 .
339 2292 346 2305 .
358 2251 392 2308 Si
405 2259 432 2308 te
443 2257 581 2309 extremis
589 2254 730 2323 quondam
740 2251 946 2310 necessitatibus
958 2249 1174 2330 unguendifflf·

124 2334 195 2392 tibus
206 2344 282 2410 pater
296 2338 544 2408 sanpuinalentum
559 2338 696 2408 uendidit,
711 2337 919 2406 secunduma,
936 2339 1014 2410 quael
1028 2337 1077 2394 ’tti-

124 2412 195 2476 uis¹³
209 2418 366 2492 parentibus
378 2418 489 2491 placuit,
500 2420 568 2477 elato
576 2424 681 2491 pretio,
694 2424 853 2493 queuntes,
868 2423 916 2477 uel
927 2424 984 2479 alia
996 2439 1077 2477 man-

124 2506 197 2576 cipio
211 2507 253 2574 ei,
274 2507 303 2559 in
319 2506 401 2558 cuius
416 2501 513 2558 familia
528 2501 610 2576 longa
625 2511 712 2560 aetate
727 2504 844 2578 depuli,
864 2511 947 2576 potes
961 2505 1063 2560 redimi
1068 2528 1079 2558 .-

123 2604 179 2661 quo
193 2594 323 2643 morante
339 2589 388 2643 adi
402 2594 429 2641 ei
444 2601 505 2642 rem
519 2587 588 2643 iace
605 2586 768 2660 praetectum
785 2586 859 2658 urbi,
882 2588 971 2644 uirum
985 2587 1076 2643 claris·

77 2693 112 2740 aa]
123 2672 228 2728 simum.
263 2669 313 2725 DP.
331 2668 361 2726 ll.
378 2669 431 2725 kal.
448 2711 455 2724 .
472 2713 480 2727 .
497 2710 504 2725 .
522 2709 530 2726 .
548 2711 554 2724 .
572 2710 579 2724 .
595 2685 686 2727 conss.

185 2749 229 2812 2⁷.
254 2794 285 2809 ..
303 2795 309 2809 .
326 2795 333 2808 .
352 2746 423 2808 ¹iiie
442 2757 532 2825 possit
550 2768 606 2826 per
620 2754 789 2810 nutritorem
804 2759 883 2810 tuum
897 2750 1077 2810 lortuuatum

196 2961 215 3029 ¹)
232 2963 258 3014 0.
274 2964 295 3013 I.
310 2980 366 3013 neca
387 2964 445 3014 Vnt.
456 2964 513 3014 edd.
526 2964 617 3015 Hollw.
630 2963 742 3014 Momms.
794 2959 815 3029 ²)
832 2960 883 3013 Om.
898 2962 921 3014 I.
937 2963 963 3014 0.
978 2971 1002 3012 et
1016 2964 1076 3014 Vat.

123 3034 181 3084 edd.
195 3033 289 3084 Hatita.
306 3034 419 3085 Momms.
493 3031 513 3100 ⁸)
527 3033 690 3098 Subscriptio
709 3036 736 3083 in
752 3034 773 3082 I.
790 3033 816 3084 0.
831 3034 1004 3083 desideratur.

124 3102 146 3169 4)
161 3104 222 3163 Est,
232 3106 328 3167 paucis
341 3107 454 3163 omissis,
469 3104 500 3153 L.
516 3116 537 3156 t.
558 3106 583 3154 C.
599 3106 631 3154 de
645 3105 730 3168 peric.
745 3111 770 3154 et
783 3119 868 3154 comm.
885 3102 916 3168 (4,
930 3103 967 3169 48)
981 3102 1075 3155 Heliae.

124 3172 146 3239 ⁶)
160 3174 276 3238 Scripsi,·
295 3175 365 3225 diocl.
385 3183 409 3224 et
427 3176 500 3224 aurel.
526 3175 573 3224 Vi.
602 3175 762 3225 Diocletianus
782 3182 805 3223 et
824 3174 1002 3225 Maximianus
1016 3175 1074 3229 AA.

124 3246 233 3297 Leontio
248 3247 287 3295 ed.
303 3246 396 3295 Hatita.
412 3246 572 3295 Diocletianus
591 3246 687 3296 intralia
702 3245 812 3295 Leontio
826 3245 865 3295 ed.
882 3245 995 3295 Momms.
1023 3244 1077 3296 Sed

123 3316 155 3364 de
169 3324 228 3366 nota
243 3315 331 3364 dioclet
345 3338 378 3358 ιι
393 3315 553 3366 Diocletianus
567 3320 594 3366 in
614 3317 671 3366 Vnt.
687 3331 737 3367 non
752 3322 861 3367 constat.
917 3312 938 3382 ⁶)
954 3315 1076 3367 Restituit

124 3385 236 3436 Momms.
288 3383 308 3451 7)
323 3386 434 3435 Claudiae
449 3390 488 3436 uei
501 3388 631 3437 Claudiano
646 3386 743 3437 Buellt.
759 3389 791 3450 qi.
817 3385 956 3451 Sequentia
970 3387 1006 3436 oti
1017 3403 1075 3438 sest-

122 3472 176 3505 aum
191 3459 300 3506 restitui.
348 3455 428 3522 ⁸)coc
443 3457 502 3506 Vnt.
517 3460 778 3519 cocaeteogaelcom
793 3457 840 3505 Vi.
866 3457 1075 3522 Erposortasse:

122 3529 313 3578 commilitiones
323 3529 378 3576 eius
388 3529 501 3592 inpressi
508 3535 568 3576 sunt
577 3536 602 3577 et
611 3529 788 3577 denuntiarunt.
831 3522 945 3593 Daiei.
990 3524 1022 3594 ¹⁰)
1033 3528 1076 3577 Ad

122 3611 222 3645 sensum
235 3599 346 3647 restitui.
363 3625 394 3633 —
409 3596 440 3645 Si
454 3599 479 3645 in
495 3597 551 3646 Vat
564 3605 601 3647 est
615 3598 678 3646 otico
693 3596 823 3661 (Xantico.
839 3596 1017 3647 Possesslonem
1031 3613 1073 3663 pa·

121 3674 221 3716 ternam
233 3669 274 3718 eei.
290 3666 427 3732 Maioma),
442 3668 562 3715 restitue:
581 3663 645 3726 ‘Qui
663 3666 872 3729 emphyteuticam
889 3683 906 3715 a
923 3682 1074 3730 possessore

121 3738 201 3786 antico
216 3739 394 3802 possessionem
409 3733 592 3801 paratam'etc.
647 3732 679 3801 ¹¹)
692 3751 716 3784 a.
728 3747 775 3786 eut.
829 3732 862 3802 ¹¹)
876 3735 982 3786 Sensum
997 3739 1073 3787 resti·

121 3808 214 3859 tuentio
232 3809 386 3873 sipnistcaui.
418 3807 456 3870 Cf.
477 3806 551 3855 Pani.
571 3805 597 3855 S.
615 3805 719 3862 it.s,1.
738 3806 796 3867 §.n
816 3804 848 3854 L.
868 3822 910 3855 un.
934 3806 977 3855 ita.
1000 3807 1026 3858 0.
1040 3807 1073 3856 de

120 3877 169 3935 iis,
184 3880 229 3941 qui
241 3879 360 3942 sanpuin.
376 3875 407 3942 (5,
417 3875 449 3941 e),
464 3877 536 3939 infra
551 3878 574 3938 ξ.
585 3888 618 3927 34.
672 3871 704 3940 l⁸)
719 3875 850 3924 uiuisedd.
904 3871 937 3941 14)
952 3874 1071 3924 Restitui.

122 3944 161 4008 Cf.
176 3949 214 3997 tit.
231 3948 257 3997 0.
271 3948 303 3995 de
314 3945 411 4009 patrib.
426 3948 471 4010 pui
480 3949 518 4008 til.
533 3945 565 4010 (4,
578 3947 623 4010 ln).
643 3944 674 3994 L.
690 3957 710 3995 1.
732 3945 757 3994 0.
772 3945 804 3994 de
819 3944 860 3993 lib.
876 3959 956 3995 causa
970 3944 1012 4010 (i,
1026 3942 1071 4009 tt).

803 4029 859 4084 io*
