2378 4386
67 39 1153 329 ..zt-

350 600 826 638 arnonis.rasmc1s·s.anaucuss
998 581 1059 644 869

109 751 176 808 τρος
190 752 224 810 τη
212 726 446 806 ίνιουριάρονμ
460 723 616 832 ίηήχθη
586 748 641 826 την
659 732 889 786 animsoiusaere
901 729 986 784 liuius
995 745 1061 784 con-

109 810 221 891 άρχὴν,
242 810 293 871 καὶ
307 807 373 871 aioni
393 820 446 888 τῆς
462 811 503 881 είς
518 808 554 868 τά
569 808 640 911 χρη·
658 817 811 870 statutionis
833 816 956 883 speciem
975 816 1063 867 anim·

110 917 187 974 ματα
208 895 369 970 καταδίκης
398 893 546 968 ἐξωρίσθη
567 891 639 970 πρὸς
660 899 791 962 advertit,
800 898 1064 953 etsecundumeius

113 978 264 1039 ἐνιαυτόν
294 971 411 1037 τίνα’
377 997 432 1036 ουκ
456 975 584 1051 ἐπείσθη
605 984 640 1055 τῇ
660 982 838 1035 traditionem
870 996 922 1037 nos
952 983 1064 1053 finpere

111 1063 260 1137 αποφασει
274 1070 327 1137 της
344 1058 471 1135 ίξορίας
492 1057 641 1117 καὶτοῦτο
660 1064 807 1132 debemus,
840 1065 918 1120 hunc
946 1065 1064 1120 Petrum

111 1144 221 1223 μαθών
235 1141 251 1202 6
266 1140 406 1221 βασιλεὺς
426 1137 515 1211 αὐτὸς
537 1138 566 1213 ἐξ
585 1139 640 1198 αὐ·
660 1147 829 1200 iniuriarum
843 1149 1020 1201 actioneab
1009 1152 1061 1203 ini·

111 1229 233 1298 θεντίας
249 1228 290 1297 εἰς
305 1233 449 1325 πενταετῆ
467 1223 573 1300 χρόνον
587 1220 640 1282 αδ·
661 1231 697 1282 tio
714 1235 881 1283 conuentum
897 1235 924 1283 ct
941 1233 1000 1284 oica
1011 1245 1063 1300 pe·

112 1311 163 1371 τὸν
173 1310 353 1410 ἐξώρισεν,
395 1305 447 1365 καί
485 1306 641 1409 ἐπήγαγεν,
661 1326 811 1366 cumanae
822 1313 1064 1367 condemnationis

111 1388 204 1455 αὐτὸν
224 1391 264 1468 μὴ
286 1388 471 1467 ήτιρωσθαι,
494 1411 530 1449 ου
519 1382 638 1447 ’διά
610 1411 642 1448 το
660 1399 690 1449 in
701 1411 807 1449 annum
819 1397 975 1467 rcteputum
989 1395 1063 1464 suis·

111 1477 204 1580 βάρος
220 1483 272 1550 τῆς
288 1475 426 1551 τιμωρίας
442 1483 494 1549 τῆς
507 1469 643 1544 ignitos
661 1493 707 1532 se:
702 1478 819 1532 demde
826 1481 1063 1533 sententiaerete

112 1567 165 1618 τοῦ
180 1556 323 1655 βασιλέως
335 1554 554 1633 ἐπενεχθείσης,
569 1553 641 1615 άίλά
659 1561 781 1633 potionis
795 1578 852 1617 non
870 1562 1063 1631 obtemperas-

112 1640 163 1702 διὰ
183 1662 215 1700 το
204 1635 320 1718 βάρος
341 1649 394 1717 της
414 1639 532 1718 πρώτης
551 1661 641 1698 κατα·
661 1660 707 1699 se.-
729 1645 806 1714 quati
827 1661 890 1700 cum
907 1648 1065 1715 imperator

111 1726 209 1800 δίκης,
224 1720 298 1785 6as‘
282 1721 342 1782 vn6
358 1724 396 1781 τῶ
411 1721 532 1803 άρχοντι
546 1723 642 1824 κρινδ-
661 1731 823 1783 rescivisset
824 1732 905 1798 ‚ipse
915 1744 953 1784 ea
965 1733 1063 1783 auctit-

111 1829 199 1889 μενος
210 1783 643 1885 ὦςῦβριστῆςάντίχρημάτων
661 1815 747 1866 ritate
761 1826 815 1866 suo
830 1816 859 1866 in
880 1814 1067 1883 quinquennii

112 1895 154 1965 είς
183 1892 298 1965 ἕξορίαν
328 1886 540 1966 κατεδικάσθη.
589 1888 642 1949 06¹-
662 1902 773 1964 tempus
795 1909 858 1949 curn
880 1897 1016 1967 reiepooit
1039 1901 1064 1949 et

113 2000 168 2048 τως
184 1969 239 2036 οὖν
254 1973 329 2051 ἔχων
343 1970 360 2032 6
375 1971 575 2049 θεμαστισμὸς
591 1996 643 2048 της
662 1978 791 2047 subiecit,
805 1993 868 2033 eum
879 1995 937 2033 non
947 1992 1010 2034 esse
1022 1981 1064 2032 in·

113 2059 282 2134 διατάξεως,
297 2080 353 2117 κατ
355 2053 469 2116 ὀὐδὲν
483 2054 641 2116 ἕπταισται.
659 2061 801 2130 famatum
815 2079 870 2117 non
884 2069 1007 2132 propter
1022 2077 1065 2116 se·

113 2141 209 2201 ἐάν
178 2165 233 2220 γαρ
241 2141 273 2201 ἐν
284 2151 320 2223 τῆ
326 2140 464 2201 πενταετ
462 2163 481 2197 α
465 2140 644 2243 νηήσωμεν
664 2148 808 2200 acritatem
822 2160 936 2216 poenae
951 2147 1012 2200 a6'
1002 2160 1065 2217 ipso

113 2224 145 2283 τὸ
160 2228 351 2303 βεβαρησθαι
365 2220 469 2300 αὐτὸν,
465 2200 555 2283 οὐδὲ
570 2222 642 2294 ὅλως
660 2232 794 2300 principe
810 2234 836 2286 ci
851 2231 993 2301 inflictae,
1015 2231 1067 2285 seii

114 2303 465 2384 iactantiaiactintia
473 2325 514 2367 σω
517 2308 644 2383 δειησαν
658 2321 782 2384 propter
797 2317 977 2370 seueritatem
987 2317 1064 2384 prio·

115 2390 147 2448 οι
177 2387 264 2448 κόποι
299 2399 352 2450 τοῦ
382 2389 642 2495 μνημογεηθὲντος
662 2400 703 2450 ris
725 2399 978 2464 condemnationis,
1001 2414 1066 2453 curn

115 2482 298 2549 περιφανοῦς
314 2466 437 2552 άνδρός,
460 2471 642 2551 είςάπέραν·
662 2495 679 2531 α
716 2484 887 2551 mopistratu
922 2483 1066 2537 iudicatus

115 2577 168 2615 τον
182 2577 237 2631 την
251 2556 362 2616 οίκείαν
381 2559 576 2652 διδασκαλίαν
591 2578 643 2633 pa·
662 2564 835 2616 iniuriarum
864 2567 975 2618 nomine
1004 2567 1065 2620 laco

116 2637 262 2717 ριζόμενοι
282 2636 315 2697 ἐν
330 2635 410 2722 αὐτῷ
430 2649 469 2722 τῷ
487 2633 642 2718 πονήματι
660 2659 852 2715 pecuniariae
858 2660 969 2714 poenae
977 2649 1065 2702 aare

67 2719 252 2792 ’ῡ81κάκεῖνος
261 2701 438 2799 Ῑείπεν,”
421 2746 467 2783 οτι
487 2722 576 2803 ἡνίκα
599 2724 643 2785 δι·
661 2731 830 2798 locationem
850 2730 1004 2784 damnatus
1023 2746 1065 2786 es·

114 2800 372 2881 πλασιαζόμενος’
358 2825 375 2862 o
391 2806 493 2909 χρόνος
514 2817 565 2885 τῆς
582 2805 643 2881 igo-
663 2819 713 2866 set.
729 2810 867 2882 Itaquasi
877 2816 1065 2881 speciescon-

116 2891 181 2966 ρίας
197 2884 416 2966 ὑπερβαίνει
387 2909 421 2946 τα
436 2888 506 2948 δέκα
522 2885 624 2968 ίτη·
605 2916 644 2962 ην
663 2898 815 2950 stitutionis
829 2896 903 2949 naec
920 2903 971 2962 cst,
996 2898 1066 2952 nihii

114 2971 170 3073 γάρ
183 2969 272 3048 τνχδν
283 2972 324 3041 είς
335 2970 369 3044 t}
382 2969 536 3043 ἐνιαυτοὺς
549 2970 580 3033 ἐκ
592 2985 643 3075 της
663 2988 715 3049 cst,
737 2979 812 3051 quod
826 2980 964 3050 offecerint.
992 2979 1067 3035 Nam

114 3055 294 3132 ἀποφάσεως
310 3053 470 3132 ἕξορισθείς
507 3055 573 3115 τότε
590 3055 644 3116 οὐκ
662 3067 688 3118 si
708 3066 883 3132 accipiamus
903 3078 965 3117 eum
984 3067 1066 3135 quin-

115 3139 176 3200 ἔστι
190 3139 348 3199 διπλασίου
363 3136 445 3210 ἔτους
460 3134 643 3217 ἡκαταδίκη,
663 3151 780 3218 qraerenti
797 3162 893 3217 poena
916 3154 1066 3203 oneratum

114 3222 188 3283 ἀλλὰ
203 3224 348 3328 διηγεκως
371 3221 533 3326 ἐξορίζεται.
572 3219 644 3282 ἀλλὰ
664 3245 737 3303 csse,
744 3235 856 3286 omnino
867 3235 1066 3287 nonconsistct

116 3313 202 3364 τοῦτο
229 3305 284 3383 μὲν
313 3307 345 3368 τὸ
375 3303 556 3386 ἀνάγνωσμα
588 3298 1066 3384 6716coristituttoetpcribantsu

117 3387 232 3446 τοῦθ’.
253 3392 314 3466 βιβ.
336 3401 397 3451 τοῖν
416 3397 450 3452 de
472 3394 561 3451 officio
583 3412 646 3493 ρνο·
665 3399 749 3453 doras
770 3401 919 3454 memorati
944 3397 1068 3455 illustris

117 3469 255 3571 consulis²
277 3467 313 3529 οδ
334 3473 426 3547 μόνον
446 3469 550 3544 αὐτὸς,
573 3471 645 3533 ἄλλα
666 3482 1066 3550 oiriininfinitnmdoctrinam

116 3545 203 3610 καὶὸ
226 3571 306 3626 ηρως
329 3546 517 3624 Εὖδόξιος’
498 3554 644 3633 ανήγαγε
665 3576 745 3616 suam
773 3566 963 3634 larpientes
953 3585 982 3621 in
1005 3569 1067 3638 ipso

115 3687 327 3698 -—.-—-—

191 3764 210 3831 ¹)
227 3766 368 3823 Patricius,
383 3766 675 3816 cuiusitoctenusoerbo
689 3767 839 3819 Hoteiocus
848 3779 941 3825 attulit
989 3776 1010 3842 2)
1026 3780 1066 3830 at-

112 3841 191 3902 pioni
207 3838 334 3902 penninos
352 3837 433 3886 libros
452 3839 613 3899 inspexerat,
632 3853 667 3885 ea
685 3839 776 3902 quibus
794 3842 924 3903 depromta
944 3857 981 3896 est
1000 3851 1031 3898 L
1046 3865 1066 3901 a.

115 3910 149 3960 D.
164 3910 195 3957 de
206 3923 282 3970 poen.
298 3908 342 3971 (τε,
357 3907 402 3974 21).
