2376 4312
75 4 1178 296 ...21

178 543 243 610 396
452 559 510 596 usn
527 559 619 595 rueris.
639 539 685 595 lv.
706 545 854 596 tot-tou.

162 690 236 760 tol.
249 685 326 748 'Sed¹
338 692 366 747 iu
378 706 491 749 vrnvnr
502 689 646 745 interdicto
660 705 714 745 uon
723 688 811 745 solum
822 704 869 744 sua
882 691 982 762 cuique
991 691 1130 763 possessio

177 774 299 851 prodest,
315 774 455 830 sedetiam
468 774 589 839 ulterius,
605 789 684 846 quam
696 774 799 829 iustum
810 780 852 828 est
867 773 891 828 ei
902 771 1040 845 accedere,
1053 773 1130 830 uelut

177 861 247 928 eius,
256 859 299 915 cui
312 859 390 916 ireres
402 858 532 928 estiterit,
545 858 668 930 eiusque,
681 872 695 911 a
709 873 764 931 quo
776 859 871 913 emerit
882 856 926 912 uei
939 873 971 912 ex
983 856 1131 914 donatione

177 952 224 1000 aut
244 941 327 997 ‘dotis
352 936 479 998 nomiue²
499 941 648 1014 acceperit:
670 944 761 1014 itaque
782 942 804 997 si
832 947 940 996 nostrae
963 943 1131 1014 possessioni

176 1030 267 1083 iuncta
283 1025 394 1082 alterius
413 1027 483 1082 iusta
504 1025 643 1099 possessio
659 1031 803 1097 exsuperat
818 1023 964 1080 aduersarii
979 1027 1131 1097 possessio·

178 1126 249 1182 nem,
265 1126 314 1166 uos
330 1125 363 1166 eo
378 1109 523 1166 interdicto
539 1110 685 1164 uincimus:
703 1108 802 1163 uuiium
818 1117 907 1163 autem
917 1109 1053 1182 propriam
1068 1126 1132 1184 pos·

177 1196 326 1251 sessionem
342 1192 450 1250 habenti
465 1193 585 1249 accessio
601 1194 729 1265 temporis
746 1207 795 1247 uec
807 1192 886 1247 datur
897 1207 946 1248 uec
958 1191 1013 1247 dari
1027 1201 1130 1266 potest:
1142 1206 1178 1256 [tr

178 1293 238 1335 uam
253 1280 289 1348 ei,
304 1277 376 1351 quod
392 1275 497 1333 nulium
512 1285 564 1347 est,
580 1276 645 1331 nihii
662 1275 789 1332 accedere
800 1284 907 1349 potest:
923 1285 965 1332 set
977 1284 1004 1332 et
1015 1278 1038 1332 si
1052 1278 1131 1334 uitio·

177 1378 234 1418 sam
249 1360 345 1418 habeat
359 1363 575 1435 possessiouem,
600 1359 627 1415 id
642 1369 683 1415 est
698 1368 743 1415 aut
759 1361 846 1415 uiant
862 1360 929 1416 ciam
946 1367 991 1416 aut
1007 1363 1131 1433 precario

178 1445 210 1502 ab
225 1445 379 1502 aduersario
395 1444 565 1518 adquisitam,
586 1442 651 1499 'uon
673 1444 752 1499 datur
774 1441 909 1518 accessio,
928 1461 992 1499 nam
1007 1444 1031 1499 ei
1047 1440 1130 1517 (pas-

177 1522 296 1603 sesriui⁸
311 1545 359 1585 sua
373 1529 438 1585 nihii
450 1528 572 1603 prodest.
604 1523 665 1587 152.
681 1530 773 1583 Annus
785 1534 875 1583 autern
890 1534 1025 1584 retrorsus
1036 1544 1131 1585 nume-

177 1623 266 1669 ratur:
283 1614 374 1687 itaque
385 1614 407 1670 si
420 1622 450 1669 tu
462 1614 537 1669 uerbi
549 1614 635 1685 gratia
644 1605 722 1669 ’v1n⁴
734 1612 869 1667 mensibus
880 1610 1035 1685 possederis
1048 1610 1131 1685 ’prio-

177 1689 279 1766 111111,ὁ
292 1705 320 1753 et
335 1712 387 1771 epo
403 1713 447 1754 vu
461 1694 673 1771 posterioribus,
693 1711 745 1767 ego
761 1696 851 1768 potior
866 1711 930 1766 oro,
952 1692 1035 1768 ’quod
1050 1697 1132 1752 trium

177 1774 318 1856 priorum⁰
341 1782 471 1837 meusium
493 1778 640 1854 ’possessio
668 1771 828 1835 uibii⁷⁰tibi
854 1780 881 1835 iu
908 1778 960 1835 huc
987 1778 1132 1836 interdicto

177 1865 303 1940 prodest,
329 1864 402 1938 'quia
421 1856 550 1920 alterins⁸
569 1864 630 1918 anui
650 1864 788 1936 possessio
810 1870 860 1922 est.
902 1856 967 1921 168.
990 1862 1132 1920 Possidere

178 1956 267 2004 antem
283 1948 408 2003 uidemur
422 1964 477 2004 nou
492 1946 579 2002 solum
602 1948 625 2002 si
647 1948 698 2020 ipsi
720 1946 914 2020 possideamus,
937 1945 985 2003 sed
1007 1948 1087 2004 etiam
1111 1948 1133 2004 si

179 2041 274 2088 nostro
289 2032 398 2088 nomine
413 2031 510 2104 aliquis
533 2031 559 2085 iu
574 2032 746 2104 possessione
767 2032 818 2103 sit,
839 2030 903 2086 iicet
923 2032 949 2087 is
969 2038 1066 2087 nostro
1081 2032 1134 2087 iuri

178 2114 316 2172 subiectus
332 2131 386 2170 uon
401 2117 453 2186 sit,
470 2114 556 2188 qualis
578 2122 620 2171 est
641 2114 755 2171 colonus
778 2122 807 2170 et
828 2114 991 2187 inquilinus:
1014 2130 1063 2188 per
1084 2130 1132 2170 eos

179 2215 303 2272 quoque,
325 2197 395 2272 apud
411 2214 480 2272 quos
496 2198 711 2270 deposuerimus,
733 2208 779 2254 aut
802 2197 901 2272 quibus
922 2197 1133 2255 commodaueri-

107 2289 167 2340 tte.
179 2299 254 2352 mus,
276 2291 323 2337 aut
345 2281 442 2355 quibus
465 2276 639 2356 'gratuitum¹³
655 2278 856 2359 babitaftiouem
871 2275 1134 2356 ’praestiterimus,¹⁰

252 2464 271 2533 Ι)
284 2466 307 2538 si
323 2467 350 2517 V
350 2463 378 2527 ⁸²,
394 2469 401 2518 i
416 2470 503 2518 littera
518 2470 583 2518 mate
597 2471 700 2520 iterata.
753 2464 833 2534 ¹)Sic
852 2463 907 2517 im.
925 2467 963 2530 Cf.
978 2469 1002 2530 ἓ.
1016 2479 1051 2519 tt.
1066 2467 1088 2517 I.
1102 2468 1135 2518 de

178 2553 231 2590 rer.
246 2539 298 2588 dio.
314 2537 345 2604 (1,
361 2539 391 2607 1).
459 2536 480 2604 ³)
493 2538 539 2589 Sic
551 2540 610 2602 sere
629 2539 656 2588 V
657 2536 689 2600 ’ῖς
704 2546 815 2590 attamen
829 2538 968 2604 nacceisipp
979 2552 1033 2601 pro
1051 2552 1133 2589 acces·

178 2610 215 2661 sio
229 2624 291 2660 uam.
313 2610 434 2661 Fortasse
453 2612 535 2676 ipitur
553 2626 588 2660 ex
602 2612 761 2673 transposita
780 2611 920 2674 aliquando
936 2624 997 2659 uoce
1011 2610 1134 2673 possessio

175 2680 275 2745 factum
284 2688 323 2732 ert
332 2682 455 2731 nuecessio
466 2688 490 2731 et
499 2688 569 2731 recte
579 2680 661 2736 dubet,
672 2681 740 2745 quad
749 2689 825 2729 antea
836 2680 979 2730 edideram:
995 2694 1042 2729 uon
1052 2679 1134 2741 detur3

178 2766 231 2801 uam
246 2753 268 2801 ei
283 2753 413 2816 possessio.
464 2749 485 2816 ⁴)
504 2752 531 2799 V
532 2748 559 2801 ¹².
574 2753 628 2801 enni
644 2750 670 2800 0.
685 2751 743 2800 edd.
758 2752 833 2800 etiarn
847 2765 917 2800 meae
931 2763 950 2800 1.
967 2760 989 2799 1.
1045 2746 1067 2816 ³)
1087 2747 1135 2799 W

178 2822 298 2885 prioribus
313 2823 330 2871 V
347 2823 373 2872 0.
388 2822 445 2871 edd.
460 2825 536 2871 etiam
551 2838 619 2871 aneae
634 2835 653 2872 1.
669 2832 689 2872 1.
737 2817 758 2886 ⁶)
773 2819 817 2868 Ex
830 2819 898 2869 Sidi
912 2822 943 2883 ej.
957 2838 973 2884 a
989 2827 1055 2889 trum
1066 2828 1126 2888 porti

180 2888 345 2956 ‘quantitate’
362 2894 419 2943 edd.
435 2908 504 2941 aneae
514 2906 533 2942 1.
544 2905 564 2942 n.
617 2889 637 2958 τ)
655 2892 681 2940 V
682 2888 703 2923 ¹⁸
718 2888 896 2954 ‘possessionis
910 2887 968 2940 nea'
984 2891 1043 2940 edd.
1058 2893 1134 2940 etiam

178 2976 247 3011 meae
262 2977 281 3013 1.
296 2973 317 3012 2.
378 2961 398 3027 8)
419 2959 555 3024 V”‘quod
571 2964 648 3025 prior
667 2958 734 3011 eias’
755 2961 813 3012 edd.
833 2976 901 3011 meae
917 2972 972 3012 1.1.
1048 2958 1071 3027 ⁰)
1089 2960 1134 3010 na

178 3028 266 3080 Sanin.
287 3035 319 3095 ς).
338 3030 455 3095 (firmata
474 3031 500 3079 V
502 3027 533 3095 ¹²)
552 3032 591 3081 ed.
613 3032 703 3083 Garat.
721 3032 758 3095 Cf.
775 3032 805 3081 L.
822 3044 847 3083 11
860 3048 901 3095 pr.
917 3032 949 3080 D.
965 3031 997 3081 de
1011 3044 1130 3095 praescr.

179 3116 201 3149 u.
221 3099 265 3164 (ro,
280 3100 311 3166 a).
331 3101 491 3161 L.1s.§.1.
512 3101 543 3149 1).
559 3103 590 3151 de
600 3118 706 3166 precor.
722 3101 820 3167 (ts,sa).
841 3102 872 3150 L.
889 3116 908 3153 t.
924 3103 947 3164 ξ.
963 3115 983 3153 o.
998 3100 1030 3149 D.
1044 3100 1077 3150 de
1090 3099 1133 3149 bia

180 3172 224 3234 qai
241 3170 319 3233 effad.
334 3169 365 3234 (e,
380 3169 411 3235 a).
431 3169 462 3219 L.
477 3181 511 3222 11.
535 3172 566 3220 D.
586 3173 617 3222 de
635 3174 722 3223 donat.
742 3171 838 3238 (19.1).
861 3169 945 3221 ‘asum
963 3171 1078 3235 [bartam
1093 3172 1133 3220 uei

180 3255 251 3289 nuum
266 3236 317 3288 aut’
335 3240 374 3289 ed.
390 3238 436 3305 Bp.
496 3238 528 3308 ιο)
543 3244 693 3306 ptituerimus
710 3243 735 3292 C.
751 3241 910 3307 (stituerimus
930 3242 957 3291 V
958 3238 988 3308 ¹¹)
1002 3241 1133 3292 constitue-

179 3311 253 3359 rimus
267 3310 324 3360 edd.
336 3312 411 3359 etiarn
425 3327 479 3361 anea
494 3325 514 3364 1.
541 3312 595 3363 Sed
610 3316 728 3380 pratuita
747 3313 885 3372 habitatio,
901 3327 967 3378 qaae
985 3314 1078 3362 similis
1097 3320 1135 3362 eet

179 3381 343 3440 commodato,
358 3383 480 3431 constitui
493 3384 548 3433 dici
558 3398 607 3434 non
618 3392 711 3448 potest,
726 3385 795 3448 qaod
805 3385 966 3433 seruitutiarn
980 3381 1135 3433 verdunen

175 3465 321 3514 proprium.

249 3597 274 3670 §-
291 3606 349 3654 151.
375 3604 412 3667 cs.
429 3605 460 3654 Ι..
476 3617 510 3656 rs.
525 3608 564 3667 §b-
580 3617 613 3656 ra.
630 3617 662 3656 rs.
678 3605 710 3652 11.
726 3604 758 3654 de
771 3620 827 3668 aaa.
841 3622 863 3653 a.
881 3621 928 3653 an.
949 3617 1019 3667 paea.
1034 3601 1084 3668 (n,
1103 3602 1134 3669 1).

178 3672 210 3721 L.
222 3686 308 3725 tt-to.
323 3675 355 3724 D.
365 3676 397 3725 de
407 3677 457 3725 dia.
469 3685 540 3738 temp.
553 3691 596 3738 pr.
613 3673 703 3739 (11.1).
758 3671 783 3743 ξ.
802 3678 859 3725 tot.
881 3674 919 3736 Cf.
939 3674 1050 3737 Toeopn.
1064 3685 1086 3733 t,
1101 3684 1134 3725 11.

179 3744 201 3805 ἓ.
211 3756 232 3793 4.
249 3744 323 3794 Pani.
333 3758 354 3803 5,
365 3758 385 3798 o.
400 3748 423 3807 ἕ.
435 3760 454 3796 1.
472 3746 515 3794 Fr.
532 3746 590 3794 Vat.
600 3758 646 3796 stt.
663 3746 694 3795 L.
706 3757 752 3796 111.
767 3746 799 3794 D.
811 3746 842 3794 de
853 3744 921 3795 verb.
932 3745 1023 3810 sipnt's.
1033 3743 1079 3812 (to,
1090 3743 1133 3808 ts).

213 3810 238 3882 ξ.
256 3820 312 3866 153.
334 3817 372 3879 Cf.
388 3818 411 3878 ἓ.
426 3827 447 3867 1.
462 3815 484 3864 Ι.
499 3816 530 3864 de
545 3816 638 3865 interd.
657 3814 744 3882 (1.11).
766 3815 803 3878 Cf.
816 3816 892 3866 Pani.
907 3824 928 3875 5,
942 3827 963 3867 1.
983 3817 1007 3877 ᾗ.
1018 3827 1038 3867 1.
1059 3813 1134 3878 apisci

179 3882 247 3954 uero]
263 3888 297 3951 cf.
313 3899 333 3947 e,
347 3899 438 3950 seseq.
