2378 4386
163 543 225 609 316
485 559 547 596 osu
567 560 666 598 rnorrr.
686 541 734 596 Ill.
754 548 810 597 122.

163 703 314 776 promissor
326 693 415 778 (per)
426 701 516 775 legem
534 700 638 778 Furiam
651 700 759 757 biennio
772 700 934 772 liberantur,
949 709 978 757 et
990 711 1128 775 quotquot

163 794 244 842 eruut
266 801 380 842 numero
402 802 436 841 eo
454 796 590 859 tempore,
613 802 668 859 quo
690 787 802 860 pecunia
823 789 878 859 peti
906 795 1014 861 potest,
1039 788 1065 842 in
1087 794 1129 843 lot

164 879 253 944 partes
269 863 434 926 'diducitur¹
452 871 523 926 inter
538 886 586 926 eos
603 866 752 944 obligatio,
767 879 795 927 et
809 871 912 945 singuli
928 870 1021 926 uiriles
1037 878 1128 944 partes

163 953 246 1010 ’dore
272 948 438 1022 s'ubentur3²
466 953 641 1010 fideiussores
670 970 736 1010 uero
765 964 898 1028 perpetuo
928 962 1073 1023 tenentur,
1101 963 1129 1011 et

91 1049 148 1100 lou.
166 1045 305 1112 quotquot
325 1047 405 1094 eruut
420 1053 550 1111 numero,
571 1039 672 1112 singull
693 1037 848 1094 insolidum
865 1032 869 1116 Ι
887 1037 1057 1112 obligantur:
1080 1041 1128 1095 ita·

100 1118 150 1158 ⁸¹·
165 1138 219 1195 que
241 1120 355 1177 liberum
377 1131 420 1178 est
441 1122 585 1192 creditori,
608 1139 693 1196 aquo
709 1126 791 1192 uelit,
815 1122 931 1181 solidum
954 1132 1060 1196 petere:
1081 1124 1128 1180 sed

164 1222 237 1262 nuuc
252 1222 284 1261 er
299 1206 415 1280 epistula
431 1205 486 1262 diui
504 1205 629 1262 Hadriani
646 1207 827 1279 compellitur
842 1208 987 1264 creditura
1001 1207 1128 1281 singulis,

164 1292 212 1363 qui
226 1290 308 1346 modo
323 1290 457 1346 soluendo
473 1290 539 1361 siut,
561 1299 654 1364 partes
669 1301 775 1364 petere.
820 1309 853 1347 eo
869 1293 953 1365 igitur
967 1292 1049 1348 distat
1064 1293 1129 1349 baec

164 1373 281 1450 epistula
302 1391 316 1430 a
336 1375 398 1449 lege
420 1373 514 1445 dorla,
538 1375 611 1448 quod
632 1377 656 1431 sl
677 1377 736 1448 quis
753 1391 785 1430 en
800 1376 981 1449 sponsoribus
1002 1386 1049 1432 sut
1064 1375 1129 1432 lide·

163 1458 377 1534 promissoribus
396 1458 531 1515 soluendo
552 1476 607 1516 uon
627 1462 679 1528 sit,
700 1456 762 1516 'boo
781 1477 849 1516 onus
871 1461 922 1532 (od
941 1468 1053 1518 ceteros
1072 1478 1128 1518 noo

159 1547 298 1617 periisset,
314 1547 340 1600 si
354 1560 424 1601 uero
440 1560 480 1600 ex
493 1538 744 1616 fideiussoribus),
766 1544 798 1600 ad
814 1553 923 1602 ceteros
943 1562 1053 1619 quoque
1068 1561 1127 1618 per·

164 1630 240 1685 tinet.
276 1635 318 1683 set
344 1621 426 1684 cum³
453 1628 496 1684 ler
520 1627 597 1684 Furlu
621 1638 724 1685 tentum
753 1630 781 1685 ln
804 1629 879 1685 ltalia
908 1630 998 1686 locum
1021 1628 1127 1699 lrabeat,

164 1713 273 1781 euenit,
296 1714 368 1769 utin
384 1716 486 1768 ceteris
507 1713 657 1785 prouinciis
672 1729 822 1786 sponsores
842 1730 952 1787 quoque
967 1723 995 1769 et
1011 1713 1128 1787 bdepro·

164 1796 292 1853 mlssores
312 1796 428 1870 prolude
449 1813 481 1853 sc
501 1795 674 1852 fideiussores
696 1796 733 1853 ’el
756 1792 912 1872 perpetuo⁴
934 1807 1079 1855 teneantur
1101 1806 1129 1851 et

164 1880 266 1955 sluguli
281 1882 308 1937 ln
325 1879 442 1937 solidum
458 1879 626 1953 obligentur,
641 1883 692 1937 nisi
709 1897 740 1936 er
756 1882 872 1955 epistula
888 1882 943 1936 diui
959 1881 1083 1937 Hadriani
1100 1882 1127 1937 tn

163 1965 285 2038 'quoque
311 1963 479 2021 adiuueotur
506 1966 532 2019 in
556 1960 657 2038 parte.⁵
699 1961 763 2024 122.
786 1965 926 2022 Praeterea
952 1967 1023 2020 inter
1045 1982 1128 2039 spon·

165 2064 243 2105 sores
259 2058 286 2106 et
302 2046 537 2123 fidepromissores
561 2049 603 2105 len
619 2050 731 2123 Apuleia
754 2049 886 2123 quandam
909 2050 1065 2104 societatem
1088 2052 1128 2103 iu·

165 2133 300 2189 troduiit:
325 2149 387 2188 uem
409 2134 432 2188 si
456 2135 516 2205 quis
537 2133 635 2190 horum
656 2132 777 2208 plussua
798 2135 925 2207 portione
939 2131 1069 2201 soluerit,
1094 2132 1129 2187 de

165 2232 208 2287 eo,
224 2216 297 2290 quod
314 2216 426 2290 amplius
442 2216 558 2289 dederit,
574 2218 705 2275 aduersus
720 2226 826 2275 ceteros
841 2218 961 2274 actiones
972 2218 1127 2275 constituit.

165 2316 233 2374 quae
249 2301 291 2358 lex
306 2309 368 2356 suto
384 2300 472 2374 legem
489 2301 593 2359 Furiam
610 2304 661 2360 lats
678 2312 736 2374 est,
759 2319 813 2375 quo
830 2311 952 2374 tempore
968 2303 995 2356 in
1011 2301 1128 2357 solidum

165 2383 370 2458 obligabantur:
393 2387 464 2442 unde
487 2389 641 2462 quaeritur,
665 2404 697 2443 sn
720 2397 783 2462 post
805 2386 895 2461 legero
911 2384 1017 2442 Furiam
1042 2386 1129 2443 adbuc

240 2516 260 2584 ¹)
274 2520 314 2570 ed.
333 2519 407 2571 Stud.
427 2522 553 2571 deducitur
573 2522 598 2571 C.
618 2522 676 2574 edd.
692 2529 717 2571 et
733 2537 802 2572 mese
817 2522 904 2584 prior.
977 2514 1000 2584 ²)
1017 2519 1129 2570 Restitus‘

166 2587 272 2641 ‘Gaius’
286 2607 313 2656 p.
328 2604 361 2644 87.
382 2593 530 2642 laocsbentur
546 2594 572 2643 C.
588 2590 637 2658 (im)
653 2593 734 2642 uiriles
754 2609 777 2657 p.
794 2592 946 2642 uocabantur
960 2595 993 2655 qi.
1010 2591 1128 2641 Pdsclrm.

165 2662 202 2714 II.
219 2678 245 2726 p.
260 2675 293 2715 lb.
319 2662 368 2729 (in)
388 2680 411 2714 u.
431 2679 454 2727 p.
475 2664 617 2729 obligantur
631 2664 689 2713 edd.
704 2663 752 2729 Bp.
767 2675 787 2715 5.
803 2671 827 2713 et
840 2662 914 2712 Stud.
936 2663 1024 2713 Potest
1037 2669 1129 2720 lumen,

165 2741 193 2783 ut
206 2736 338 2785 exciderit
352 2751 379 2785 ex
390 2743 450 2799 post
465 2742 558 2798 port-es
570 2743 676 2798 tempore
687 2736 812 2798 posthoc,
827 2743 852 2784 et
861 2735 994 2800 legendum
1004 2735 1039 2782 sit
1049 2741 1129 2797 partes

165 2804 221 2871 (ecs)
236 2807 282 2856 hoc
297 2808 419 2873 (tempore
434 2807 499 2855 dore
513 2804 646 2870 iu)bentur.
671 2805 742 2855 Unde
751 2808 818 2855 enlm
828 2822 850 2854 u.
862 2805 924 2854 lrocl'
979 2802 1001 2870 ⁸)
1016 2804 1090 2855 Haec
1104 2811 1129 2853 et

165 2893 230 2941 quoe
244 2884 387 2942 sequuntur
400 2892 435 2926 ex
454 2876 481 2925 V
482 2874 514 2933 ⁸²,
534 2877 561 2924 in
583 2891 632 2939 quo
647 2883 729 2925 tomen
743 2884 782 2926 est
796 2883 932 2926 ceterorum
946 2873 992 2941 (ear
1005 2875 1128 2938 ceteror').

169 2946 239 3007 Quos
257 2950 351 2998 omisso
369 2954 442 3005 sunt,
461 2945 632 2996 Mommsenue
649 2954 754 2996 seruato
773 2964 796 2997 o.
816 2955 951 2996 ceterorum
969 2949 1009 2996 sic
1026 2953 1085 3008 post
1098 2945 1128 2994 sd

104 3008 113 3025 '
164 3019 283 3080 suppleri
292 3020 359 3066 oaclt:
373 3015 484 3067 ‘eeteros
494 3032 544 3066 non
555 3018 686 3080 pertines.-
699 3019 746 3067 sed
754 3033 789 3067 ear
797 3017 995 3081 fideiussoribus
1004 3018 1052 3066 etsi
1062 3030 1129 3064 unus

156 3092 263 3136 'tontum
277 3087 401 3137 soluendo
419 3088 454 3135 sit
463 3087 508 3143 ,od
521 3102 576 3136 eum
591 3102 656 3136 onus
670 3085 816 3138 ceterorum'
833 3091 909 3139 etsie
924 3090 964 3138 ed.
978 3086 1051 3138 stou.
1075 3084 1132 3135 Sed·

166 3171 214 3207 cur
230 3159 311 3221 pluro
328 3160 449 3220 supplere
469 3173 542 3221 quom
561 3164 662 3220 oportet
680 3165 706 3207 et
723 3162 875 3209 sententium
894 3161 978 3208 minus
998 3164 1084 3221 aptam
1105 3163 1130 3206 et

164 3228 304 3291 simplicem
325 3227 444 3276 Gelono?
516 3225 538 3292 4)
558 3229 582 3276 in
602 3236 717 3291 perpetuo
738 3230 764 3279 C.
779 3230 819 3279 ed.
834 3230 882 3296 Bg.
901 3232 1000 3294 scripsi
1017 3244 1086 3278 nume
1105 3236 1130 3276 et

161 3312 213 3362 pro
228 3298 265 3358 in;
279 3305 356 3346 anteo
371 3298 503 3346 edideram
517 3298 540 3347 in
556 3305 705 3362 perpetuum.
770 3297 791 3365 ¹⁵)
811 3298 867 3361 V'23
882 3308 906 3351 et
921 3301 987 3350 nibil
1001 3302 1028 3348 s'n
1043 3299 1130 3349 eodem

165 3383 241 3419 uersu
260 3376 321 3432 post
344 3369 408 3418 boec
425 3371 499 3433 sequi
517 3371 598 3418 visum
616 3377 661 3418 est.
694 3369 747 3419 Sed
767 3380 812 3421 nur
829 3371 993 3423 scribendum
1012 3371 1132 3420 uidetur:

165 3439 285 3489 sdiuueut'
300 3447 326 3488 ut
341 3438 345 3505 Ι
363 3440 385 3488 in
405 3447 486 3503 portes
500 3442 703 3500 conuenienter,
719 3450 776 3501 out,
797 3444 865 3507 quod
876 3449 1008 3505 praestat,
1023 3443 1047 3490 in
1061 3448 1129 3504 parte

167 3517 194 3560 ut
206 3513 332 3575 glossema
347 3511 488 3562 delendum.

165 3636 257 3699 quinti,
268 3642 295 3683 ut
305 3635 416 3694 videtur,
426 3637 512 3684 taram.
529 3635 567 3698 Cf.
577 3647 599 3697 s,
609 3647 643 3686 ss.
659 3636 691 3684 L.
699 3648 734 3686 ae.
749 3636 771 3697 §-
781 3647 801 3687 o.
816 3635 1038 3701 I).mond.(1r‚1).
1053 3635 1085 3685 L.
1094 3646 1128 3686 ss.

164 3706 197 3754 D.
209 3705 240 3755 de
250 3707 309 3769 stip.
319 3721 386 3755 seru.
404 3705 449 3771 (so,
459 3703 492 3770 u).
508 3705 539 3754 L.
554 3717 575 3757 4.
592 3706 623 3754 Ι).
635 3707 667 3755 de
682 3708 733 3758 diu.
750 3714 823 3770 temp.
838 3706 883 3772 (44,
893 3707 923 3770 s).
942 3707 974 3756 L.
989 3719 1010 3757 t.
1026 3709 1048 3768 §.
1061 3718 1083 3756 e.
1099 3705 1130 3754 Ι).

164 3791 218 3826 rem
228 3792 291 3840 pop.
303 3775 349 3844 (se,
358 3775 390 3844 e).
409 3783 490 3840 peries
500 3773 570 3843 dare]
587 3778 622 3839 cf.
633 3777 665 3828 L.
676 3789 696 3829 o.
711 3780 734 3841 ἃ.
747 3791 765 3828 r.
782 3778 814 3826 L.
824 3789 858 3829 se.
873 3779 913 3839 ἕξ.
925 3790 943 3828 1.
954 3789 987 3828 to.
1003 3777 1036 3830 L,
1046 3788 1081 3829 st.
1096 3776 1128 3825 D.

165 3849 198 3898 de
211 3850 287 3901 solut.
303 3848 347 3912 (eo,
361 3849 392 3913 u).
413 3847 519 3897 fideiuss.
535 3844 605 3914 uero]
625 3848 660 3910 es.
676 3850 698 3910 5.
713 3861 734 3900 s
753 3848 774 3897 I.
790 3848 813 3900 la.
828 3856 845 3897 t.
861 3846 892 3913 (s,
907 3847 953 3912 so).
1026 3844 1051 3916 ξ
1069 3849 1129 3898 122.

165 3920 202 3969 lex
216 3916 325 3988 Apuleio]
339 3920 456 3983 sortasse
471 3934 494 3968 a.
511 3934 535 3968 u.
551 3929 597 3971 soe.
613 3945 646 3954 —
663 3919 702 3982 Cf.
718 3919 750 3969 L.
764 3931 799 3972 ss.
818 3919 850 3967 I).
865 3919 898 3968 de
907 3919 980 3981 fidel.
995 3917 1040 3984 (ee,
1056 3916 1086 3983 1).
