2378 4386
433 528 455 566 c.
474 527 568 564 miss
586 527 694 564 nunnus.
997 518 1037 576 97

81 673 135 716 1ra
150 669 371 714 rossmnurss:
386 669 547 714 anvnssus
562 670 602 711 aa
617 669 674 711 viu
687 669 773 711 arani
784 646 895 711 varo’¹
911 681 952 694 -
969 651 1039 709 liest.

82 760 107 797 v.
122 741 261 797 Possessio
278 757 304 813 p.
322 738 393 796 233.

144 821 186 882 13.
208 821 387 897 ‘Reciperatio
403 821 469 893 est’‚
492 830 522 878 ut
536 823 573 878 nil
589 821 680 879 Gallus
696 820 798 892 Aelius,
816 819 890 877 ‘curn
905 822 977 878 inter
991 839 1038 895 po·

82 909 175 984 pulum
195 916 223 964 et
245 923 326 981 reges
347 909 525 980 nationesque
545 914 573 962 et
592 907 716 963 ciuitates
737 906 895 979 peregrinas
908 905 952 961 lea
975 921 1040 962 eon·

82 995 174 1063 uenit,
194 990 332 1066 quomodo
347 1008 396 1064 per
410 992 607 1063 reciperatores
623 989 769 1045 reddantur
783 1004 827 1044 res
842 990 1040 1063 reciperentur·

83 1093 146 1151 que,
161 1091 259 1149 resque
274 1076 392 1148 priuatas
408 1075 479 1130 inter
494 1089 523 1130 se
538 1071 761 1147 persequantur’.
777 1101 818 1113 -
834 1070 905 1130 Fest.
924 1089 948 1130 v.
965 1071 1037 1130 Recl-

85 1161 185 1233 peuatio
200 1177 227 1232 p.
244 1157 317 1215 274.

147 1239 187 1302 14.
211 1242 331 1316 lielegatl
346 1242 472 1298 dicuutur
484 1242 610 1315 proprie,
629 1239 726 1314 quibus
738 1240 900 1313 ignominiae
917 1248 964 1296 aut
976 1256 1039 1314 poe-

84 1342 134 1383 nae
155 1342 235 1384 oausa
254 1342 367 1382 necesse
387 1334 430 1382 est
452 1325 484 1381 ab
506 1325 574 1381 urhe
589 1323 672 1381 lloma
691 1322 778 1379 alioue
800 1339 854 1396 quo
870 1323 930 1379 loeo
946 1323 1040 1381 abesse

84 1411 143 1484 lego
158 1411 313 1466 senatuisue
328 1410 456 1466 consulto
471 1417 518 1465 aut
533 1408 622 1464 edicto
638 1407 833 1481 magistratuis,
850 1408 968 1462 utetiam
981 1407 1040 1462 Gal·

84 1493 125 1550 lus
140 1494 232 1549 lelius
248 1492 356 1548 indicat.
374 1521 414 1531 -
429 1492 502 1554 [lest.
517 1509 541 1546 v.
558 1491 676 1564 lielessali
692 1508 719 1564 p.
736 1489 807 1546 278.

145 1574 188 1633 15.
214 1574 404 1647 (Relipiosum
420 1571 473 1648 ait)
489 1590 550 1629 esse
565 1570 655 1631 Gallus
670 1573 776 1645 Aelius,
797 1572 870 1647 quod
886 1573 989 1629 homini
1004 1575 1041 1631 ila

83 1661 173 1717 lacere
194 1675 250 1714 non
273 1657 369 1729 liceat,
390 1666 420 1713 ut
441 1659 465 1712 si
479 1657 504 1712 id
521 1657 613 1722 iaciat,
634 1666 728 1714 contra
743 1658 855 1715 deorum
871 1656 1040 1714 uoluntatem

84 1743 208 1799 uideatur
221 1740 317 1801 iacere.
341 1756 394 1813 quo
410 1742 436 1796 iu
451 1757 551 1815 genere
565 1750 629 1797 suut
641 1741 720 1798 haee:
735 1742 762 1798 in
774 1743 864 1799 aedem
876 1742 962 1797 Bonae
975 1742 1041 1798 Deae

83 1829 171 1883 uirum
186 1825 315 1894 introire;
327 1823 457 1881 aduersus
471 1825 586 1900 auspicia
602 1824 691 1900 legem
706 1824 738 1881 ad
753 1826 884 1901 populum
897 1825 983 1894 ierre3
999 1826 1042 1882 die

83 1910 188 1966 nelasto
211 1908 281 1983 apud
302 1917 453 1982 praetorem
474 1908 535 1983 lege
557 1925 648 1983 agere.
679 1908 752 1965 luter
772 1928 877 1967 sacrum
903 1917 992 1965 autern
1013 1918 1041 1966 et

85 2003 205 2050 sanetum
228 2000 256 2049 et
277 1992 434 2067 religiosum
456 1993 620 2049 differentias
642 1992 788 2050 bellissime
812 1996 911 2051 reiert:
934 2011 1042 2051 sacrum

38 2076 233 2134 issiaediiieium
247 2085 434 2133 consecratum
450 2077 515 2145 de03
538 2086 659 2133 sanctum
680 2092 800 2141 murum,
824 2080 870 2152 qui
892 2079 926 2133 sit
941 2079 1041 2135 cineum

86 2161 228 2234 oppidum
249 2160 406 2234 religiosum
428 2159 599 2234 sepulcrum,
627 2159 672 2216 ubi
694 2168 819 2216 mortuus
847 2161 971 2235 sepultus
995 2169 1042 2217 aut

84 2244 211 2299 humatus
226 2245 270 2315 sil,
291 2252 416 2301 constare
431 2246 476 2299 ait.
511 2242 557 2298 sed
574 2250 604 2299 ut
618 2260 668 2317 pro
684 2243 789 2301 ratione
805 2245 918 2318 quadam
934 2252 963 2301 et
977 2254 1042 2300 tem·

85 2325 198 2400 poribus
214 2327 304 2383 eadem
319 2328 405 2384 uideri
419 2329 540 2400 possint:
557 2325 688 2400 siquidem
699 2327 772 2400 quod
784 2345 889 2385 sacrum
902 2336 955 2400 est,
970 2328 1040 2386 idem

85 2411 147 2483 lege
169 2417 216 2466 aut
241 2412 366 2467 inslituto
393 2413 524 2467 maiorum
549 2418 672 2467 sanetum
694 2426 753 2467 esse
774 2410 945 2485 putandum,
971 2406 1042 2487 (ut)²

87 2494 181 2550 uiolari
197 2493 293 2550 iustae
308 2511 395 2568 poena
409 2512 465 2551 nou
481 2494 577 2567 possit.
599 2493 669 2549 idem
682 2493 840 2566 religiosum
853 2512 961 2568 quoque
971 2512 1042 2566 esse,

88 2579 214 2652 quoniam
233 2580 269 2633 sit
292 2578 403 2650 aliquid,
427 2577 499 2652 quod
515 2575 552 2631 ibi
567 2575 668 2631 homiui
684 2576 771 2632 faeere
786 2593 841 2632 non
858 2577 947 2649 liceat,
969 2579 1043 2651 quod

85 2664 108 2716 si
131 2661 219 2733 iaciat,
241 2661 372 2716 aduersus
387 2660 498 2718 deorum
516 2659 684 2716 uoluntatem
701 2659 824 2715 uideatur
840 2659 936 2717 iacere.
969 2661 1042 2717 simi·

86 2745 148 2801 liter
163 2744 196 2800 de
211 2761 288 2800 muro
304 2753 332 2800 ot
346 2743 472 2818 sepulcro
487 2742 585 2800 debere
601 2740 750 2812 obseruari,
773 2750 803 2798 ut
820 2743 912 2799 eadem
927 2752 954 2800 et
969 2760 1044 2801 saera

87 2836 114 2883 et
129 2835 218 2885 saneta
232 2837 259 2885 et
270 2827 397 2902 religiosa
413 2827 488 2903 liant,
505 2827 553 2884 sed
568 2842 601 2883 eo
617 2826 709 2896 modo,
725 2841 780 2899 quo
795 2842 876 2900 supra
892 2830 1043 2901 expositutn

88 2918 140 2980 est,
156 2928 216 2967 oum
231 2911 264 2968 de
281 2928 358 2968 sacro
370 2910 493 2967 (linimus.
510 2941 551 2952 -
565 2910 639 2971 Fest.
655 2927 679 2971 v.
696 2910 850 2983 Religiosus
865 2929 889 2986 p.
909 2912 980 2971 278.
1003 2913 1042 2975 Gi.

87 3011 111 3050 v.
128 2995 254 3052 Sanctum
269 3014 297 3069 p.
314 2995 385 3052 317.

148 3075 189 3137 16.
212 3080 425 3152 liemaucipatam
441 3078 530 3135 Gallus
546 3079 637 3136 Aelius
659 3096 718 3135 esse
738 3081 790 3151 ait,
811 3097 879 3154 quae
895 3083 1044 3156 mancipata

88 3163 121 3218 slt
137 3163 170 3219 ab
186 3178 229 3231 eo,
245 3164 288 3219 cui
303 3165 329 3218 in
342 3179 450 3219 manum
467 3164 634 3219 conuenerit.
650 3193 692 3203 -
707 3162 780 3220 Fest.
797 3180 819 3223 v.
830 3163 1044 3241 Remaneipntam

148 3325 186 3387 17.
209 3329 303 3402 ltaque
323 3329 414 3386 Gallus
430 3329 521 3387 Aelius
542 3332 592 3387 ait:
616 3331 701 3387 ‘luter
721 3331 809 3405 legem
830 3341 858 3388 et
873 3335 1044 3406 rogationem

90 3412 139 3470 hoo
153 3415 283 3471 interest:
299 3415 407 3488 rogatio
423 3423 465 3470 est
480 3431 567 3488 genus
582 3413 665 3487 legis3
686 3431 754 3487 quae
770 3414 827 3485 len,
845 3433 899 3471 non
914 3418 1045 3473 contiuuo

88 3511 117 3552 ea
142 3499 250 3573 rogatio
277 3506 332 3566 est;
359 3498 444 3571 (pune
469 3501 580 3572 ropetio
601 3491 684 3572 est),³
708 3515 764 3554 non
789 3506 882 3572 potest
906 3515 959 3556 non
987 3515 1046 3554 esse

90 3626 288 3638 m—

159 3693 178 3762 ¹)
195 3697 233 3746 De
246 3697 380 3759 scripturn
394 3696 459 3746 etde
468 3711 544 3746 sensu
557 3697 609 3746 loci
620 3696 654 3759 cf.
664 3695 706 3745 tib.
719 3710 798 3746 meum
810 3692 886 3745 ‘iiber
896 3696 921 3743 d.
932 3693 1010 3743 Stelle
1020 3693 1046 3740 d.

94 3762 370 3818 70110011110103
386 3781 414 3829 p.
429 3778 455 3818 sa
473 3781 524 3830 seq.
564 3762 681 3830 ¹)putant
700 3765 744 3814 od.
763 3773 830 3829 putat
848 3771 873 3814 ui
892 3766 924 3825 qi.
941 3762 1046 3811 Miller.

92 3828 112 3898 ⁸)
124 3835 191 3886 Eud.
208 3849 227 3887 1.
243 3848 263 3887 2.
278 3842 375 3885 tantum
391 3833 515 3901 ‘ropatio'
531 3837 716 3898 supplevernm.

140 3931 244 3964 ramas.
259 3930 341 3961 annu.
355 3931 408 3961 san.
422 3931 461 3961 an.
485 3931 508 3961 v.
802 3922 817 3967 ’1
