2378 4386
626 135 672 143 ..-
726 129 742 134 ,.

369 527 431 564 narr
449 528 552 564 rasrrr.
571 509 619 565 lV.
636 516 746 569 95-98.
976 517 1040 583 379

76 674 150 746 olim,
165 690 227 730 cum
243 672 304 748 lege
320 670 460 747 agebatur,
476 688 526 744 pro
541 670 589 727 lite
605 681 632 727 et
650 672 784 742 uindiciis,
799 673 826 729 id
842 682 884 729 est
900 692 950 748 pro
966 691 996 733 re
1011 686 1040 733 et

76 758 219 828 fructibus,
236 771 425 832 apossessore
437 757 545 830 petitori
559 755 702 814 dabantur.
730 753 779 816 96.
793 757 916 814 Ceterum
930 761 952 814 si
966 762 1040 834 apud

75 843 261 901 centumuiros
282 843 389 916 agitur,
412 857 542 898 summam
560 843 718 914 sponsionis
740 858 794 898 non
819 858 869 916 per
894 843 1039 901 iormulam

75 929 209 1003 petimus,
230 926 278 983 sed
300 943 350 1000 per
364 924 434 1000 legis
448 926 599 997 actionem,
622 935 789 983 sacramento
811 921 1038 1009 'tqainpenario)

76 1015 155 1071 mocio
170 1029 219 1069 reo
234 1004 417 1085 prouocat03¹
436 1025 521 1083 eaque
537 1012 648 1082 sponsio
664 1012 854 1067 sestertiorum
867 1029 948 1070 cxxv
962 1030 1037 1070 num·

10 1120 60 1173 pan
75 1115 147 1155 mum
174 1095 242 1152 'lieri
265 1088 356 1152 solet²
380 1089 384 1170 Ι
408 1102 521 1169 propter
546 1093 645 1168 'legem
666 1124 707 1135 -
729 1124 768 1136 -
792 1088 860 1154 --.3
906 1091 955 1154 99.
978 1097 1107 1172 lpsetttt.

75 1190 179 1253 annm,
203 1182 250 1255 qui
269 1181 297 1236 ln
313 1195 369 1235 rem
385 1181 457 1252 agit,
480 1179 504 1233 si
524 1195 575 1235 suo
594 1180 703 1235 nomine
724 1190 803 1254 agat,
825 1183 891 1238 satis
907 1198 961 1237 non
983 1182 1036 1243 dat.

75 1262 123 1324 st.
145 1268 184 1322 Ac
198 1281 249 1323 aec
267 1265 290 1320 si
310 1280 361 1338 per
374 1264 545 1337 cognitorem
562 1262 669 1335 quidem
691 1272 802 1338 agatur,
823 1265 877 1321 ulla
897 1265 1037 1322 satisdatio

76 1350 120 1408 uel
143 1348 176 1406 ab
200 1352 260 1424 ipso
282 1347 361 1405 uela
382 1347 493 1404 donnino
521 1346 704 1405 desideratur:
729 1365 790 1405 cum
813 1351 883 1406 enirn
905 1351 987 1405 certis
1010 1358 1038 1406 et

76 1437 153 1509 quasi
167 1432 344 1491 sollemnibus
362 1431 454 1489 uerbis
477 1433 503 1487 in
524 1431 613 1488 locum
628 1431 736 1495 domini,
746 1432 929 1490 substituatur
944 1437 1038 1509 cogui-

76 1528 134 1591 tor,
163 1520 260 1575 merito
282 1516 382 1574 domini
411 1517 472 1574 loco
495 1515 618 1572 habetur.
663 1512 713 1573 99.
736 1516 901 1574 Procurator
924 1535 990 1575 uero
1015 1520 1036 1576 si

76 1613 151 1678 egat,
165 1601 298 1658 satisdare
313 1601 421 1659 iubetur
442 1611 533 1659 ratam
548 1617 603 1657 rem
620 1600 758 1658 dominum
774 1601 941 1660 lrabiturum:
965 1605 1037 1678 peri·

76 1730 137 1793 quia
150 1726 191 1777 ed.
207 1725 254 1792 Bp.
277 1725 330 1776 Sed
342 1734 403 1778 tanc
413 1743 467 1777 esse
477 1726 594 1777 deberet:
608 1733 632 1775 et
641 1727 703 1790 quia.
728 1726 800 1776 Nunc
812 1724 892 1775 ‘nam’
909 1729 948 1777 ed.
959 1728 1006 1794 Bp.
1018 1741 1036 1781 s.

151 1794 172 1863 ¹)
186 1793 482 1866 urretnptro)uocaru(vet
496 1797 528 1863 c).
566 1795 611 1847 Sic
625 1797 684 1860 sere
704 1796 730 1846 V
732 1793 752 1829 ⁸²
762 1800 860 1861 partim
875 1813 909 1847 ec
923 1798 1038 1848 Btnlrmii

75 1878 100 1921 et
123 1869 217 1921 uasat.
239 1868 332 1921 Sebed.
370 1869 402 1919 In
423 1871 448 1919 C.
468 1877 529 1932 post
552 1875 701 1918 sacramento
726 1871 828 1919 ratione
850 1871 926 1917 etiarn
949 1868 1037 1918 habita

78 1940 276 1992 ascenaeret.
294 1942 378 2004 faisse
397 1947 473 1990 antea
492 1940 554 1989 ntis·
570 1939 706 1990 uidebatur
720 1939 791 1988 ttarto
808 1940 812 2000 Ι
829 1946 959 2003 repuocata
972 1939 1037 2004 (pro

76 2027 118 2063 reo
131 2011 274 2079 prouocato)
298 2012 368 2078 qaod
386 2010 579 2075 interpretabar
598 2011 752 2074 quingenario
767 2010 812 2074 (cs.
828 2023 850 2072 t,
864 2011 900 2072 to)
919 2025 960 2059 reo
979 2026 1037 2074 prc-

75 2092 169 2134 uocato.
208 2082 295 2149 Neque
318 2084 384 2132 enim
403 2084 487 2146 facile
506 2089 611 2144 poterat
632 2081 713 2131 Gaias
735 2083 893 2131 sacramenti
917 2096 1037 2130 santrnant

74 2157 204 2213 omittere,
218 2170 274 2204 cam
288 2154 437 2218 sponsionis
451 2154 570 2215 definiret
575 2169 584 2207 ,·
603 2153 639 2203 ad
652 2153 823 2202 centumviros
837 2168 897 2203 uero
914 2152 946 2201 de
961 2151 1038 2202 rebus

75 2225 217 2275 nlaioribus
235 2232 331 2276 tantam
348 2231 434 2274 actam
448 2238 502 2272 esse
519 2230 620 2272 canstat
638 2231 662 2272 et
681 2223 803 2273 Valerius
819 2223 921 2275 Probas
939 2231 1036 2273 tantam

75 2302 262 2346 sacramentam
275 2297 474 2361 painpenariarn
490 2296 567 2345 nouit.
592 2296 643 2344 iarn
657 2311 713 2345 cam
727 2294 816 2345 Sidus
830 2302 950 2354 testetur,
965 2297 992 2344 in
1010 2295 1035 2347 0.

76 2367 148 2417 uario
162 2382 212 2417 non
224 2367 322 2431 faisse,
340 2367 389 2417 lanc
403 2382 419 2416 a
435 2365 545 2415 librario
559 2368 677 2415 amissam
691 2369 772 2415 statui
776 2403 784 2425 ‚
801 2367 894 2417 &inde
908 2382 970 2418 aero
984 2383 1035 2418 non

75 2439 139 2488 enlm
153 2438 287 2504 (numam)
301 2454 337 2488 ecc
349 2437 391 2487 Bl.
405 2437 509 2496 Sebed„
523 2437 591 2501 puori
604 2439 692 2486 sensui
697 2473 704 2493 ,
720 2453 766 2486 nec
781 2437 835 2486 inde
851 2438 902 2502 (ed.
917 2437 949 2502 a),
969 2438 1037 2502 qaod

73 2512 224 2573 scripturae
239 2510 467 2567 annumerent,
481 2509 528 2558 sed
541 2524 609 2557 nunc
624 2505 716 2571 m(odo)
730 2510 855 2570 scriptam
867 2511 951 2570 fuisse
962 2518 1035 2572 pato,

74 2580 227 2639 leccenna,
246 2580 316 2645 qnod
328 2594 389 2629 reas
403 2586 501 2629 tantum
516 2577 725 2642 provocabatur;
744 2593 807 2642 erpo
822 2584 874 2626 tota
893 2579 957 2627 naec
972 2580 1036 2642 lepis

74 2653 143 2703 actio
157 2652 231 2703 modo
251 2652 319 2700 dieis
335 2652 425 2716 pratia
441 2653 467 2698 in
483 2665 529 2699 asa
549 2655 650 2697 retenta
666 2654 731 2695 erat.
758 2648 873 2708 sortasse
887 2662 948 2696 vero
958 2649 1037 2708 prins

74 2737 100 2771 re
114 2738 150 2772 ea
169 2722 266 2788 (strepa
286 2724 417 2771 remansit.
451 2721 494 2783 sed
512 2735 556 2783 per
575 2719 633 2780 legis
651 2718 781 2776 actionem
802 2725 951 2766 sacramento
974 2718 1036 2766 enim

75 2807 144 2841 reum
158 2807 317 2856 prouocemus
331 2793 389 2843 edd.
404 2799 428 2842 et
443 2807 497 2841 mea
512 2805 546 2853 1.‚
566 2793 592 2838 in
608 2805 658 2853 pac
672 2803 724 2852 pro
738 2802 808 2836 ream
822 2790 855 2851 ς).
871 2801 1037 2850 possessorem

75 2864 145 2912 notis
157 2866 288 2928 scripturn.
346 2859 367 2928 ¹)
382 2864 408 2912 tlt
421 2863 519 2912 scilicet
533 2863 589 2911 edd.
602 2875 671 2910 meae
685 2872 705 2910 1.
715 2870 735 2909 s.
754 2865 778 2908 et
792 2874 826 2907 ex
840 2861 872 2921 qi.
884 2873 952 2907 nunc
962 2857 1035 2906 Stad.

80 2932 154 2993 Quod
168 2935 195 2982 in
211 2934 236 2983 0.
252 2943 322 2985 certo
337 2949 387 2984 non
402 2949 469 2992 esse,
489 2934 541 2982 beri
556 2932 617 2981 solet
630 2933 755 2994 scripturn
771 2931 855 2993 fuisse
870 2944 960 2994 posse,
980 2945 1036 2979 cam

74 3003 165 3054 Sidus
178 3012 297 3064 testetur,
317 3021 385 3054 nunc
403 3005 451 3055 boe
470 3005 549 3053 edidi.
624 3000 645 3066 ³)
660 3002 873 3068 legcnpcurepariam
893 2998 944 3050 W.
969 3003 1036 3052 ande

75 3075 151 3138 legem
169 3077 272 3141 qnidam
291 3075 442 3139 Crepereiam
462 3077 510 3124 alti
529 3074 646 3138 Papiriam
671 3076 814 3124 uoluerant.
847 3072 971 3138 Equidem
990 3075 1037 3122 nin

73 3146 171 3206 dubita,
186 3148 215 3196 id
228 3148 297 3213 qaod
310 3149 337 3195 in
353 3147 379 3198 C.
395 3147 564 3209 conspicitur,
579 3152 701 3208 corrupte
715 3160 770 3194 esse
783 3145 908 3208 scriptum
919 3160 971 3208 pro
985 3145 1035 3207 lege

75 3217 115 3267 int.
131 3219 249 3284 papiriam
263 3239 297 3260 ε
313 3218 388 3280 legem
408 3217 490 3266 lulium
505 3216 637 3280 Papiriam,
656 3232 721 3280 qnae
741 3219 785 3264 lere
803 3218 856 3265 lata
876 3232 900 3264 a.
915 3228 955 3266 aaa
970 3215 1035 3280 (Cic.

73 3288 106 3337 de
119 3304 175 3353 rep.
186 3302 207 3352 2,
223 3301 256 3341 tto.
277 3289 335 3340 Lis.
346 3300 367 3350 t,
378 3286 414 3352 so)
430 3289 505 3336 etiam
519 3287 567 3336 iac
582 3287 684 3336 uidetur
698 3289 827 3345 sanxisse,
843 3303 874 3335 ne
888 3302 1037 3337 sacramen·

145 3392 170 3465 5.
186 3397 229 3447 95.
251 3395 289 3458 Os.
305 3397 328 3457 ξ.
343 3407 377 3446 at.
396 3395 518 3459 perlegis
537 3390 666 3461 actionem]
689 3394 773 3442 Antea
793 3395 868 3442 etiarn
887 3395 945 3455 ipsa
963 3392 1036 3441 irere-

72 3465 144 3516 ditas
158 3483 209 3530 par
228 3469 293 3532 lepis
307 3468 433 3516 actionem
447 3464 638 3515 vindicabatur.
665 3465 717 3514 Cic.
738 3464 814 3512 Verr.
829 3475 850 3524 1,
864 3474 899 3515 ta.
923 3464 954 3511 de
969 3470 1035 3513 orat.

74 3549 95 3597 a,
108 3548 135 3590 it
146 3540 192 3601 lin.
208 3538 278 3602 qaod
292 3545 383 3600 postea
402 3536 539 3590 abolitam,-
558 3536 719 3598 nequeenim
738 3535 867 3583 vindicias
884 3533 1037 3584 hereditatis

72 3606 129 3658 dici
136 3611 249 3672 placuit,
263 3610 338 3658 caius
347 3610 444 3657 natium
454 3607 605 3656 retinendae
611 3607 785 3667 possessionis
796 3605 960 3653 interdictum
970 3610 1036 3652 erat.

76 3677 113 3742 Os.
134 3679 224 3730 Valer.
241 3677 354 3730 Proba.
411 3673 435 3745 §-
452 3680 494 3729 97.
516 3677 554 3738 Cf.
571 3677 594 3737 ὅ.
609 3686 642 3726 ss.
665 3676 707 3724 Fr.
724 3675 840 3726 Vanam.
896 3671 921 3743 fi
938 3676 980 3725 98.
998 3672 1036 3735 Cf.

69 3763 113 3812 pr.
133 3749 156 3800 Ι.
175 3751 200 3800 n.
220 3757 237 3799 t.
258 3749 289 3799 L.
305 3761 339 3801 aa.
359 3752 383 3812 §-
399 3763 419 3800 1.
439 3748 471 3800 L.
487 3759 520 3799 tta.
540 3748 563 3808 ἕ.
580 3759 599 3796 t.
624 3745 655 3794 D.
671 3747 704 3796 de
718 3761 794 3808 proc.
810 3744 891 3810 (t,s).
913 3745 956 3793 Fr.
977 3741 1036 3792 Vat.

72 3830 119 3872 tit.
141 3821 290 3874 Consulti.
310 3819 342 3869 L.
357 3831 392 3872 22.
413 3821 435 3881 ἓ.
450 3832 471 3870 a.
491 3819 522 3867 D.
538 3824 621 3865 ratam
642 3832 695 3866 rern
710 3815 761 3881 (tt.
775 3815 807 3879 8).
827 3813 859 3862 L.
876 3828 908 3865 ιι.
924 3816 946 3875 ἕ.
963 3825 982 3864 t.
1003 3811 1036 3859 D.

73 3891 104 3940 de
118 3908 177 3944 exc.
192 3894 233 3941 rei
247 3892 302 3945 iad.
316 3890 362 3957 (u,
376 3888 408 3954 t).
