2378 4386
159 533 200 592 84
561 543 585 580 n.
604 542 714 578 crncrre.

158 678 301 743 ruptorum
324 667 470 723 luminibus
492 675 595 739 petent,
617 669 694 723 etin
717 667 761 722 ille
781 667 834 723 coli
855 675 942 723 aetate
964 667 1118 740 uoluerunt,

159 768 227 825 quae
251 750 364 824 simplex
384 758 411 805 et
431 749 583 822 improuide
603 752 679 823 prius
702 749 802 806 irretiri
817 759 845 806 et
859 752 885 805 in
903 751 1011 824 loqueos
1027 760 1120 824 potest

160 833 267 907 cedere,
289 850 369 908 quern
391 849 497 891 cauere.
527 832 596 901 Quid
613 836 725 904 mirum,
745 836 767 891 ei
784 834 816 890 ab
832 835 880 890 hec
895 843 977 908 gente
993 836 1118 890 uniuersa

159 917 261 991 liegiiin
276 925 435 988 manarunt,
457 917 527 991 apud
543 933 622 990 quem
636 919 694 991 ipen
711 919 774 973 uitia
789 917 916 991 religiose
931 927 1011 988 suni,
1035 934 1119 990 eaque

157 1017 213 1057 non
229 1001 309 1057 modo
324 1018 381 1058 non
397 1002 532 1071 uitentur,
555 1017 649 1057 uerurn
664 1003 744 1058 etiem
759 1002 904 1058 colunturl
934 1001 966 1057 Et
980 1000 1041 1057 ideo
1057 1001 1120 1058 huic

157 1086 308 1141 sententiae
330 1093 459 1157 tanquam
475 1085 589 1140 Graecos
604 1084 746 1158 prudentie
762 1087 898 1157 uinceret,
919 1085 1030 1141 adiecit:
1052 1083 1118 1141 ‘uir-

157 1176 231 1224 tutes
249 1171 318 1225 enim
335 1178 478 1242 oportere,
501 1185 555 1225 non
571 1169 634 1225 uitia
650 1168 824 1231 consecreri'.
840 1198 882 1209 -—
896 1168 1016 1225 lactent.
1032 1170 1117 1225 instit.

156 1251 212 1308 diu.
231 1253 257 1323 1,
275 1252 326 1324 20,
344 1253 382 1308 14
466 1253 515 1309 16.

308 1387 349 1442 lle
369 1389 446 1442 iure
466 1385 572 1442 ciuili
591 1387 624 1441 in
641 1395 747 1442 artem
763 1387 965 1461 redigendo.

222 1485 245 1545 1.
267 1487 334 1543 ‘Nec
350 1503 415 1544 uero
432 1488 543 1542 scientie
559 1488 624 1542 iuris
638 1485 783 1544 maioribus
794 1489 851 1543 suis
862 1485 894 1554 Q.
906 1487 998 1544 lelius
1010 1485 1117 1543 'lubere

156 1572 261 1639 deluit;
278 1571 398 1627 doctrine
414 1572 494 1625 etiam
510 1570 667 1643 superfuit?
683 1601 726 1612 -
741 1571 808 1627 Geli.
826 1572 855 1642 1,
871 1570 964 1642 223.
982 1571 1010 1627 7.

220 1650 247 1713 2.
269 1652 380 1727 ‘Aliquo
402 1654 549 1711 excellente
571 1672 601 1711 ac
616 1654 706 1712 nobile
722 1657 804 1714 uiro!
822 1663 861 1694 4-
877 1655 979 1712 Charis.
995 1657 1057 1711 inst.
1075 1671 1118 1728 gr.

162 1738 181 1795 l.
197 1755 223 1812 p.
241 1738 311 1795 111.
327 1738 370 1795 ed.
386 1737 498 1795 Putsclr.
515 1757 541 1812 p.
560 1738 629 1796 138.
645 1738 687 1795 ed.
701 1739 766 1795 lleil.

511 1865 566 1931 *L.
590 1865 763 1933 CINOIVS
1124 1880 1169 1928 [191

460 1971 595 2037 (Ciceronis
614 1974 663 2022 lere
682 1969 822 2038 aequalis).¹

551 2072 593 2127 lle
615 2071 727 2127 iestis.

220 2179 246 2239 1.
263 2181 369 2236 Cincius
385 2181 413 2235 in
428 2196 462 2236 eo
477 2178 557 2252 libro,
574 2197 653 2253 quent
665 2179 698 2236 de
709 2179 785 2235 iestis
797 2179 918 2253 reliquii,
934 2181 980 2249 ait,
995 2181 1119 2252 imperite
1153 2203 1155 2208 ·

159 2265 290 2339 quosdam
307 2265 427 2336 opinari,
451 2263 567 2337 Aprilem
587 2280 705 2320 rnensem
721 2266 848 2336 antiquos
863 2281 878 2319 e
894 2264 995 2320 Venere
1011 2263 1119 2335 dixisse,

157 2366 218 2404 curn
240 2347 330 2402 nullus
352 2347 409 2403 dies
431 2346 518 2402 festus
539 2347 697 2421 nullumque
716 2347 875 2404 sacrificium
896 2349 1002 2421 insigne
1024 2347 1120 2404 Veneri

157 2447 207 2506 per
222 2432 294 2487 hunc
314 2447 434 2487 mensem
450 2445 465 2486 a
480 2431 625 2488 maioribus
640 2433 780 2488 institutus
795 2433 847 2501 sit,
869 2431 917 2488 sed
932 2448 967 2488 ne
981 2433 1009 2487 in
1024 2432 1118 2487 cerini-

158 2514 237 2571 nibus
258 2514 365 2587 quidem
387 2514 520 2571 Saliorum
536 2515 646 2571 Veneris
667 2514 721 2571 nlla
743 2522 773 2570 ut
793 2524 946 2572 ceterorum
962 2515 1119 2572 coelestium

157 2600 216 2656 leus
231 2598 393 2656 celebretur.
409 2629 451 2639 -
465 2598 580 2659 linerob.
595 2599 651 2656 Set.
670 2600 696 2669 1,
715 2599 763 2655 12.
781 2599 808 2671 S.
828 2599 877 2659 12.

220 2695 249 2759 2.
266 2695 388 2776 Κίγκιος
400 2692 434 2756 δὲ
446 2692 461 2755 ὁ
473 2697 613 2769 Ῥωμαῖος
666 2699 780 2757 Cincius
800 2709 895 2756 entem
913 2701 1043 2771 sophista
1062 2700 1119 2755 Ro·

157 2781 301 2857 σοφιστής
323 2796 412 2860 φησι,
434 2777 489 2857 τὴν
506 2777 611 2858 Ἀᾳρο-
664 2800 766 2841 munus
797 2785 933 2841 Venerem
957 2799 996 2840 ece
1018 2799 1118 2855 spuma

157 2864 243 2940 δίτην
278 2862 307 2935 ἐξ
339 2861 441 2941 ἀφροῦ
470 2869 614 2941 τεχθῆναι
665 2871 762 2925 nolam
784 2868 867 2937 dicit,
892 2870 967 2924 uelut
990 2883 1028 2923 ex
1050 2871 1119 2922 nire

157 2945 246 3006 οἱονεὶ
269 2943 301 3004 ἔκ
321 2955 372 3006 τοῦ
387 2941 549 3023 χιονώδους
563 2943 613 3006 li·
665 2955 761 3008 niuoso
773 2951 918 3025 etsriqido
933 2953 1058 3008 essentia
1071 2965 1120 3007 ver

158 3053 208 3110 ρος
230 3029 280 3089 καὶ
302 3039 356 3108 τῆς
373 3039 495 3108 ψυχροῖς
511 3026 614 3101 οὐσίας
663 3042 859 3106 procreatum.

158 3113 190 3175 τὸ
211 3112 262 3192 ἔαρ
282 3110 497 3192 ἇποτεχθῆναι.
519 3148 560 3160 -
576 3119 611 3175 lo.

158 3204 237 3260 leur.
254 3200 320 3276 lyu.
337 3204 470 3259 demens.
488 3201 518 3273 l,
534 3203 584 3258 44.

220 3300 249 3361 8.
279 3303 385 3360 Cincius
407 3303 516 3374 (lleiurn
536 3301 583 3375 sc.)
606 3318 724 3357 mensem
739 3304 903 3358 nominatum
920 3309 998 3375 putet
1013 3318 1028 3356 a
1043 3301 1119 3374 linia,

159 3405 237 3460 quern
250 3387 359 3443 Vulcani
378 3388 442 3443 dicit
459 3402 577 3455 uxorem,
597 3393 813 3459 argumentoque
825 3387 920 3457 utitur,
938 3385 1011 3458 quod
1024 3385 1120 3440 llnmen

160 3471 307 3526 Vulcanalis
323 3469 449 3525 Kalendis
466 3469 538 3525 lleiis
560 3469 622 3526 huic
637 3470 703 3525 deae
718 3486 775 3525 reru
790 3471 907 3525 diuinam
923 3469 994 3525 lacit.
1012 3499 1050 3508 -
1067 3468 1119 3524 lle-

160 3552 234 3610 erob.
253 3553 307 3607 Sal.
326 3552 465 3623 1‚12.s.
484 3553 533 3612 18.

211 3711 230 3778 ¹)
242 3713 326 3763 Probe
334 3714 532 3778 dietinyuendue
541 3731 557 3764 a
568 3716 598 3764 L.
608 3716 696 3766 Cincio
703 3716 831 3766 Alimenio
841 3718 973 3766 annalium
983 3718 1122 3780 scriptore,

159 3786 203 3849 qni
219 3791 328 3848 praetor
344 3785 399 3845 suit
418 3800 443 3833 a.
459 3801 482 3832 n.
499 3795 545 3836 544.
563 3787 601 3849 Cf.
618 3786 697 3835 Mari.
713 3787 801 3836 Hertz.
817 3788 849 3836 de
864 3786 896 3836 L.
913 3787 1018 3836 Cinciie.
1033 3786 1120 3837 Berol.

160 3868 218 3908 1812.
234 3871 304 3919 quern
316 3856 375 3918 fere
388 3869 489 3919 nequer.
