2378 4386
798 63 852 74 „⁴-

745 73 794 84 ‚-

495 558 518 595 n.
538 556 649 594 cruores.
1011 551 1050 607 35

155 680 183 740 4.
205 683 296 740 innius
309 723 416 744 .....
429 694 460 740 nt
469 683 576 741 Cincius
586 684 742 756 arbitratur,
755 684 828 758 qnod
841 683 970 741 Iunonius
982 686 1053 758 apud

92 765 201 823 Latinos
224 777 286 823 ante
306 769 442 825 uocitatns
463 769 562 843 diuque
584 769 653 842 apud
670 770 790 825 Aricinos
805 767 1052 842 Praenestinosque

93 850 142 907 hac
157 850 363 924 appellatione
356 868 382 907 tn
399 852 484 909 fastos
499 853 599 910 relatos
615 855 714 910 sit.-
733 852 848 909 Macrob
865 851 901 909 ib.
918 853 946 925 S
963 852 1012 910 30

153 930 333 1009 5.](ίγκιος
362 929 396 992 ἐν
408 940 462 1027 cpi
483 931 549 1011 περὶ
601 934 715 994 Uinnius
739 955 769 992 m
793 937 867 994 libro
892 938 927 993 de
951 931 1051 1008 snstis¹

93 1036 152 1074 ταν
164 1013 375 1096 inprecationes,
387 993 547 1093 τονΝοὲμ-
600 1025 649 1090 nit,
672 1022 858 1078 Novembrem
878 1022 958 1093 opud
980 1028 1053 1078 oete·

93 1099 177 1176 βριον
208 1098 287 1179 παρὰ
318 1105 379 1172 τοῖς
411 1104 548 1172 παλαιοῖς
599 1121 647 1161 rer
657 1104 871 1162 Mercedomum
881 1109 1054 1162 nomenoium

95 1182 287 1259 Μερκηδῐνον
342 1180 549 1262 ὀνομασθῆναι
597 1188 702 1259 fuisse,
715 1189 1054 1261 vetutmercederseren·

97 1261 202 1326 ωσανα
216 1267 417 1363 μισθοφορον
448 1263 533 1327 ἐν
495 1289 547 1326 αυ
601 1278 669 1334 tenu
684 1273 732 1326 silo
743 1287 816 1326 emm
827 1288 923 1329 mense
935 1275 1054 1329 dornone

94 1356 134 1430 τῷ
167 1349 223 1430 γὰρ
252 1357 312 1452 τρῖς
340 1345 496 1428 κτήτορσιν
522 1351 553 1410 ot
601 1357 794 1411 conductores
811 1355 1053 1426 pensioneoinse-

91 1433 277 1508 μισθωτοὶ
247 1456 299 1505 τας
311 1429 484 1525 προσόδους
494 1435 549 1492 εἰσ-
601 1439 703 1493 rebant
717 1440 872 1507 praeteriti
887 1441 974 1508 spatii
990 1446 1055 1493 tem·

93 1513 201 1591 ἔφερον
249 1525 303 1574 τοῦ
346 1507 551 1616 παρελθόντος
598 1522 696 1590 poris,
713 1520 778 1573 attis
791 1519 937 1590 fructibus
952 1536 1057 1577 rursus

90 1599 205 1659 κύκλου
228 1597 336 1675 ἑτέρων
357 1606 481 1696 euprepio
494 1589 549 1658 αὖ·
599 1602 841 1673 provenientibus.
899 1603 1056 1662 November

93 1678 295 1758 θιςὲπερχομὲ
295 1702 364 1740 ναν.
382 1678 550 1761 Νοὲμβριος
601 1691 695 1742 nutem
712 1691 815 1757 postea
835 1691 994 1745 nominatus
1014 1691 1056 1746 eat

41 1761 161 1825 Μηδὲ
139 1780 266 1842 οσαρον
279 1759 443 1843 ανομασθη
456 1765 487 1826 ἐκ
498 1773 550 1826 τοῦ
601 1788 619 1826 ο
646 1783 782 1833 numero,·
811 1787 904 1828 nonna
937 1775 1008 1828 enirn
1037 1792 1055 1828 α

91 1845 236 1928 αριθμοῦ·
280 1846 402 1922 ἔννατος
431 1849 488 1930 γαρ
516 1848 548 1910 ἐκ
600 1854 718 1913 Martio.

94 1942 148 1993 roni
166 1932 319 2008 Μαρτίου.
347 1968 385 1979 -
411 1937 447 1994 in.
469 1936 548 1998 ianr.

93 2019 159 2094 tyn.
176 2022 309 2079 demens.
325 2019 356 2091 4,
373 2021 421 2078 92.

459 2181 500 2238 [ie
523 2184 690 2239 comitiis.

158 2285 186 2347 6.
207 2288 336 2346 Patricios
357 2289 463 2347 Cincius
484 2294 522 2347 ait
541 2293 569 2347 in
588 2291 658 2348 libro
679 2291 713 2347 de
734 2291 850 2347 comitiis
865 2307 911 2348 eos
927 2291 1054 2368 appellari

96 2370 203 2442 solitos,
215 2375 261 2445 qni
272 2390 345 2430 nnnc
357 2375 468 2449 ingenui
481 2383 670 2435 nocentur-
678 2374 752 2432 Fest.
763 2392 785 2431 v.
800 2373 930 2432 Patricius
939 2394 967 2452 p.
981 2377 1053 2436 241.

347 2540 388 2596 ne
411 2539 589 2598 consulum
611 2547 797 2613 potestate.

156 2644 181 2707 7.
201 2650 314 2706 Praetor
335 2650 366 2705 ad
387 2660 491 2722 portam
508 2647 692 2719 salutatoris,
715 2649 760 2720 qni
781 2649 808 2702 iu
823 2649 988 2718 prouinciam
1004 2666 1054 2722 pro

95 2742 219 2805 praetore
235 2740 281 2788 ant
296 2750 345 2806 pro
361 2733 473 2790 consule
489 2734 558 2788 enit:
578 2733 655 2788 cuins
670 2732 709 2786 rei
725 2746 826 2786 morem
843 2731 880 2785 ait
894 2730 977 2786 inisse
993 2731 1055 2788 Ciu·

99 2816 154 2870 cius
169 2818 196 2872 in
211 2815 279 2874 libro
295 2816 328 2872 de
343 2817 484 2873 consulum
500 2824 637 2890 potestate
654 2815 747 2871 talem:
764 2814 880 2870 titanos
896 2831 986 2871 rernm
1002 2833 1054 2891 pc·

98 2901 164 2955 titos
186 2916 271 2973 nsque
294 2902 327 2956 ad
349 2900 456 2957 Tullum
478 2917 579 2972 regem.
616 2898 681 2956 Alba
704 2897 800 2956 deinde
815 2898 904 2955 diruta
921 2916 1005 2974 usqne
1021 2901 1053 2958 ad

95 2982 123 3042 P.
141 2984 248 3041 Decium
264 2983 365 3042 Murem
382 3002 439 3044 cos.
460 2984 577 3058 populos
593 2983 624 3040 ad
641 2993 721 3058 caput
736 2982 907 3056 Ferentinae,
923 2985 995 3059 quod
1013 2993 1056 3043 cst

96 3068 144 3125 snb
166 3076 259 3125 monte
281 3068 399 3140 Albano,
422 3068 565 3125 consulere
587 3067 684 3125 solitos
707 3076 734 3123 et
756 3069 896 3142 imperinm
920 3073 1054 3126 communi

96 3152 207 3209 consilio
223 3152 420 3209 administrare.
450 3154 541 3225 itaque
557 3168 611 3224 qno
627 3168 696 3208 anno
712 3150 845 3208 Romanos
861 3147 1055 3226 imperatores²

96 3236 126 3293 ad
143 3238 290 3293 exercitum
307 3238 414 3292 mittere
430 3243 569 3309 oporteret
589 3237 664 3291 iussn
681 3236 796 3291 nominis
813 3235 913 3306 Latini,
933 3237 1054 3310 compin-

98 3334 139 3376 res
161 3326 272 3377 nostros
291 3321 319 3375 in
334 3319 468 3395 Capitolio
488 3337 501 3375 a
522 3319 580 3376 sole
602 3320 706 3375 oriente
727 3320 852 3395 auspiciis
868 3336 976 3393 operam
991 3320 1055 3375 dare

96 3402 202 3460 solitos.
238 3402 281 3458 uhi
303 3419 365 3459 anes
387 3404 560 3473 addixissent,
583 3403 693 3460 militem
712 3403 797 3470 ilium,
821 3404 867 3476 qui
886 3420 900 3458 a
920 3404 1055 3458 communi

96 3483 170 3544 Latio
186 3487 286 3543 missus
308 3495 389 3553 esset,
413 3486 501 3558 ilium,
524 3503 603 3560 quem
627 3504 690 3543 aues
714 3485 880 3552 addixerant,
904 3494 1054 3558 praetorem

97 3570 211 3628 enutarc
232 3570 354 3643 solitum,
375 3573 421 3645 qni
442 3587 499 3627 eam
519 3571 685 3645 prouinciam
708 3572 844 3643 optineret
859 3571 991 3642 praetoris
1007 3584 1055 3623 no-

96 3656 173 3711 mine.
191 3684 228 3695 -
246 3653 319 3712 nest.
335 3672 361 3711 r.
377 3655 488 3712 Praetor
503 3672 530 3727 p.
547 3652 617 3710 241.

166 3801 187 3869 1)
197 3804 324 3868 proprie:
339 3798 383 3851 ‘de
395 3799 499 3865 feetie':
516 3800 563 3849 sed
576 3800 667 3864 Lydus
687 3802 724 3849 ito
738 3799 769 3847 de
782 3800 861 3860 furtis
875 3796 968 3846 tibrum
982 3795 1056 3843 intel·

98 3872 189 3924 texisse
203 3874 314 3923 videtur.
354 3868 375 3938 ἵ)
390 3873 459 3938 Lepe
474 3873 649 3933 imperatorem.
