2378 4386
154 554 220 620 440
332 572 445 608 nourrii
462 569 601 607 inrisioni
619 570 783 605 rasouarri
802 569 940 606 ernisius.

159 704 267 772 effecit,
292 705 392 773 quibus
415 719 450 757 ex
472 703 587 772 reliquis
613 704 721 757 dnobus
748 702 842 756 frustis
868 701 1024 756 minoribus
1050 703 1122 757 item

158 771 385 842 opisthographis
403 770 540 825 accedunt
558 773 699 839 quattuor.
728 769 830 823 Eorum
850 770 964 838 quidem
982 771 1011 823 in
1030 787 1085 825 uno
1105 787 1123 825 a

159 840 290 894 Darentio
313 840 524 908 repraesentato
548 839 658 892 tantum
681 838 709 891 in
734 836 753 892 C
778 840 808 891 et
829 839 857 890 l*
882 839 950 891 item
970 838 1042 893 duae
1061 856 1122 893 ver-

159 924 241 961 suum
263 906 349 960 series
370 907 450 963 iuxta
472 921 502 959 sc
531 922 628 959 verum
655 922 710 960 nori
737 922 752 959 e
774 904 927 974 longinquo
956 905 1005 958 sed
1033 921 1123 975 parvo

159 977 271 1029 tantum
290 973 382 1042 spatio
406 988 494 1026 vacuo
516 973 684 1027 intermedio
707 973 827 1092 ideoipue
850 975 948 1041 aperie
971 975 999 1026 iii
1023 974 1124 1027 eadem

160 1044 266 1121 pagina
288 1042 410 1110 scriptae
432 1042 510 1105 sunt,
537 1043 615 1109 prior
638 1040 751 1094 sinistra
798 1056 860 1105 nes,
886 1038 978 1094 ultera
1004 1040 1125 1095 dextera

160 1111 243 1164 initia
260 1125 391 1163 versuum
415 1107 559 1162 continens
582 1109 620 1176 (in
639 1110 720 1178 tergo
740 1108 799 1161 vice
818 1112 923 1173 versal;
950 1110 993 1161 est
1015 1109 1126 1162 scilicet

160 1178 284 1237 unicum,
323 1176 379 1230 nod
397 1177 497 1244 utpote
515 1191 550 1229 ex
563 1175 655 1229 medio
668 1177 779 1229 tantum
793 1176 887 1243 aliquo
900 1176 968 1228 folio
981 1179 1124 1244 superstes

161 1246 243 1300 nobis
260 1260 312 1314 pro
334 1246 372 1307 at,
392 1244 477 1297 etiam
496 1243 630 1309 codicem,
648 1243 724 1298 unde
741 1243 811 1297 haec
829 1244 990 1310 fragmenta
1012 1246 1127 1297 seriata

162 1316 236 1379 sunt,
256 1329 307 1382 per
325 1311 470 1365 columnas
488 1311 621 1388 scriptum
635 1311 727 1367 fuisse.
753 1313 787 1378 (A
800 1311 907 1363 scilicet
919 1313 948 1364 et
960 1309 1000 1362 Ev
1013 1314 1125 1364 tantum

162 1397 226 1434 cum
245 1382 326 1449 parte
350 1378 445 1500 alipes
466 1377 607 1433 interioris
630 1377 765 1446 marginis
788 1378 945 1431 columnam
969 1377 1124 1444 dexteram,

162 1448 191 1502 in
212 1452 235 1502 A
253 1463 341 1568 usipus
365 1463 382 1500 a
418 1447 590 1513 marginem,
613 1447 708 1500 cetera
730 1446 821 1499 frusta
843 1445 962 1499 alicuius
984 1445 1126 1499 incertum

162 1516 241 1571 cuius
260 1531 292 1569 co
305 1530 406 1568 urinae
425 1516 584 1581 fragmenta
623 1513 759 1581 raebent.)

232 1582 363 1637 Ceterum
390 1597 446 1649 quo
470 1580 567 1635 ordine
595 1531 684 1635 lliusta
709 1580 739 1634 in
766 1580 877 1650 integro
905 1579 1000 1634 codice
1028 1583 1126 1635 secuta

163 1650 270 1704 luerint
288 1653 317 1704 et
334 1665 406 1718 quae
424 1649 545 1717 paginae
564 1665 659 1702 eorum
677 1648 785 1717 priores
808 1664 880 1717 quae
902 1665 936 1702 ue
955 1648 1126 1716 posteriores

163 1717 271 1772 fuerint
288 1720 496 1785 (praeterquam
516 1717 592 1782 quod
611 1715 646 1769 de
664 1732 728 1783 pag.
748 1718 772 1769 A
790 1718 888 1769 antece
911 1718 974 1769 ente
993 1715 1025 1780 B,
1044 1716 1126 1771 etde

165 1782 190 1840 G
208 1784 336 1840 similiter
348 1783 382 1847 H,
400 1783 470 1836 item
489 1782 524 1835 de
537 1781 669 1836 columna
680 1783 773 1850 priore
787 1782 972 1837 antecedente
988 1784 1124 1862 posterio-

164 1869 225 1907 rem
236 1853 266 1905 in
280 1851 303 1906 G
317 1854 346 1906 et
358 1852 387 1904 l'
404 1851 462 1903 iam
480 1849 586 1903 dictum
605 1850 667 1916 estl,
686 1867 761 1904 nunc
780 1852 854 1905 certe
874 1854 903 1904 et
921 1850 1009 1905 donec
1022 1852 1127 1905 iterum

164 1919 282 1974 feliciori
304 1936 339 1973 ue
367 1933 497 1973 successu
523 1917 576 1971 hae
604 1915 722 1972 laciniae
750 1919 960 1984 tractabuntur,
989 1919 1045 1971 dici
1071 1935 1127 1972 nou

164 1989 268 2064 potest.
285 1937 348 2041 bed
367 1988 396 2039 et
412 1985 517 2063 trustra
536 1986 609 2039 soret
620 2002 685 2039 mea
696 1988 845 2050 sententia,
864 1985 913 2053 qui
926 2003 960 2040 er
972 1985 1128 2053 scripturae

165 2054 291 2121 reliquiis
303 2054 331 2107 in
345 2055 447 2117 frustis,
467 2067 540 2120 quae
553 2056 711 2120 supersunt,
731 2069 882 2122 earumque
895 2054 1012 2122 opinata
1028 2054 1128 2106 coliae·

166 2123 259 2176 rentia
277 2120 432 2175 subsidium
454 2119 484 2171 iu
506 2118 541 2171 iis
564 2136 637 2187 quae
655 2121 810 2188 perierunt,
833 2121 1023 2184 restituendis,
1046 2136 1128 2187 posse

166 2189 265 2256 quaeri
282 2190 416 2257 speraret.
452 2187 552 2265 Aqua
573 2188 714 2242 sententia
736 2188 849 2242 interim
873 2189 993 2242 necdum
1016 2188 1127 2256 recedo,

166 2258 327 2375 lt‘llffli
339 2253 564 2375 §llllilll
585 2255 1051 2381 illim-2l¹¹l⁰1dl⁰llll⁰¹¹¹ll
1070 2255 1129 2308 ΑΗ·

166 2339 237 2467 iplsen
246 2340 311 2442 ciuili1
327 2338 390 2444 elicis
409 2339 846 2467 ρέοὺᾳυεετξὶιέὶίῒῗῃὲῧιεετνὲεὲο
868 2340 1034 2470 ἑὼἱινίξᾶω
1061 2340 1130 2456 esseni,

168 2472 292 2526 priorem
310 2457 470 2511 columnam
488 2473 517 2508 in
536 2474 554 2524 p
595 2500 601 2510 .
620 2456 640 2512 C
684 2462 775 2511 artem
793 2474 853 2512 esse
871 2475 993 2529 paginae
1012 2458 1046 2522 B,
1065 2475 1129 2512 cuin

168 2525 295 2603 versibus
309 2524 368 2579 eius
382 2523 510 2594 abruptis
527 2525 556 2577 in
594 2542 629 2580 ue
643 2476 681 2579 ab
691 2525 780 2579 altero
800 2543 887 2594 usque
906 2526 942 2579 ad
960 2526 1130 2580 sedecimum

168 2592 393 2663 coniungendam
411 2596 488 2649 velut
506 2591 558 2646 lioc
577 2593 672 2648 niodo:
770 2660 781 2670 v·

272 2667 308 2727 (2)
329 2660 428 2716 Seruus
452 2660 539 2739 abeo
563 2661 610 2729 qui
633 2678 650 2713 n
666 2658 845 2738 cnle]did[i'e]
869 2660 982 2737 ccupat]
1010 2662 1046 2728 (3)
1066 2663 1131 2714 ante

272 2731 377 2784 crimen
402 2730 532 2784 inlatum
560 2729 794 2805 ni(snumiss[os]
821 2730 858 2805 (4)
881 2727 917 2781 sd
943 2727 1129 2791 lib(ertaltem

270 2797 442 2867 p(er)venire
455 2802 463 2864 ll
476 2796 584 2874 placuit
597 2798 668 2861 sled)
686 2797 897 2873 o-lolmissilone
928 2800 1002 2873 erulis·
1015 2795 1112 2862 coriam]

270 2868 404 2934 patronus
424 2868 462 2934 (6)
479 2880 655 2918 incensorum
682 2879 796 2917 crimine
814 2864 821 2929 {l
838 2816 1004 2928 tenebutur)
1030 2863 1089 2930 [nec
1115 2868 1134 2914 ii'

170 2996 193 3061 Q
215 2997 250 3050 od
271 2933 511 3028 fenc](?)bu1it{ur)
530 2945 577 2986 etc.
598 2935 659 3052 (stigt
675 2942 762 3051 esterp
775 2935 904 3051 ¹infringit
921 2932 986 3049 {lm
1008 3013 1021 3048 e
1043 2994 1130 3047 eciem

170 3012 1079 3144 hllbestl,nlglllgr⁸1eilalliisexpllbblenblffslltislllscllflsgd{nmilia
1095 3059 1132 3112 Et

170 3134 204 3184 ut
225 3130 282 3183 alia
303 3133 330 3187 h.
350 3133 367 3185 l.
386 3135 508 3195 taceam,
532 3134 666 3186 adiuncta
688 3134 730 3187 its
749 3134 768 3187 C
788 3134 824 3187 ad
842 3132 864 3186 B
887 3132 1009 3184 nascitur
1030 3126 1131 3204 lolium

170 3197 338 3274 immodicae
356 3198 528 3263 latitudinis3
544 3201 572 3252 iii
590 3200 748 3268 heliotypia
766 3217 822 3255 non
841 3218 876 3270 op
897 3200 967 3263 aret,
985 3194 1024 3249 sic
1042 3194 1133 3248 nihilo

170 3264 319 3317 interiecto
338 3266 496 3320 continuari
519 3283 600 3336 posse
623 3284 719 3321 versus
741 3269 810 3321 inB
836 3217 1010 3331 deffcientem
1033 3262 1133 3343 splitus

170 3330 329 3384 litterarum
347 3348 480 3386 numerus
498 3334 526 3386 in
545 3351 627 3388 versu
645 3351 700 3389 non
719 3338 854 3399 servatur,
873 3349 924 3389 nec
938 3333 1060 3388 Darestu
1077 3331 1131 3385 lec·

171 3398 279 3453 tionem
298 3404 384 3454 etiam
403 3400 578 3468 probabilem
597 3403 625 3455 in
643 3406 753 3456 tontum
773 3403 902 3472 decipere
927 3399 1061 3456 credibile
1085 3400 1135 3457 est.

240 3465 344 3520 Omnes
354 3470 481 3522 servatae
491 3469 609 3524 laciniae
619 3471 723 3539 partim
733 3471 835 3524 tritura
846 3470 892 3524 rel
902 3469 1022 3524 scissura
1030 3468 1134 3536 partim

173 3535 228 3588 citu
248 3535 278 3589 et
295 3535 425 3602 squalore
444 3539 499 3589 tam
519 3541 584 3591 sunt
602 3538 788 3603 deformatae,
812 3540 844 3590 ut
861 3553 954 3606 pauca
970 3538 1082 3591 tantum
1106 3535 1135 3588 in

171 3603 206 3655 iis
228 3603 286 3655 sive
310 3603 398 3655 rerba
421 3604 479 3658 sive
503 3605 615 3675 singula
637 3607 778 3659 elementa
799 3604 945 3674 potuerint
971 3605 1028 3674 legi
1049 3608 1078 3658 et
1100 3602 1135 3656 ds

172 3671 352 3724 restitutione
371 3673 574 3726 sententiarum
594 3674 760 3743 plerumque
780 3672 986 3740 desperandum
1000 3673 1045 3726 sit.
1081 3670 1136 3724 Da·

172 3737 274 3792 rectius
292 3736 405 3816 quidem
428 3743 543 3808 praeter
565 3741 715 3821 lectionem
740 3757 818 3793 suam
840 3739 945 3819 littoris
967 3739 1137 3819 capitalibus

170 3806 1136 3944 litillllllttllltlivltllllidetestabiliter

170 3942 329 4011 periculum
352 3941 460 4010 posuit,
484 3942 571 3996 etiam
598 3943 709 3997 tabulas
732 3941 918 4010 heliotypicas
940 3940 1063 4005 addidit,
1087 3938 1137 3992 sed
