2378 4386
453 627 488 663 ns
506 626 618 663 uersas
636 626 715 663 nmsn
731 628 750 664 1.
1041 625 1082 683 23

113 761 229 831 paratus
250 760 280 809 et
301 751 446 809 meditatus
467 752 579 816 adced0‚
603 753 766 828 adiungatur
787 755 854 812 haec
868 757 936 812 iuris
951 757 1083 832 iuterpre-

116 841 196 908 tatio‚
217 852 286 910 quae
305 852 362 891 non
383 845 435 892 tam
454 838 518 892 mibi
540 837 655 893 molesta
675 840 710 893 sit
724 847 836 912 propter
850 838 980 910 laborem,
1003 859 1083 916 quarn

116 920 191 997 quod
208 919 314 977 dicendi
330 921 523 993 cogitationem
536 920 650 989 auferat,
665 922 723 977 sine
738 939 790 996 qua
801 922 833 978 ad
844 923 944 979 nubam
954 927 1082 983 maiorem

117 1021 245 1080 umquam
260 1019 368 1061 causam
382 1020 443 1059 sum
457 1019 539 1059 ausus
554 1003 690 1061 accedere.

178 1085 225 1148 18.
246 1090 281 1146 A.
305 1085 375 1155 Quin
395 1088 480 1160 igitur
500 1088 551 1143 ista
571 1090 627 1161 ipsa
649 1088 763 1162 explicas
779 1088 856 1146 nobis
872 1090 914 1146 his
929 1091 1081 1166 subsiciuls,

118 1182 149 1230 ut
163 1175 219 1243 ais,
241 1168 412 1245 temporibus
431 1180 458 1227 et
479 1171 626 1240 conscribis
647 1172 679 1227 de
699 1174 758 1228 iure
773 1175 844 1230 ciuili
860 1174 987 1231 subtilius
1003 1194 1081 1250 quam

118 1257 220 1314 ceterii
241 1271 303 1311 nam
325 1256 441 1328 aprlmo
456 1262 579 1329 tempore
600 1257 695 1311 aetatis
717 1258 767 1312 iuri
789 1257 900 1314 studere
922 1269 948 1314 tc
963 1262 1081 1333 memini,

119 1356 202 1413 quom
213 1342 273 1413 ipse
284 1340 364 1394 ctiam
376 1337 409 1394 ad
422 1338 577 1395 Scaeuolam
589 1341 760 1411 nemitorem,
776 1358 863 1415 neque
880 1358 1005 1416 umquam
1017 1344 1081 1400 mihi

119 1425 195 1480 uisus
210 1440 241 1480 es
255 1424 294 1478 tta
309 1429 337 1477 te
353 1421 385 1477 ad
400 1422 542 1479 dicendum
557 1423 673 1494 dedisse,
690 1431 721 1479 ut
735 1424 776 1479 ius
792 1425 870 1481 ciuile
882 1435 1080 1484 contemneres.

179 1505 222 1562 M.
243 1506 274 1562 ln
289 1506 402 1579 longum
422 1522 574 1563 sermonem
590 1524 632 1562 me
649 1523 740 1577 uocas,
759 1508 857 1578 Attice,
880 1525 959 1581 quem
981 1518 1081 1581 tamen,

118 1592 168 1647 nisi
184 1590 301 1658 Quintus
317 1588 389 1645 aliud
405 1590 467 1663 quid
483 1607 534 1647 nos
550 1606 630 1663 agere
645 1591 762 1661 mauult,
785 1592 927 1664 suscipiam
949 1600 992 1662 et,
1015 1609 1081 1664 quo·

118 1676 189 1731 niam
205 1674 283 1731 uacui
300 1689 404 1743 sumus,
420 1673 515 1729 dicam.

183 1758 216 1826 Q.
234 1757 293 1831 ligo
308 1772 375 1812 uero
390 1756 505 1814 libenter
520 1757 664 1824 audierim3
680 1756 745 1830 quid
756 1757 827 1813 enirn
839 1774 916 1831 agam
931 1760 1023 1832 potius
1035 1770 1080 1818 aut

118 1841 147 1896 in
163 1857 218 1915 quo
233 1840 328 1897 melius
343 1840 415 1897 hunc
430 1857 584 1897 consumam
600 1840 689 1896 diem?

179 1922 225 1984 14.
246 1924 287 1980 M.
311 1922 381 1992 Quin
401 1926 486 1998 igitur
501 1924 534 1980 ad
552 1925 598 1981 illa
618 1927 704 1999 spatia
723 1933 817 1982 nostra
836 1923 971 1999 sedesque
992 1929 1081 2001 pergi·

117 2025 193 2080 mm,
214 2006 278 2079 ubi,
299 2023 359 2063 cum
380 2010 444 2064 satis
460 2010 512 2064 erit
526 2007 704 2080 ambulatum,
719 2011 935 2084 requiescemus;
952 2026 1002 2067 nec
1016 2027 1081 2085 pro-

118 2092 190 2150 lecto
206 2090 287 2148 nobis
302 2089 445 2149 delectatio
460 2092 546 2148 deerit
561 2092 631 2148 aliud
646 2109 679 2148 en
695 2093 747 2149 alio
763 2093 963 2167 quaerentibus.

179 2175 222 2233 A.
245 2174 301 2231 llos
321 2190 387 2231 uero
410 2184 437 2231 et
453 2176 502 2233 lrac
517 2175 624 2249 quidem
640 2176 671 2231 ad
687 2176 773 2233 Lirem
789 2179 811 2232 si
828 2177 914 2250 placet
930 2194 979 2250 por
994 2180 1080 2252 ripam

116 2268 144 2317 et
164 2258 296 2316 umbram.
325 2258 373 2314 setl
394 2260 445 2314 iam
467 2260 556 2316 ordire
574 2260 721 2333 explicare,
742 2276 854 2334 quaeso,
876 2258 908 2315 de
929 2262 988 2315 iure
1008 2262 1080 2318 ciuili

118 2341 185 2416 quid
200 2343 308 2398 sentias.

184 2424 225 2481 M.
246 2422 357 2500 ligone?
378 2442 498 2483 summos
519 2427 602 2481 luisse
615 2427 644 2481 in
658 2428 767 2483 ciuitate
783 2436 876 2483 nostra
892 2428 975 2499 uiros,
992 2428 1037 2502 qul
1053 2428 1079 2484 id

116 2507 289 2582 interpretari
303 2509 405 2583 populo
426 2518 453 2566 et
474 2510 655 2582 responsitare
670 2510 744 2565 soliti
765 2512 830 2582 siut,
851 2510 898 2566 sed
920 2528 967 2566 eos
983 2528 1079 2586 magna

117 2591 259 2667 protessus
274 2593 302 2649 lu
316 2595 406 2667 paruis
418 2610 478 2649 esse
489 2600 620 2649 uersatus.
647 2592 710 2664 quid
724 2593 794 2648 enim
807 2602 849 2648 est
862 2602 977 2665 tautum,
995 2611 1079 2668 quan·

119 2684 179 2731 tum
193 2677 235 2732 ius
249 2677 382 2733 ciuitatis?
410 2676 474 2750 quid
496 2685 585 2730 autem
605 2683 659 2729 tam
675 2676 812 2747 exiguum,
829 2692 908 2747 quam
924 2684 966 2730 est
981 2693 1078 2732 munus

117 2759 291 2832 baccorum,
307 2762 352 2833 qui
367 2758 566 2817 consuluntur?
589 2773 750 2831 quamquam
772 2765 814 2811 est
833 2756 936 2830 populo
957 2773 1080 2815 necessa·

116 2845 198 2900 rium
227 2860 278 2900 nec
292 2860 359 2900 uero
375 2859 433 2915 eos,
449 2845 495 2917 qui
511 2845 536 2898 ei
550 2843 654 2898 muneri
670 2839 855 2914 praefuerunt,
876 2841 997 2896 uniuersi
1013 2843 1078 2898 iuris

117 2926 204 2982 luisse
223 2928 341 3001 expertis
363 2929 496 2997 existimo,
517 2925 566 2982 sed
585 2927 637 2982 boc
656 2925 736 2983 ciuile
758 2924 832 2998 quod
852 2933 951 2981 uocant
966 2933 1079 2983 eatenus

115 3019 307 3082 exercuerunt,
328 3010 418 3084 quoad
437 3010 540 3084 populo
561 3019 697 3084 praestare
716 3003 782 3081 (εε)ι
803 3009 965 3079 uoluerunt3
986 3010 1012 3066 id
1033 3028 1078 3068 au·

115 3105 172 3152 tem
192 3096 221 3152 in
241 3095 398 3168 cognitione
419 3102 499 3151 tenue
521 3102 572 3165 est,
593 3096 621 3150 in
641 3111 693 3149 usu
713 3096 905 3151 necessarium.
942 3111 1020 3167 quam
1044 3095 1078 3152 ob

114 3194 174 3236 rem
195 3193 251 3252 quo
270 3194 314 3234 me
333 3179 433 3234 uocasl
454 3186 502 3235 aut
522 3177 585 3251 quid
604 3178 738 3234 hortaris?
762 3185 794 3234 ut
813 3177 919 3234 libellos
940 3177 1079 3235 conficiam

114 3261 148 3319 de
170 3261 369 3318 stillicidiorum
388 3278 419 3319 ac
438 3263 472 3318 de
491 3263 622 3335 parietum
639 3262 714 3316 iurei
737 3277 770 3317 an
785 3269 816 3317 ut
830 3261 1035 3336 stipulationum
1051 3272 1079 3319 et

112 3345 278 3403 iudiciorum
299 3344 429 3402 lormulas
451 3346 619 3419 conponam?
641 3361 709 3419 quae
732 3354 760 3400 et
777 3347 931 3417 conscripta
952 3363 966 3400 a
987 3345 1078 3402 multis

112 3438 180 3486 suut
200 3428 348 3502 diligenter
368 3438 396 3486 et
410 3437 474 3485 sunt
489 3428 630 3485 humiliora
646 3445 724 3502 quam
739 3428 800 3500 illa,
822 3445 890 3502 quae
910 3428 1018 3485 anobis
1033 3446 1078 3485 aa·

111 3514 219 3588 peruri
234 3520 313 3585 puto.

178 3596 210 3654 V.
233 3592 278 3654 lt.
298 3597 333 3652 A.
356 3597 448 3670 Atqui,
465 3597 488 3652 si
503 3611 625 3668 quaeres,
643 3612 694 3669 ego
711 3593 774 3667 quid
786 3603 934 3667 expectem,
950 3597 1078 3668 quoniam

109 3683 247 3756 scriptum
268 3687 345 3735 esta
367 3686 394 3736 te
415 3679 448 3736 de
470 3680 574 3753 optimo
595 3681 633 3735 rei
655 3677 776 3751 publicae
796 3685 887 3748 statu,
907 3694 1078 3751 consequeus

109 3781 174 3823 esse
199 3762 319 3834 uidetur,
340 3771 372 3819 ut
392 3761 493 3820 scribas
509 3770 541 3817 tu
565 3761 634 3819 idem
650 3761 683 3816 de
698 3760 818 3834 legibus:
840 3763 880 3817 sic
895 3762 966 3816 enim
981 3760 1078 3816 iecisse

106 3885 317 3901 .--—-

187 3942 208 4010 ¹)
227 3958 255 3993 se
268 3943 368 3993 addidi.
