2378 4386
65 39 1183 330 m

171 573 232 639 716
469 585 639 620 99119191.
659 585 718 621 999.
739 585 823 622 virio.

170 709 276 778 origine
295 707 440 761 Bobiensis
458 708 488 759 et
504 708 652 775 praeterea
673 707 764 775 legem
783 705 840 758 Bur
880 705 1018 758 ndionum
1043 705 1135 760 conti-

169 793 248 838 nens,
268 777 297 828 et
313 774 385 826 ratio
402 775 430 826 in
449 773 501 827 hac
520 773 685 826 collectione
704 789 787 840 saepe
807 774 906 825 119199
925 775 955 824 91
973 772 1134 840 Hispaniae

171 842 259 908 (velut
281 842 320 901 §§.
340 848 397 894 134.
417 847 474 894 137.
499 845 556 894 138.
583 846 639 896 116.
664 846 719 893 147.
745 846 799 892 148.
825 845 879 893 187.
906 845 962 892 isi.
987 845 1046 895 192.
1071 846 1132 894 101.

170 915 228 966 101.
241 913 383 961 aaa-237.
396 909 466 973 247.)
478 923 631 974 numquam
645 907 759 959 orientis
771 906 876 970 habita,
890 907 920 958 et
932 905 1009 972 quod
1023 907 1134 975 scripta

170 974 497 1043 (9.691,)91191911919
519 973 701 1027 orientalibus
723 974 733 1025 i
754 975 852 1026 norata
875 972 1025 1039 complura
1047 973 1132 1027 1999

170 1040 346 1104 adhibentur,
367 1057 384 1092 a
396 1041 509 1093 Graecis
527 1044 621 1093 contra
641 1041 720 1093 99191
767 1039 886 1093 odestini
905 1039 986 1091 libris
1003 1039 1131 1093 abstine·

169 1111 223 1164 tur.
256 1108 363 1161 Deinde
382 1109 444 1161 tota
459 1108 647 1161 Valentiniani
666 1108 700 1160 (11
719 1107 828 1174 19119111
846 1106 976 1160 lCtorum
996 1106 1130 1160 (1919191

170 1191 205 1229 ex
216 1174 276 1239 hoc,
296 1192 379 1242 quem
392 1175 544 1243 posuimus,
563 1191 656 1227 rerum
675 1190 748 1227 nexu
761 1173 870 1225 {acilius
882 1172 1052 1240 explicatur,
1070 1190 1129 1227 ma·

170 1243 243 1295 xime
262 1242 336 1310 quod
350 1242 389 1295 ait
407 1242 574 1310 ‘Papiniani
594 1241 692 1304 Paulli,
710 1240 781 1301 Gaii,
800 1240 913 1307 Ulpiani
931 1242 1018 1306 atque
1033 1240 1130 1293 blode-

169 1309 236 1362 stini
253 1309 384 1376 scripta
401 1310 565 1361 universa
581 1308 769 1360 firmamus’
784 1308 900 1373 etquod
913 1306 984 1359 Gaio
998 1309 1130 1359 9191991-

170 1377 222 1430 bus
239 1376 353 1443 quidem
372 1376 431 1429 eius
449 1375 527 1427 libris
546 1375 643 1428 eadem
658 1390 730 1441 quae
747 1374 847 1427 ceteris
865 1375 1018 1426 auctoritas
1037 1374 1129 1427 vindi·

170 1446 256 1498 catur.
292 1443 405 1496 Scilicet
421 1443 477 1495 iani
496 1442 618 1495 abstinet
635 1442 788 1508 imperator
806 1457 822 1493 a
840 1440 952 1493 ‘codice
971 1441 1040 1492 iuris
1060 1457 1129 1493 enu-

170 1511 414 1628 919911’,.9199191
436 1525 519 1576 quem
543 1508 691 1561 verisimile
715 1511 769 1571 911,
793 1507 857 1584 Gaii
879 1507 963 1585 191199
985 1508 1129 1585 quaedam

169 1572 1129 1719 1199111111ἴὲ91119111111111111111

170 1725 250 1777 quasi
273 1709 438 1762 orientalem
460 1725 548 1777 magis
567 1707 660 1784 ICtum
684 1708 786 1760 codicis
809 1709 1128 1828 compositoreslneffle·

169 1777 282 1839 xerunt,
307 1775 391 1828 aliam
413 1776 526 1829 interim
548 1774 716 1826 medicinam
739 1775 805 1826 iuris
827 1774 1021 1826 incertitudini
1045 1778 1130 1828 9111

170 1858 237 1896 1999
254 1842 344 1894 919119
362 1841 516 1895 faciliorem
536 1841 611 1894 9119
630 1858 696 1907 qua,
720 1843 753 1893 ut
770 1844 887 1894 eventus
906 1841 1015 1906 docuit,
1040 1843 1128 1896 etiam

171 1909 328 1963 Theodosio
346 1909 415 1962 licet
431 1909 548 1961 meliora
567 1907 620 1958 sibi
638 1908 787 1975 spondenti
804 1908 1038 1975 acquiescendum
1058 1913 1128 1963 9191

169 1975 307 2045 Expresse
325 1992 392 2029 9919
410 1974 517 2028 9191119
535 1977 577 2027 911
594 1974 644 2049 illa
661 1974 791 2027 Vaticani
810 1975 901 2042 operis
925 1975 1031 2027 ‘nubes
1049 1977 1128 2029 9919-

169 2045 286 2096 minum'
307 2058 341 2096 ea
357 2042 469 2095 demum
482 2041 630 2094 Theodosii
649 2041 857 2104 constitutione,
876 2056 932 2108 qua
949 2058 1031 2094 suum
1045 2042 1128 2096 Codi-

170 2125 230 2164 cem
248 2109 403 2172 roboravit,
422 2108 530 2170 verbis,
548 2122 619 2174 quae
638 2125 722 2176 supra
739 2109 894 2161 retulimus.

238 2177 337 2229 Restat
354 2174 389 2227 (19
408 2173 577 2227 editionibus
594 2189 685 2240 pauca
703 2176 803 2228 dicere.
835 2174 950 2227 “Post
967 2175 1057 2244 princi
1078 2191 1125 2229 em

168 2245 202 2296 A.
216 2243 283 2295 Maii
301 2241 460 2301 editionem,
478 2193 1126 2316 (19991991991911191119199919199119111191

189 2311 284 2362 aretae
302 2309 376 2373 sunt,
394 2306 616 2361 Buchholtziena
634 2314 745 2361 91818.
763 2312 792 2362 91
804 2308 997 2377 Hollwegianu
1010 2326 1035 2362 a.
1050 2314 1124 2364 1813.

168 2326 249 2428 Prior
270 2390 313 2426 ani
336 2374 362 2426 lo
385 2375 585 2427 commentario
607 2377 665 2427 tam
688 2376 784 2429 critico
806 2392 890 2443 quam
913 2376 1060 2444 exegetica
1082 2376 1124 2429 in·

169 2441 288 2516 structa,
315 2390 382 2493 11911
404 2442 564 2517 saepissime
587 2440 711 2495 offendat
733 2442 779 2495 vel
805 2441 950 2510 superfiuis
973 2443 1019 2496 vel
1042 2443 1125 2496 nimis

168 2507 346 2572 iuuenilibus,
365 2508 460 2561 tamen
474 2512 558 2562 etiam
571 2508 709 2577 quaedam
728 2509 821 2583 babet,
841 2525 913 2585 quae
927 2510 1016 2562 bonas
1036 2510 1125 2580 frugis

169 2575 233 2630 sint
268 2574 374 2634 Altera,
393 2591 465 2642 quae
483 2577 568 2629 etiam
587 2578 616 2628 in
634 2592 734 2643 corpus
751 2578 819 2628 iuris
835 2592 887 2629 civ.
907 2577 1038 2629 anteiust.
1051 2577 1124 2631 Bon-

168 2658 254 2696 nense
272 2641 416 2710 migravit,
440 2645 469 2695 et
485 2643 582 2695 iudicii
602 2643 810 2696 maturitatem
829 2645 907 2696 textu
926 2643 1123 2697 constituendo

169 2712 199 2764 et
215 2709 353 2763 iudicibus
372 2725 389 2760 a
401 2709 571 2778 Boecliingio
590 2711 722 2763 confectis
741 2712 770 2762 91
786 2710 937 2777 specimine
956 2710 1016 2763 cod.
1031 2710 1123 2765 Vatic.

169 2777 278 2831 adiecto
302 2778 436 2853 praestat.
474 2776 658 2840 Quamobrem
676 2779 801 2829 nostram
819 2776 971 2830 editionem
995 2777 1032 2829 ad
1053 2778 1126 2830 hanc
1141 2804 1154 2831 ο

169 2844 274 2898 referre
287 2861 377 2896 risum
391 2845 441 2907 est,
459 2842 635 2897 Buchholtiii
651 2845 771 2907 tantum,
790 2843 838 2895 ubi
851 2844 995 2907 intererat,
1014 2845 1125 2898 ratione

168 2910 274 2964 habita.
302 2910 334 2963 ln
346 2912 428 2963 textu
446 2911 670 2986 recognoscendo
688 2910 744 2962 scio
757 2910 879 2978 quidem,
898 2912 931 2962 ut
944 2913 1005 2963 tuto
1018 2911 1124 2989 ubique

168 2977 320 3055 procedere
339 2978 439 3045 possis,
462 2979 640 3053 iteratamet
657 2978 857 3053 accuratiorem
880 2976 981 3030 codicis
1000 2976 1065 3030 Vat.
1084 2995 1124 3030 in·

168 3043 1124 3186 111131,111111111111111911111

167 3177 213 3231 hic
231 3179 353 3231 maxime
372 3178 465 3238 refert,
485 3176 609 3251 suppleri
627 3192 707 3243 posse
727 3176 876 3230 arbitratus
894 3194 963 3231 sum.
997 3177 1125 3231 Pertinet

167 3243 220 3297 hoc
242 3244 369 3312 inprimis
392 3243 427 3295 ad
451 3243 518 3295 solia
539 3242 589 3294 illa
614 3242 749 3295 bessarios
771 3243 817 3296 991
844 3243 1004 3296 trientarios
1026 3261 1123 3297 versus

168 3310 354 3372 continentia,
373 3308 777 3425 99119119991991119199191
795 3309 950 3386 subsidium
969 3310 1124 3388 editoribus

166 3374 1124 3518 libertitatis,tillutt?tttlttiittltttlttt

167 3509 272 3560 servati
284 3508 356 3570 sunt,
377 3507 450 3560 unde
463 3523 559 3560 sarciri
571 3508 719 3576 deperdita
730 3512 868 3576 poterant.
896 3510 932 3563 Et
943 3510 996 3564 hoc
1008 3511 1122 3579 quidem

166 3589 256 3642 genus
281 3573 405 3626 locorum
428 3575 484 3628 iani
504 3575 662 3629 absolutum
684 3577 773 3630 uideri
799 3579 904 3653 potest;
933 3580 1008 3631 certe
1035 3587 1183 3638 99991911

166 3642 276 3693 tantuin
295 3645 371 3705 §.bb
389 3640 492 3707 199991,
511 3643 555 3695 991
574 3643 626 3696 hoc
644 3643 727 3696 modo
746 3644 881 3696 auxilium
899 3645 965 3698 19111
983 3647 1086 3711 991191,
1106 3659 1123 3695 a

165 3707 306 3827 91199191
324 3707 478 3762 editoribus
496 3725 551 3762 non
564 3709 796 3763 animadversum.
828 3710 868 3762 Ex
886 3711 1000 3780 ingenio
1015 3711 1121 3778 aliqua·

179 3790 247 3827 enus
264 3774 427 3843 supplendis
443 3775 473 3828 lii
491 3776 524 3829 iis
542 3778 653 3829 tautum
671 3777 781 3852 paginis
794 3779 917 3830 animum
930 3779 1119 3836 adverterant,

164 3841 314 3918 inquibus
337 3844 423 3896 triens
446 3844 600 3911 scripturae
622 3847 758 3910 perierat:
782 3846 880 3897 necin
903 3844 959 3907 his,
983 3847 1121 3912 quatenus

164 3911 312 3964 restituere
326 3909 475 3979 deperdita
486 3910 579 3976 conati
597 3911 669 3975 sunt,
689 3909 772 3978 spatii
785 3913 814 3964 et
832 3913 881 3975 rei,
901 3911 936 3965 de
949 3927 1006 3980 qua
1018 3911 1120 3979 agitur,
