2376 4312
67 39 1173 277 u

235 347 238 356 .

279 538 337 576 vra.
351 537 453 575 evtrsn.
468 537 553 575 tvsec.
568 537 755 574 consrnrsrto.
771 519 817 573 VI.
833 527 910 575 3-6.
1006 519 1064 586 84ῗ

117 671 233 727 forsitan
250 670 404 740 tentarerit,
419 669 538 742 primore
553 669 580 724 ln
595 667 656 724 loco
667 667 748 725 debet
759 668 900 725 euidenter
916 667 1070 740 ostendere,

117 770 147 809 se
164 767 306 826 personam
317 750 415 807 habere
427 750 588 825 legitimam:
604 759 632 806 et
643 751 695 809 boc
707 752 770 807 dum
783 751 944 822 ostenderit,
964 760 993 807 ut
1005 752 1071 807 iuris

117 838 265 910 legumque
280 834 364 892 dictat
379 837 535 906 auctoritas,
551 851 637 907 genus
652 837 764 892 actionis
781 837 859 892 edere
876 835 967 907 debet,
978 836 1070 908 inquo

117 936 198 976 mauu
214 935 261 974 sua
281 917 442 987 subscribat,
459 912 548 991 'quo,¹
564 918 627 973 dato
648 935 747 990 genere
767 921 888 989 actionis,
903 911 928 974 'a
948 914 1072 993 coeptis²

116 1004 248 1061 triduanis
271 1002 385 1058 induciis
405 1001 512 1074 'quarto
535 993 598 1056 dic³
618 1002 781 1074 respondeat
802 1002 972 1059 aduersarius
993 1019 1070 1074 suus,

117 1095 150 1144 ut
171 1087 246 1160 leges
269 1085 450 1160 praecipiunt,
472 1083 695 1157 responsionibus
721 1084 803 1141 saluis
819 1084 937 1158 pulsato,
954 1103 1021 1159 quae
1037 1088 1070 1144 de

115 1173 175 1228 iure
198 1179 226 1226 ct
247 1169 353 1242 legibus
376 1167 573 1240 suffragantum
597 1166 671 1222 salua
690 1169 769 1224 etiam
790 1170 896 1225 actione
911 1168 1069 1239 calumniae,

118 1257 192 1329 quia,
208 1252 271 1308 dum
287 1252 473 1319 calumniator,
490 1253 535 1324 qui
557 1248 657 1324 pulsat,
673 1260 799 1307 ostensus
820 1251 913 1323 tuerit,
929 1252 1014 1325 qualis
1035 1254 1071 1308 sit

117 1353 205 1413 poena
220 1336 377 1406 calumniae,
389 1333 496 1408 legibus
514 1333 608 1390 subter
619 1336 727 1391 annexis
740 1334 905 1391 ostenditur:
921 1337 1071 1406 statumen,

119 1430 149 1477 ut
171 1422 230 1492 ipse
252 1417 360 1492 probet,
383 1418 605 1490 quemadmodum
636 1434 683 1473 sua
705 1421 829 1488 interest,
845 1427 873 1475 et
889 1419 1023 1489 ostendat,
1039 1419 1071 1474 ad

118 1521 148 1559 se
164 1505 301 1571 uniuersa,
316 1518 385 1574 quae
400 1503 510 1575 repetit,
537 1503 683 1576 pertinere.
713 1500 741 1558 8.
757 1501 825 1557 Illud
840 1504 985 1577 praecipue
999 1519 1072 1558 suur-

119 1602 161 1642 mu
177 1601 237 1641 cum
252 1586 356 1641 cautela
372 1583 512 1641 obseruari
535 1593 654 1659 oportet,
677 1594 715 1657 ut,
731 1587 754 1641 sl
769 1587 940 1642 aduersarius
955 1588 1072 1660 scriptu·

120 1685 176 1725 ram
191 1668 305 1742 aliquam
327 1668 478 1725 donationis
494 1669 655 1739 ostenderit,
671 1678 698 1725 et
719 1671 836 1745 primore
859 1671 885 1725 iu
907 1670 968 1726 loco
991 1669 1071 1727 tidem

120 1753 200 1809 iaciat
223 1754 383 1825 scripturae:
406 1769 485 1826 quam
505 1753 689 1824 dumlecerit,
706 1753 839 1810 incudem
857 1748 1073 1811 ’munliicontls⁴

119 1836 242 1909 singulae
259 1851 380 1908 quaeque
402 1853 446 1892 res
460 1840 484 1891 si
500 1838 615 1910 scriptae
632 1835 741 1906 tuerint,
758 1854 826 1911 quae
842 1835 988 1905 donantur,
1001 1838 1071 1893 sicut

119 1922 194 1993 leges
206 1917 308 1989 iubent,
322 1919 394 1975 ualet
407 1920 476 1976 iacta
493 1919 625 1975 ’donatior
637 1913 679 1974 et⁵
690 1921 712 1975 si
724 1937 779 1990 eas,
792 1920 855 1976 dum
867 1921 943 1990 uixit,
955 1923 982 1976 in
994 1920 1073 1976 bonis

120 2005 177 2060 suis
192 2002 297 2073 habuit,
319 2012 364 2059 aut
380 2005 438 2060 eius
454 2004 505 2059 iurl
523 2003 566 2058 uel
580 2003 700 2059 domInio
712 2002 913 2077 competebant,
926 2007 1009 2059 aut-si
1024 2004 1074 2060 lite

121 2095 271 2145 contestata
287 2086 319 2142 de
335 2087 384 2143 bac
409 2085 469 2143 luce
489 2088 656 2160 migrauerit.
687 2085 760 2155 Quae
775 2089 900 2143 uniuersa
916 2087 1031 2161 qualiter
1046 2096 1072 2143 et

121 2170 319 2244 quibusmodis
340 2170 491 2247 adstruere,
508 2163 680 2226 ’detersas-ei
696 2170 739 2227 uel
754 2171 910 2227 aduersario
925 2171 1074 2227 diuinitatis
1169 2158 1176 2173 ⁸

121 2254 220 2310 auxilio
236 2255 363 2310 resistere
379 2253 492 2325 debeas,
513 2253 624 2310 interius
640 2247 809 2311 'contiueat⁷
824 2255 967 2330 adscripta.
997 2252 1025 2312 4„
1042 2254 1073 2311 Et

121 2353 154 2393 ue
170 2337 241 2392 torte
257 2336 328 2393 dicat
343 2336 455 2393 aduersa
475 2354 547 2409 pars,
560 2337 649 2409 aliqua
663 2337 715 2393 sibi
727 2337 865 2411 principali
881 2342 1015 2413 rescripto
1027 2348 1073 2394 aut

121 2422 311 2494 praeceptione
326 2419 410 2475 tuisse
425 2437 564 2490 concessa,
577 2419 609 2475 ad
619 2421 702 2476 buius
712 2415 810 2476 ἰιιοιΙὶΒ
823 2425 969 2479 uersutiam
982 2432 1073 2497 potest

122 2503 243 2578 pulsatus
266 2503 352 2559 modis
374 2502 497 2559 omnibus
514 2503 656 2578 replicare,
671 2505 819 2577 principem
835 2521 866 2560 ea
880 2521 988 2579 semper
1003 2506 1073 2561 uelle

121 2587 285 2657 concedere,
315 2602 384 2660 quac
406 2586 511 2660 legibus
533 2587 684 2658 rationique
703 2589 884 2643 conueniunt:
907 2590 968 2661 qula
984 2605 1074 2661 causa,

67 2683 191 2744 tsotquae
213 2670 313 2726 nullam
330 2670 363 2727 de
384 2669 489 2743 legibus
511 2671 627 2726 sortitur
649 2664 810 2732 firmitatem,
833 2672 861 2725 iu
882 2672 1073 2744 praeiudicium

121 2755 234 2810 alterius
250 2771 265 2809 a
282 2755 400 2827 principe
416 2769 470 2809 nou
486 2761 578 2827 potest
598 2768 704 2810 sumere
727 2751 894 2828 firmitatem3
918 2755 989 2810 sicut
1003 2755 1074 2811 idem

121 2836 232 2894 iuferius
247 2836 406 2892 declaratur.

126 2980 141 2999 Ι
205 2918 233 2978 d.
257 2919 354 2975 Potitio
377 2920 551 2991 hereditatis,
574 2921 651 2976 cuius
678 2918 822 2975 defunctus
844 2919 917 2976 litem
940 2931 1075 2977 nouerat

122 3036 334 3045 --——

195 3095 213 3162 ¹)
229 3100 245 3150 i.
266 3113 287 3147 e.
307 3104 349 3152 at,-
368 3098 468 3160 alioqui
485 3096 619 3161 legendam
637 3097 708 3158 soret
728 3096 768 3145 cui
786 3096 840 3144 dato
863 3097 944 3158 generi
965 3098 1075 3147 actionis.

123 3165 144 3234 ²)
159 3169 265 3232 acceptis
278 3167 336 3216 edd.
351 3175 413 3230 post
426 3168 529 3216 induciis
543 3169 630 3230 posito
645 3173 772 3217 commate.
847 3162 868 3231 ⁸)
885 3165 950 3224 Non,
965 3174 1077 3230 utputo,

121 3254 155 3287 ex
170 3254 218 3302 qno
230 3253 313 3303 genus
326 3240 437 3287 actionis
451 3239 553 3295 editam,
567 3238 613 3286 sed
627 3252 661 3286 ex
671 3252 719 3301 quo
730 3238 763 3286 tis
772 3244 838 3285 mota
848 3244 873 3286 et
882 3250 998 3299 persona
1013 3239 1076 3303 tegi·

122 3311 182 3356 tiana
197 3317 299 3357 ostensa
313 3315 385 3363 erat:
400 3309 459 3357 inde
469 3310 534 3357 enim
544 3308 658 3357 biduum
667 3309 777 3370 petitori
786 3307 831 3355 dat
841 3307 900 3355 Lex
911 3305 982 3356 Rom.
992 3305 1075 3373 Burg.

122 3379 159 3426 tit.
179 3376 227 3426 XI.
242 3380 341 3428 actioni
354 3379 480 3436 edendae,
495 3385 586 3428 utnon
603 3381 640 3427 ita
654 3378 731 3427 edens
745 3376 813 3425 litent
823 3377 934 3439 perdat,-
953 3378 1077 3441 quoditie

119 3454 178 3509 port
194 3447 256 3499 Nou.
277 3448 406 3499 Valentin.
421 3460 447 3500 ἰε
462 3447 530 3512 (Lib.
546 3447 582 3496 II.
597 3450 635 3496 tr't.
654 3446 803 3512 XXXIV.)
818 3449 840 3508 5.
852 3459 885 3497 14.
900 3462 947 3495 usu
962 3451 1002 3497 oet
1015 3463 1077 3499 con·

122 3519 253 3566 stitutione
267 3519 369 3567 uidetur
383 3518 565 3567 introductum.
593 3516 663 3566 Idem
677 3532 737 3566 cero
752 3518 865 3565 triduum
879 3518 1000 3567 inducias
1013 3534 1076 3582 quo·

123 3603 137 3650 q
157 3601 170 3635 e
180 3587 333 3649 praestabat
346 3604 405 3646 reo,
420 3596 447 3637 ut
461 3595 553 3651 quarto
567 3588 664 3635 demam
678 3587 721 3635 die
735 3588 909 3649 responderet.
938 3588 1001 3637 Atia
1011 3604 1076 3653 pro·

122 3657 184 3706 dant
199 3656 309 3719 Rudorf.
326 3658 451 3708 Zeitsclrr.
469 3657 547 3705 XIII.
560 3672 587 3719 p.
602 3667 636 3706 ts.
671 3656 800 3721 Wieding.
816 3656 973 3721 Libettproc.
984 3674 1012 3721 p.
1026 3670 1075 3709 45³.

123 3725 144 3791 ⁴)
160 3728 320 3776 munitlceutia
335 3728 392 3780 edd.
418 3728 477 3777 Vid.
494 3727 534 3774 Du
552 3726 636 3791 Gange
650 3741 670 3775 s.
687 3743 708 3778 o.
724 3728 882 3789 munificare.
949 3725 969 3792 ⁶)
985 3728 1076 3777 Malim

122 3797 218 3846 donatio
234 3799 273 3845 ita.
325 3794 346 3862 6)
362 3799 486 3847 defensore
501 3797 559 3845 edd.
611 3794 868 3862 ²)continenturedd.
924 3795 1076 3863 ⁸)Par.ttt.

122 3867 177 3914 mali
193 3867 255 3915 Par.
271 3878 303 3918 rt.
323 3867 404 3933 Pupp.
