2378 4386
147 567 208 626 102
355 577 380 610 a.
400 575 563 611 canebamus.
583 585 616 594 -
635 575 659 608 1..
678 574 766 608 rvrnva
785 573 891 610 aarum.

466 728 505 792 A.
529 725 791 793 OASOELLIVS

506 816 623 879 (eiusdem
638 818 741 882 aetatis).

205 915 230 974 1.
254 915 399 971 Cascellius
414 915 622 971 iurisconsultus
646 916 804 973 urbanitatis
820 917 902 973 mirae
917 916 1105 991 libertatisque

142 999 307 1067 habebatur;
330 1000 474 1072 praecipue
498 1008 586 1056 tamen
608 1001 631 1055 is
647 1002 722 1058 iocus
738 1003 796 1056 eius
812 1003 944 1057 innotuit:
960 1001 1104 1075 Lapidatns

142 1100 157 1140 a
172 1082 275 1157 populo
292 1084 421 1154 Vatinius,
437 1100 497 1138 curn
513 1083 700 1156 gladiatorium
712 1101 810 1140 munus
822 1085 923 1155 ederet,
939 1085 1104 1155 obtinuerat,

144 1177 173 1224 ut
195 1166 295 1222 aediles
318 1168 466 1236 edicerent,
488 1184 522 1222 ne
546 1169 605 1240 quis
627 1170 655 1223 in
677 1185 782 1224 arenam
799 1170 856 1224 nisi
878 1186 988 1242 pomum
1000 1171 1104 1225 misisse

142 1250 237 1307 uellet.
253 1250 324 1307 loric
340 1250 381 1305 his
397 1249 491 1307 diebus
506 1250 651 1307 Cascellius
666 1251 807 1308 consultus
822 1270 836 1308 a
853 1253 977 1326 quodam,
1001 1270 1033 1308 an
1049 1270 1104 1308 nux

87 1362 91 1369 ·
141 1336 219 1410 pinea
242 1351 352 1409 pomum
375 1343 457 1405 esset,
479 1334 631 1408 respondit:
666 1335 704 1391 ‘Si
727 1338 752 1391 in
769 1336 901 1392 Vatinium
917 1339 1048 1392 missurus
1064 1354 1104 1407 es,

142 1435 252 1494 pomum
268 1413 352 1475 est’.¹
369 1449 408 1457 —
426 1417 540 1475 llacrub.
557 1419 613 1475 Sat.
630 1418 659 1490 2,
676 1419 703 1475 6.
722 1416 794 1493 3.1.

205 1500 233 1560 2.
258 1503 398 1559 liercatori
419 1501 526 1572 deinde,
548 1502 771 1576 quemadmodum
793 1520 853 1559 oum
869 1505 944 1560 socio
959 1504 1048 1558 nauim
1064 1502 1103 1557 di·

141 1587 260 1658 uideret,
281 1588 458 1658 interroganti
482 1586 653 1659 reapondisse
674 1587 801 1650 traditum
824 1587 929 1642 ‘liauim
951 1589 973 1643 si
994 1586 1103 1657 diuidis,

141 1687 192 1727 nec
208 1681 237 1726 tu
252 1686 303 1726 nec
317 1671 406 1725 socius
424 1668 555 1725 babebis'.
571 1701 613 1712 -
625 1670 741 1727 llacrob.
755 1671 792 1726 ib.
810 1668 837 1745 S.
853 1662 901 1727 2²

411 1813 471 1877 *L.
494 1812 640 1878 IVLIVS
664 1814 835 1879 CAESAR
1112 1829 1154 1876 [err

504 1901 747 1970 maww³

454 1994 792 2066 Auspiciorum.

203 2101 226 2160 1.
251 2102 333 2159 lulius
345 2101 442 2159 Caesar
452 2110 530 2158 sexto
541 2101 645 2158 decimo
661 2103 841 2174 auspiciorum
854 2101 921 2157 libro
932 2111 1024 2175 negat,
1035 2120 1104 2159 nun·

142 2189 213 2244 dinis
228 2189 382 2244 contionem
395 2185 520 2242 aduocari
535 2202 626 2258 posse,
649 2185 675 2240 id
691 2194 741 2255 est,
759 2202 820 2240 cum
835 2185 937 2259 populo
953 2188 1007 2260 agi,
1028 2186 1101 2244 ideo·

141 2289 194 2345 que
205 2271 330 2327 nundinis
342 2270 524 2326 Romanorum
537 2268 628 2326 haberi
638 2271 744 2326 comitia
756 2285 811 2325 non
823 2286 912 2343 posse.
928 2300 970 2310 -
986 2269 1101 2327 biacrob.

141 2356 196 2414 Sat.
215 2356 244 2426 1,
261 2355 309 2411 16.
326 2351 354 2428 S.
372 2354 421 2411 29.

196 2433 232 2511 .²·
258 2437 354 2494 Caesar
379 2440 406 2493 in
433 2437 620 2511 auguralibus:
651 2436 693 2492 ‘Si
718 2439 822 2493 sincera
848 2454 931 2510 pecus
958 2437 1038 2500 erat'.
1061 2467 1101 2479 —

140 2521 265 2578 Priscian.
284 2523 313 2593 6,
331 2522 379 2579 16.
397 2518 425 2595 3.
443 2521 493 2578 86.
511 2540 538 2596 p.
557 2521 616 2579 719
632 2520 740 2580 Putscln
755 2539 782 2595 p.
800 2521 861 2578 270
873 2521 964 2578 Hertz.

204 2602 234 2663 3.
257 2605 286 2661 L.
303 2607 411 2662 Caesar:
439 2604 599 2680 ‘certaeque
614 2623 658 2662 res
674 2605 853 2681 augurantur'
869 2603 1102 2664 οἰωνοσκοποῦν-

140 2710 198 2747 ται.
218 2722 254 2732 -
271 2689 402 2748 Priscian.
418 2689 448 2762 8,
464 2689 492 2746 4.
510 2687 538 2764 3.
557 2686 606 2749 15.
623 2708 650 2764 p.
668 2690 727 2747 791
745 2688 855 2748 Putsclr.
870 2708 897 2763 p.
914 2691 976 2749 380
991 2693 1081 2749 llertz.

203 2773 232 2831 4.
255 2775 381 2832 Maiorem
401 2775 540 2851 consulein
560 2773 589 2834 L.
606 2774 702 2829 Caesar
724 2782 801 2846 putat
823 2769 894 2830 dici⁴
909 2773 953 2829 uel
969 2793 1041 2851 eum,
1057 2793 1103 2850 pc·

141 2876 190 2916 nes
206 2875 286 2932 quem
300 2859 386 2915 fasces
402 2861 466 2918 siut.
483 2856 528 2912 uel
543 2873 615 2927 eum,
631 2859 678 2928 qui
693 2859 768 2929 prior
784 2857 871 2914 luctus
887 2859 935 2921 sit;
952 2869 1103 2932 praetorem

140 2952 230 2999 autem
246 2944 373 2997 mdorem
391 2939 529 3007 urbanum,
545 2940 663 2995 minores
675 2948 792 2997 ceteros.
804 2969 843 2982 ·-
857 2942 929 2998 uest.
941 2959 965 2997 v.
977 2943 1103 3000 Maiorem

141 3043 169 3099 p.
186 3023 255 3080 161.

215 3181 236 3250 ¹)
252 3184 290 3247 Cf.
308 3184 359 3234 Cic.
375 3185 403 3232 in
423 3183 509 3232 Vaiin.
526 3194 558 3235 15.
574 3212 607 3222 -
623 3185 654 3234 L.
670 3197 716 3238 205.
744 3187 776 3236 D.
791 3189 816 3253 d.
832 3190 901 3239 verb.
916 3193 983 3255 ripn.
998 3189 1042 3256 (io,
1058 3190 1102 3254 lo).

143 3256 213 3304 Ptin.
224 3261 355 3316 mactra.
386 3250 406 3318 ²)
422 3253 575 3318 Etepantins
589 3254 694 3315 Quintil.
711 3257 733 3307 I.
750 3257 777 3307 O.
793 3270 814 3321 a,
826 3271 846 3310 a.
861 3261 885 3320 §-
900 3272 933 3311 aa.
955 3258 1103 3318 ‘Cascellio

141 3327 186 3390 qni
200 3326 342 3373 consultori
356 3325 467 3373 dicenti:
482 3323 574 3374 Naaim
584 3327 704 3376 diuidere
714 3331 781 3378 uolo.
793 3325 926 3388 ‘Perdes’,
935 3328 1038 3394 inquit'.
1061 3331 1104 3380 Ce-

141 3403 223 3444 terum
236 3393 376 3442 Cascellius
386 3393 543 3457 baecsaceio
558 3398 1104 3461 responsalibrobenedictoruminseruissc

142 3465 229 3514 videri
244 3471 335 3528 potest.
358 3464 395 3526 Os.
411 3464 442 3512 1..
458 3477 477 3515 a.
493 3468 561 3527 §.m-
590 3469 749 3531 1).‹1e0r2·9.
767 3470 818 3516 iar.
838 3469 910 3533 (qa).
946 3465 1034 3532 ³illic
1048 3486 1104 3519 eum

141 3536 208 3585 idem
216 3535 299 3597 faisse
318 3534 446 3593 videatur,
462 3539 506 3599 qui
515 3545 621 3587 auclore
633 3536 748 3586 Iliaerob.
758 3536 812 3586 Sal.
823 3549 844 3598 2,
856 3549 877 3588 a.
906 3537 1043 3586 Lentulum
1054 3540 1104 3601 lla·

141 3607 232 3656 minem
248 3605 395 3655 Martialem
410 3607 578 3670 induperavit
593 3608 638 3670 (cf.
651 3606 785 3654 Drumann
798 3605 886 3655 aesca.
899 3604 1044 3668 Romallp.
1055 3618 1095 3656 tna

141 3676 182 3726 lll.
188 3692 216 3739 p.
227 3675 284 3741 raa),
297 3689 348 3726 non
358 3674 453 3734 dubito,
464 3678 527 3740 puin
541 3678 567 3726 ei
582 3676 610 3724 ln'
617 3676 758 3740 anparales
770 3674 833 3723 iibri
846 3674 978 3723 tribuendi
986 3677 1046 3722 sini.
1078 3676 1102 3725 G.

143 3745 251 3795 Caesari
269 3747 393 3795 dictatori
411 3745 492 3795 tribui
510 3761 561 3795 nan
576 3759 662 3809 pocae,
679 3746 755 3793 eliam
773 3745 839 3793 uidit
859 3743 1008 3809 Nipperdey
1023 3747 1050 3793 in
1064 3747 1103 3794 ed.

143 3816 356 3879 Caesarianam.
385 3811 408 3879 ⁴)
423 3815 492 3864 Puta
507 3817 534 3864 in
548 3816 675 3881 cupariis.
704 3813 770 3864 Fert.
781 3830 803 3864 a.
816 3815 930 3865 Remissa
945 3817 1063 3865 exercitu
1074 3834 1103 3880 p.

141 3898 188 3939 ito.
205 3887 278 3949 infra
292 3889 319 3936 in
335 3885 370 3935 M.
386 3886 482 3936 Antist.
497 3885 617 3936 Labeone
631 3897 665 3938 aa.
