2378 4386
10 17 1136 403 m

406 640 431 682 a.
450 638 547 675 uvcrvs
567 638 708 674 sansana.
997 635 1037 692 13

68 767 147 838 dicit,
171 765 297 821 manibus
319 773 415 838 pectus
438 766 535 838 tangit.
579 765 608 820 ln
635 764 839 838 antiquitatibus
862 774 951 822 aulem
974 766 1039 823 baec

70 849 172 924 oppida
201 851 295 905 iuueni
325 848 443 918 deuota,
471 843 613 919 ‘lonios,¹
636 848 786 922 Fregellas,
811 848 922 920 Gabios,
947 850 1037 921 Veios,

69 933 202 1002 Fidenas,
226 933 291 989 llaec
314 934 385 988 intra
400 932 511 988 ltaliam.
541 942 681 1006 praetcrea
695 932 885 1006 Karthaginem
900 943 927 990 et
943 934 1038 990 Coriu-

69 1018 163 1086 tlmm3
187 1017 236 1073 sed
260 1024 287 1072 et
309 1015 410 1072 multos
433 1018 567 1072 exercitus
589 1017 740 1089 oppidaque
757 1018 874 1073 bostium
890 1018 1037 1088 Gallorum,

70 1101 263 1175 Hispanorum,
286 1101 424 1169 dirorum,
439 1100 601 1162 llaurorum,
624 1101 789 1173 aliarumque
811 1105 944 1174 gentium,
971 1118 1037 1173 quas

70 1188 152 1260 prisci
169 1185 322 1259 loquuntur
337 1184 454 1240 annales.
472 1214 510 1224 -
527 1184 641 1240 llucrob.
658 1184 714 1240 Sat.
731 1186 759 1253 3,
778 1185 805 1244 9.
823 1185 870 1257 33.
888 1184 1001 1241 6-13.

291 1337 328 1413 Q.
351 1335 536 1402 MVOIVS
561 1336 821 1404 SOAEVOLA

207 1443 269 1507 (cos.
289 1459 311 1492 a.
330 1457 353 1492 u.
374 1454 420 1494 aas.
440 1451 496 1505 post
513 1451 579 1506 pont.
599 1459 659 1492 max.
680 1445 778 1493 oblita.
799 1461 821 1494 u.
841 1443 898 1508 stu).

318 1541 359 1598 ue
378 1544 454 1598 iure
477 1542 578 1597 ciuili
600 1541 685 1598 libri
708 1541 794 1599 Xillll.

135 1650 160 1711 l.
182 1651 248 1707 Nam
263 1649 294 1718 Q.
313 1646 483 1707 Scaeuolam²
505 1651 538 1706 ad
553 1650 790 1706 demonstrandam
806 1668 904 1725 penum
921 1650 962 1706 luis
978 1668 1038 1707 uor-

71 1737 115 1793 bis
138 1751 221 1790 usum
242 1734 334 1790 audin:
365 1732 467 1789 ‘Penus
490 1743 546 1804 est,
568 1735 668 1805 iuquit,
692 1726 780 1807 quod³
802 1735 970 1790 esculentum
992 1745 1038 1792 aut

71 1812 336 1895 posculerrtum⁴est‚
349 1818 421 1891 quod
430 1818 786 1891 ipsiuspat1·isiamilias(aut
799 1813 1037 1891 matrisfamilias)

72 1913 121 1959 aut
143 1902 258 1958 liberum
280 1895 494 1975 patrisiaruilias⁵
515 1901 576 1977 (ani
588 1895 733 1980 familiae)
755 1904 825 1973 eius,
848 1919 915 1975 quae
938 1905 1037 1957 circum

72 1981 137 2043 εοεΒ
152 1995 199 2041 aut
213 1984 315 2042 liberos
330 1988 387 2041 eius
403 1995 445 2041 est
460 1994 487 2039 ot
502 2002 571 2059 opus
586 2003 640 2042 uon
658 1987 735 2058 iacit,
757 2003 835 2042 causa
850 1995 971 2060 paratum
987 1996 1036 2042 est.

72 2072 145 2140 (Sea
161 2074 271 2143 parlim
292 2071 367 2126 baec
389 2071 567 2140 improbasse
583 2070 716 2127 Seruium
732 2071 904 2142 Sulpiciam,
926 2075 976 2143 qai
990 2070 1038 2127 ‘Aa

73 2172 132 2211 non
153 2154 256 2225 omne,
280 2157 380 2226 inquit,
398 2156 474 2226 qaod
488 2170 555 2210 esns
568 2161 710 2226 potusque
726 2172 823 2212 eoram
839 2171 931 2210 caasa
943 2174 1036 2225 prara-

73 2249 133 2295 tam
148 2235 200 2312 est)
218 2246 248 2293 ut
263 2236 365 2293 blucius
382 2239 429 2309 ait,
445 2254 530 2310 penus
547 2237 631 2293 uideri
644 2239 733 2295 debet.
756 2237 818 2293 lium
832 2255 900 2310 quae
913 2238 944 2291 ad
958 2239 1036 2292 eden·

74 2322 139 2377 dum
160 2320 361 2394 bibendumque
383 2322 410 2376 iu
432 2321 490 2375 dies
513 2322 636 2395 singulos
659 2323 764 2396 prandii
786 2330 833 2377 aut
855 2337 936 2378 cenae
958 2337 1037 2375 carisa

74 2414 212 2479 parantur,
228 2422 315 2478 penus
331 2421 385 2459 uon
402 2413 475 2475 suut,
491 2406 537 2461 sed
554 2422 584 2460 ea
601 2409 701 2479 potius,
719 2423 785 2479 quae
801 2407 913 2461 huiusce
929 2405 1037 2478 generis

74 2488 174 2562 longae
188 2490 289 2545 usionis
301 2490 387 2561 gratia
400 2489 597 2544 contrahuntur
609 2498 635 2545 et
648 2490 843 2560 reconduntur,
861 2506 893 2544 en
905 2507 948 2560 eo,
965 2487 1038 2562 quod

75 2588 131 2628 non
152 2574 180 2628 iu
201 2581 329 2646 promptu
351 2573 417 2642 siut,
439 2572 487 2627 sed
510 2574 584 2628 intus
606 2582 633 2628 et
647 2575 756 2646 penitus
772 2573 931 2644 habeantur,
951 2589 1037 2647 penus

77 2655 149 2710 dicta
164 2658 247 2712 sunt’.
267 2686 304 2695 -
320 2655 387 2711 Gell.
404 2655 435 2725 4,
453 2656 480 2712 1.
497 2656 588 2726 317.

142 2735 170 2795 2.
180 2739 270 2814 ltaque
282 2738 314 2807 Q.
323 2739 451 2795 Scaeuola
463 2741 491 2794 in
503 2739 640 2809 librorum,
656 2755 724 2812 quos
736 2738 769 2794 de
781 2740 1036 2810 iureeiuilicompo·

74 2823 142 2891 suit,
155 2822 217 2879 xvi.
234 2823 316 2879 uerba
331 2824 398 2879 baec
412 2825 519 2895 posuit:
536 2822 625 2890 ‘Quod
642 2824 684 2878 cui
701 2823 862 2877 seruandum
879 2821 969 2875 datum
986 2829 1038 2894 est,

74 2908 99 2962 si
115 2906 142 2962 id
159 2924 222 2964 usus
237 2915 287 2974 cst,
303 2908 362 2962 siue
378 2905 451 2980 quod
467 2907 596 2963 utendum
613 2909 725 2979 accepit,
747 2906 778 2960 ad
794 2906 870 2960 alianr
887 2921 941 2959 rem
958 2914 1039 2978 atque

74 2992 190 3064 accepit,
208 2999 337 3055 muscast,
353 2990 417 3045 iurti
434 3007 463 3045 se
479 2990 633 3063 obligauit'.
649 3021 688 3030 -
705 2989 773 3046 Gell.
794 2990 811 3046 7
829 2987 880 3066 (6),
898 2988 946 3046 15.
964 2990 991 3061 3.
1010 2989 1037 3046 2.

137 3070 167 3131 3.
191 3074 270 3148 Legis
286 3075 385 3130 ueteris
399 3076 501 3129 Atiniae
518 3074 597 3130 uerba
609 3083 686 3130 suut:
702 3073 790 3141 ‘erod
802 3075 962 3146 subruptum
976 3077 1038 3147 erit,

75 3159 133 3214 cius
155 3160 196 3215 rei
217 3168 323 3215 aeterna
345 3158 491 3214 auctoritas
513 3159 595 3213 esto'.
633 3157 697 3224 Quis
718 3158 787 3213 aliud
808 3168 887 3231 putet
911 3160 938 3214 in
965 3159 1038 3214 hisce

148 3319 168 3387 ¹)
185 3322 321 3372 Fortasse:
343 3323 445 3370 'l’lrurios
465 3319 508 3384 (ab
524 3321 670 3370 Hannibale
689 3322 831 3386 reaeplos),·
850 3338 908 3371 nam
923 3323 1038 3371 ordinem

71 3393 276 3459 aeoprapdt‘cum
288 3395 362 3456 sequti
376 3394 485 3441 videtum.
520 3394 634 3441 Ceteram
650 3394 784 3451 incertam,
804 3409 838 3441 an
858 3393 921 3441 darec
940 3409 1037 3457 qaoque

75 3464 161 3521 Furii,
175 3479 210 3512 an
225 3463 318 3512 Sereni
331 3462 487 3512 Sammonici
499 3464 559 3511 sint.
590 3460 610 3524 ²)
625 3462 707 3512 Libro
721 3465 842 3512 secando.
865 3464 903 3525 Cf.
923 3463 954 3511 L.
970 3477 1037 3526 apr.

73 3536 96 3597 3.
107 3546 129 3586 o.
144 3534 177 3583 D.
187 3535 220 3584 de
230 3549 301 3598 pena
316 3536 364 3597 lep.
380 3534 425 3597 (us,
441 3533 472 3597 9).
502 3529 640 3597 ³)Iietinui
652 3549 720 3583 nanc
733 3532 793 3582 Cdd.
806 3536 946 3589 lectionem,
958 3534 1039 3583 nilam-

72 3619 162 3654 senam
174 3602 295 3669 (Symbol.
305 3603 448 3668 Hoitwepio
460 3602 673 3653 obi.Berol.1sos.
683 3618 709 3665 p.
718 3602 754 3666 91)
763 3611 873 3659 secutas,
889 3605 932 3666 pai
942 3604 1038 3660 don-ait,

73 3676 149 3739 infra
160 3683 221 3740 post
234 3691 258 3724 a.
269 3681 377 3738 puratum
388 3682 424 3722 est
433 3674 557 3737 quaedam
571 3674 710 3730 excidisse,
725 3689 790 3737 qaae
800 3680 824 3722 et
835 3676 891 3735 ipsa
901 3673 933 3721 ab
943 3689 972 3722 eo
980 3674 1038 3735 fere

72 3753 203 3796 matuatus
217 3761 280 3794 sam.
295 3759 341 3794 nou
356 3744 459 3807 quidque
474 3751 497 3792 ei
510 3751 599 3806 postea
614 3744 657 3791 sed
671 3759 722 3806 pro
736 3751 773 3792 est
788 3744 845 3792 edd.
857 3756 876 3792 1.
887 3755 907 3792 2.
938 3741 959 3807 ⁴)
976 3743 1037 3789 (ild.

72 3817 164 3867 Moms.
179 3818 266 3866 malim
279 3816 434 3879 potulentum.
465 3812 486 3878 ⁶)
500 3814 545 3862 Sic
563 3815 661 3863 rectius
675 3814 774 3871 Momm,
793 3829 866 3876 qaam
880 3814 949 3876 arcad
962 3812 1037 3860 dede·

71 3903 129 3937 ram
138 3888 197 3938 edd.
209 3900 229 3938 1.
240 3899 265 3938 s.
285 3886 463 3948 patrislamilias
474 3892 514 3932 aut
523 3885 623 3933 liberum
632 3884 878 3948 matris(ae)lamilias.
909 3880 931 3943 8)
945 3880 990 3929 Sic
1005 3894 1039 3927 ecc

73 3957 136 4009 aad.
153 3958 244 4010 Moma.
260 3970 315 4006 eum
329 3957 386 4005 edd.
402 3968 422 4006 1.
437 3967 458 4007 s.
