2378 4386
401 524 464 560 osas
483 524 583 563 issara.
603 507 651 562 IV.
671 512 812 561 tat-ast.
1027 509 1091 574 399

185 661 252 725 161.
276 663 412 740 Expositis
435 666 580 740 generibus
603 667 809 722 interdictorum
832 668 973 740 sequitur,
1003 677 1033 723 ut
1056 668 1090 724 de

125 751 218 809 ordine
234 758 263 808 et
278 750 313 806 de
328 753 402 807 exitu
419 768 513 808 eorum
529 752 717 824 dispiciamus3
740 761 767 807 et
783 753 941 826 incipiamus
957 768 971 807 a
986 753 1088 826 simpli·

124 831 207 894 cibus.
250 830 316 893 162.
339 831 401 913 (Si)
417 837 503 910 igitur
517 837 717 892 restitutorium
735 836 777 891 uel
798 835 988 893 exhibitorium
1003 840 1089 894 inter·

123 921 224 978 dictum
247 919 387 990 redditur,
415 920 491 976 uelut
520 929 549 976 ut
571 922 733 976 restituatur
755 922 779 975 ei
809 924 962 994 possessio,
992 925 1038 997 qui
1061 925 1089 978 ui

123 1005 245 1063 deiectus
273 1014 330 1075 est,
361 1013 408 1059 sut
429 1003 588 1060 exhibeatur
615 1004 741 1073 libertus,
773 1008 815 1061 cui
838 1015 968 1078 patronus
991 1023 1088 1081 operas

122 1090 242 1148 indicere
262 1090 363 1154 uellet,
387 1088 468 1145 modo
484 1091 543 1145 sine
558 1090 679 1162 periculo
696 1107 738 1145 res
755 1089 787 1143 ad
802 1089 903 1144 erltum
919 1090 1087 1162 perducitur,

124 1175 205 1232 modo
225 1191 288 1233 cum
311 1172 445 1248 periculo.
487 1169 551 1232 tss.
572 1173 692 1246 Namque
715 1176 738 1228 si
755 1171 885 1229 arbitrum
907 1174 1088 1246 postulauerit

66 1267 112 1321 tis}
126 1262 161 1332 is,
180 1276 240 1316 cum
255 1276 313 1333 quo
328 1260 432 1330 agitur.
454 1260 553 1331 accipit
569 1258 722 1326 formulam,
746 1274 813 1330 quae
829 1257 980 1330 appellatur
998 1253 1001 1335 l
1019 1258 1154 1316 ariri-tlt.

125 1345 218 1400 traria:
239 1353 268 1401 et
288 1342 384 1400 iudicis
401 1341 522 1411 arbitrio,
546 1343 567 1397 si
584 1341 649 1414 quid
664 1342 771 1397 restitui
788 1342 831 1397 nel
847 1342 965 1396 exhiberi
982 1341 1086 1413 debeat,
1100 1335 1118 1373 ²·
1132 1342 1150 1372 ¹·

123 1428 149 1484 id
163 1430 223 1486 siue
237 1427 361 1504 periculo
376 1426 484 1484 exhibet
500 1437 547 1483 aut
562 1428 694 1495 restituit,
711 1434 738 1481 et
752 1428 788 1480 ita
805 1425 971 1497 absoluitur3
989 1425 1086 1499 quodsi

123 1530 172 1571 uec
186 1514 314 1569 restituat
329 1527 417 1585 neque
433 1512 567 1581 suidbert,
589 1512 681 1584 quanti
698 1526 728 1565 ea
743 1525 786 1565 res
802 1518 856 1579 est,
880 1509 1085 1568 condemnatur.

122 1594 174 1653 ’set
196 1605 226 1652 et
247 1592 343 1652 ector¹
366 1598 424 1651 sine
447 1614 533 1670 poena
556 1597 695 1668 experitur
710 1611 771 1649 cum
787 1612 837 1664 eo,
862 1588 975 1667 ’quem²
999 1612 1087 1669 neque

124 1679 255 1737 erlribere
270 1696 356 1754 neque
372 1683 517 1737 restituere
540 1682 681 1753 quiequam
699 1672 844 1752 'oportet,³
860 1688 1048 1754 praeterquam
1064 1683 1087 1736 si

123 1765 273 1822 calumniae
284 1764 409 1821 iudicium
423 1768 446 1820 ei
458 1767 613 1839 oppositum
628 1763 723 1834 luerit,
738 1764 866 1819 'decimae
879 1765 976 1837 partis:
994 1781 1086 1837 quam-

123 1867 202 1924 quam
228 1849 345 1906 Proculo
374 1849 510 1924 placuisse
538 1851 659 1919 dicitur,
688 1842 915 1921 proitilerrtdum⁴
941 1848 1088 1904 calumniae

125 1934 223 1993 iudicio
245 1932 322 1992 'etse
337 1927 426 2005 ειιιιι,ὁ
439 1936 484 2007 qui
501 1935 631 1989 arbitrum
647 1933 837 2007 postulauerit,
862 1935 938 2006 quasi
959 1934 1012 1990 lroc
1026 1935 1087 2006 ipso

126 2018 266 2076 couiessus
291 2018 432 2089 uideatur,
459 2020 604 2075 restituere
630 2035 659 2074 se
685 2019 727 2074 uel
744 2017 871 2075 exhibere
899 2018 1012 2075 debere:
1038 2017 1086 2073 sed

125 2104 176 2160 ailo
196 2105 256 2160 iure
278 2105 393 2177 utimur3
417 2112 444 2159 et
459 2110 547 2170 recte;
570 2103 674 2175 poltius
700 2106 769 2158 euim
798 2113 828 2159 ut
853 2103 1018 2160 modestiore
1045 2103 1087 2158 uia

125 2187 228 2261 litiget,
247 2188 377 2244 arbitrum
394 2190 510 2261 quisque
526 2190 610 2262 petit,
631 2204 710 2261 quam
731 2190 792 2261 quia
808 2183 978 2246 retruserunt
1020 2181 1087 2245 tut.

129 2265 277 2329 Ceterum⁷
293 2271 438 2328 obseruare
460 2272 540 2328 debet
560 2274 600 2345 is,
623 2274 669 2346 qui
694 2273 752 2328 uult
776 2271 905 2329 arbitrum
928 2282 1033 2348 petere,
1057 2282 1088 2328 ut

126 2450 168 2492 tro
190 2439 272 2512 [trum
296 2438 379 2509 orsu]
404 2449 525 2505 tanquam
546 2444 672 2506 piosssrnn
697 2456 731 2489 ex
756 2441 869 2491 riiomnts.
894 2446 926 2505 ej.
953 2444 993 2492 ed.
1012 2442 1087 2492 Stud.

126 2516 182 2565 coil.
198 2515 230 2564 L.
246 2526 256 2565 1
270 2530 313 2579 pr.
329 2513 361 2561 D.
382 2512 473 2562 iltrudi
488 2510 533 2577 (ts,
548 2510 585 2577 st)
597 2512 727 2573 sortasse,
744 2514 768 2560 si
782 2514 862 2561 edicti
874 2516 995 2575 perpetui
1009 2513 1087 2562 cerba

124 2593 234 2650 metue,
249 2592 327 2635 reete.
352 2592 462 2634 attamen
476 2600 526 2633 non
538 2584 574 2632 ad
582 2594 678 2632 virtum
689 2584 832 2644 appositum
843 2590 887 2637 est,
903 2589 928 2630 et
941 2598 1049 2645 sequens
1063 2598 1088 2630 rs

126 2657 279 2708 antecedens
297 2671 350 2707 emt
369 2656 521 2705 desiderare
541 2656 593 2717 ipsi
609 2653 675 2701 Gaio
690 2653 889 2714 perspicuitatis
909 2666 989 2700 causo
1004 2653 1089 2700 uideri

122 2735 233 2791 poterut.
309 2724 329 2792 ¹)
344 2735 380 2775 set
395 2734 490 2791 actores
510 2727 536 2776 V
538 2722 566 2784 n,
587 2735 748 2787 rperpernrn
760 2737 811 2784 pro
826 2729 886 2770 noto
902 2728 1016 2784 accepto·

127 2792 175 2863 ‘)q
194 2794 244 2848 γ’*
256 2813 310 2863 pro
329 2807 387 2863 qus,
408 2806 435 2847 ut
450 2805 522 2862 puto.
594 2794 615 2860 ³)
636 2800 701 2861 plere
727 2789 782 2842 pst·
853 2789 873 2855 ⁴)
894 2790 938 2838 tte
962 2787 1023 2848 V1‘,
1043 2792 1090 2840 red

123 2877 182 2932 post
200 2870 253 2935 plac
268 2871 354 2920 eodem
369 2885 446 2918 uersu
461 2885 495 2918 ear
509 2868 624 2917 Blutmii
641 2869 762 2920 lectione,
783 2880 857 2928 quom
876 2877 962 2911 veram
982 2877 1032 2911 non
1051 2863 1089 2911 ci·

127 2941 197 3000 deri,
216 2939 304 2991 Sidus
319 2949 405 2997 noiat‚·
425 2943 511 3005 itaque
526 2957 573 2990 nec
587 2957 609 2988 o.
625 2937 798 3003 prohibendum
814 2940 963 2984 cerronesi
981 2940 1006 2983 et
1028 2941 1089 2984 onte

126 3010 173 3062 icoc
188 3012 306 3078 sortasse
325 3013 458 3078 tepentium
478 3011 594 3074 placuerit
615 3007 718 3074 ‘placuit
737 3006 912 3072 denepandum
932 3021 952 3053 c.
974 3005 1089 3055 iudicium

127 3079 159 3131 ei'
174 3084 213 3134 ed.
229 3082 305 3132 Siud.
371 3080 391 3146 ⁶)
406 3085 488 3147 *seir
509 3082 535 3131 V
537 3078 564 3130 'i
626 3079 647 3148 ο)
662 3081 706 3130 Es
721 3075 770 3127 V·t
784 3080 859 3128 cuius
873 3078 1005 3127 lectionem
1021 3094 1043 3126 o.
1055 3091 1087 3129 lo.

127 3160 150 3203 el
164 3168 197 3205 ιι.
214 3154 284 3220 (ιιαιιι
299 3168 329 3217 po
345 3155 371 3202 in
388 3156 441 3216 fine
457 3171 484 3219 p.
499 3166 519 3204 s.
537 3154 650 3217 periisse
666 3151 778 3213 ridetur)
793 3152 829 3199 ita
848 3151 1023 3212 interpretor:
1040 3151 1088 3199 tius

127 3232 151 3274 ttl
164 3226 311 3275 modestiore
332 3226 369 3273 uia
390 3225 477 3287 litiget,
496 3225 579 3274 orbitr'
599 3221 748 3290 quisqlpetit
767 3238 781 3285 q
800 3222 854 3286 qula
874 3221 926 3270 ced
947 3220 1010 3270 ltdit:
1036 3222 1088 3270 nisi

125 3311 173 3359 pro
187 3297 313 3347 extremis
327 3297 402 3345 mulis
418 3311 432 3359 q
452 3298 505 3360 quio
525 3297 630 3345 coufitet'
644 3293 695 3362 (sic
709 3294 748 3344 ed.
763 3291 864 3358 Stnd.);
883 3300 908 3342 et
922 3293 970 3342 loc
982 3293 1088 3354 firment

127 3365 214 3433 Suppi.
239 3366 276 3417 St.
297 3383 324 3430 p.
353 3367 492 3417 XXXIV.
567 3364 588 3432 ἵ)
608 3366 653 3415 Ex
676 3381 730 3415 mea
750 3367 782 3427 ej.
802 3366 913 3413 restitui.
947 3363 1089 3411 Librarius

128 3454 211 3490 uocem
226 3447 295 3504 cefftt
310 3437 447 3503 (ceterum),
462 3454 527 3504 qnae
540 3440 671 3502 sequentis
685 3455 707 3487 c.
724 3437 824 3484 initiunt
839 3450 893 3485 esse
910 3433 1029 3491 dedebat,
1043 3440 1089 3482 out

127 3514 190 3560 maie
210 3512 237 3559 in
261 3512 312 3563 line
330 3511 506 3560 antecedentis
525 3526 547 3558 u.
563 3511 665 3572 posuit,
689 3514 747 3564 aut,
772 3523 828 3556 cum
850 3505 923 3555 siue
948 3505 1013 3553 niati
1036 3520 1089 3554 cm·

197 3666 223 3738 ᾗ.
240 3672 299 3721 161.
322 3671 360 3732 Cf.
377 3672 400 3733 ἓ.
415 3681 435 3720 s.
461 3669 483 3718 Ι.
503 3669 535 3719 ib.
556 3668 673 3718 Frontin.
694 3668 726 3716 de
743 3673 823 3716 contr.
842 3680 899 3730 apr.
916 3680 944 3727 p.
959 3675 992 3714 ts.
1008 3675 1034 3713 tt
1048 3663 1087 3712 ed.

125 3740 233 3792 Licin
293 3737 319 3810 §-
336 3743 395 3791 162.
412 3741 450 3804 Cf.
466 3742 505 3802 ξς.
520 3753 567 3791 ιιι.
582 3751 628 3792 ast.
643 3738 720 3786 extrib.
736 3733 791 3804 tiu]
807 3736 841 3798 cs.
857 3736 888 3784 L.
904 3747 924 3785 a.
940 3736 963 3795 ς.
979 3746 998 3784 ι.
1014 3733 1089 3782 lide

126 3814 222 3864 interd.
237 3811 282 3878 (tt,
297 3812 329 3878 ι).
346 3813 377 3863 L.
393 3823 426 3863 ts.
442 3814 465 3874 ς.
482 3824 501 3862 2.
522 3813 553 3860 Ι).
569 3812 601 3860 de
615 3825 686 3873 oper.
702 3807 745 3858 tto.
762 3805 811 3870 (ss,
826 3805 856 3870 1).
930 3800 956 3870 ξ.
974 3806 1031 3853 163.
1049 3800 1088 3863 Os·

130 3882 186 3948 Uip.
198 3883 261 3934 Inst.
272 3896 292 3946 t,
302 3894 323 3933 2.
339 3884 419 3948 quanti
435 3896 462 3931 ea
478 3896 517 3931 res
532 3878 580 3948 est]
591 3882 625 3943 cs.
637 3880 668 3929 L.
680 3891 700 3931 s.
717 3879 747 3928 D.
762 3878 794 3926 de
808 3876 902 3924 interd.
918 3873 964 3938 (ts,
978 3871 1009 3937 1).
1024 3872 1056 3922 L.
1067 3880 1088 3918 t.
