2378 4386
266 535 326 572 noa.
346 536 379 571 nr
396 534 458 570 noar.
477 534 567 571 naurs
584 533 693 570 conano.
712 515 745 569 X.
764 521 789 570 2.
941 514 1002 581 677

57 667 186 725 bominis:
210 668 233 723 si
256 667 404 736 inuenitur,
430 666 475 739 qui
498 664 676 735 formasset,
699 663 792 720 reddat
813 662 932 737 duplum.
977 660 1007 722 2.

57 751 157 819 Quodsi
174 765 228 806 non
244 749 325 806 luerit
340 752 467 806 inuentus
482 749 536 819 lur,
552 747 660 805 accedet
675 749 711 818 is,
735 749 780 821 qui
795 748 1007 804 commendatum

57 842 226 908 susceperat:
250 832 332 889 stabit
347 842 409 889 ante
425 832 572 902 bominum,
589 831 739 901 estimabit,
760 832 823 887 nihil
839 848 869 888 se
885 833 1009 905 nequiter

57 922 147 994 egisse
163 918 196 974 de
211 918 283 974 omni
299 935 328 972 re
344 915 526 972 commendata
542 917 653 987 proximi
669 917 720 983 sul,
738 924 765 970 et
780 914 945 973 liberabitur.

119 1001 184 1076 liap.
207 1001 237 1057 ll.
283 1000 499 1057 Modestinus
529 998 618 1054 libro
647 999 927 1056 differentiarum
955 1014 1009 1056 se·

57 1086 166 1144 cundo
195 1082 271 1160 (sub
299 1080 418 1156 titulo)
445 1082 483 1137 de
505 1082 664 1155 deposito
695 1091 727 1138 et
752 1077 1009 1140 'commodato.¹

57 1169 84 1228 1.
106 1169 272 1225 Commodati
287 1168 386 1223 iudicio
402 1174 552 1222 conuentus
568 1167 646 1221 etiam
661 1165 765 1238 colpam
781 1176 918 1238 praestare
934 1168 1009 1241 cogi-

59 1262 116 1309 tur:
139 1255 185 1327 qui
208 1269 275 1308 uero
298 1252 414 1324 depositi
436 1250 612 1316 conueniiur,
636 1248 668 1303 de
691 1248 771 1318 dolo,
797 1265 852 1305 non
874 1252 952 1305 etiam
976 1250 1009 1304 de

58 1337 136 1410 culpa
159 1335 376 1392 condemnandus
391 1343 442 1389 cst.
487 1331 653 1387 Comrnodati
670 1333 739 1387 enim
762 1326 836 1406 '(in)²
859 1340 1009 1401 contractu,

58 1423 119 1493 quia
142 1419 299 1490 'utriusque
322 1409 527 1474 contrabentis³
550 1414 650 1469 utilitas
673 1417 834 1485 interuenit,
866 1423 1009 1488 utrumque

57 1510 224 1577 praestatur:
252 1503 278 1555 in
301 1499 417 1572 depositi
447 1514 512 1554 uero
533 1514 612 1553 causa
635 1497 692 1553 sola
720 1497 880 1571 deponentis
909 1498 1009 1554 utilitas

58 1588 184 1653 uertitur,
208 1592 234 1638 et
257 1581 291 1638 ibi
314 1582 392 1638 dolus
415 1590 518 1639 tantum
541 1590 701 1653 praestatur.
746 1579 775 1639 2.
799 1582 849 1638 Sed
866 1585 893 1638 in
912 1585 1008 1639 ceteris

58 1683 166 1739 quoque
189 1666 309 1739 partibus
332 1667 397 1721 iuris
420 1668 469 1720 ista
492 1665 586 1739 regula
608 1665 775 1722 custoditur:
798 1668 837 1722 sic
855 1667 924 1722 enim
940 1676 967 1723 et
982 1669 1009 1723 in

59 1750 171 1806 induciae
192 1743 354 1819 *iudicium*
376 1758 404 1804 et
425 1751 451 1804 in
473 1744 636 1806 ’actionom⁵
659 1751 697 1805 roi
720 1743 858 1806 'uxoriael
881 1750 959 1806 dolus
983 1760 1010 1807 et

58 1833 136 1907 culpa
147 1833 297 1895 deducitur,
315 1835 377 1904 qtiia
391 1835 530 1906 utriusque
543 1834 726 1890 contrahentis
743 1834 843 1889 utilitas
854 1835 1009 1890 interuenit.

58 1914 86 1975 3.
110 1918 138 1974 lu
161 1916 275 1971 mandati
297 1932 363 1971 uero
386 1910 536 1971 ’iudicium⁴
559 1917 648 1988 dolus,
671 1934 724 1973 non
741 1920 819 1973 otiam
835 1916 912 1990 culpa
928 1916 1028 1975 dedu.

58 1994 1010 2073 mw⁷mmmnmmmmmmmssmmmmfflmmd

59 2078 143 2143 cium⁴
158 2093 302 2155 utrumque
318 2083 420 2145 deduci,
443 2100 502 2139 eum
518 2085 601 2139 solius
616 2085 723 2159 pupilli,
744 2101 798 2141 non
815 2087 894 2141 etiam
911 2087 1009 2142 tutoris

60 2169 160 2224 utilitas
183 2170 211 2224 in
233 2166 463 2224 administratione
493 2177 625 2226 uersetur.
669 2166 699 2226 4.
723 2170 842 2243 Depositi
869 2169 1009 2225 damnatus

58 2252 240 2318 inlamises13
263 2253 307 2324 qui
331 2267 397 2307 uero
420 2250 580 2307 commodati
596 2252 747 2323 damnatur,
771 2269 824 2308 non
841 2251 870 2307 sn
886 2252 1008 2310 infamis:

58 2336 127 2392 alter
143 2337 213 2391 enim
229 2343 341 2407 propter
355 2334 462 2404 dolum,
478 2334 545 2391 alter
559 2346 671 2409 propter
686 2337 790 2410 culpam
807 2337 1010 2396 condemnatur.

10 2417 86 2475 otili.
109 2413 240 2477 ⁸llctione
266 2416 398 2491 'depositi
420 2413 512 2474 aternil
539 2426 689 2475 conuentus
719 2418 880 2477 cibariorum
903 2423 1010 2478 nomine

59 2503 129 2579 apud
153 2501 266 2558 eundem
288 2501 403 2557 iudicem
427 2502 528 2557 utiliter
550 2505 701 2575 experitur:
731 2512 757 2558 at
779 2505 817 2573 is,
840 2507 882 2560 cui
905 2504 1010 2561 ’seruus

60 2586 244 2645 commodatus
267 2579 347 2656 est‚l⁰
370 2584 490 2659 improbe
513 2584 672 2641 cibariorum
695 2589 860 2644 exactionem
884 2588 1009 2645 intendit.

59 2826 92 2872 11,
103 2827 122 2865 a.
133 2826 153 2865 1.
207 2811 613 2879 ι)Ι·,’.ἐ81111.1)“.11111111111111ῑο
631 2816 792 2866 cadealit.
844 2811 865 2881 ²)
880 2814 1009 2880 Suppleoi.

60 2882 80 2948 3)
100 2885 172 2945 Qraod
189 2886 228 2934 sic
247 2886 391 2949 intelligere
415 2886 529 2934 uidetur:
550 2901 599 2935 non
621 2889 702 2935 solum
721 2887 915 2941 conrmodaniis.
937 2889 1011 2937 cuias

60 2958 165 3004 interest
179 2970 231 3003 rem
247 2956 327 3035 apsqu
341 2957 437 3003 saluam
452 2971 515 3018 esee,
529 2957 576 3004 sed
589 2958 664 3005 ctiam
678 2958 884 3015 eornmodatarit',
900 2959 944 3021 qui
957 2973 1010 3007 rem

60 3026 176 3076 attendam
190 3027 297 3087 accepit.
325 3025 362 3087 Cf.
379 3026 409 3074 L.
425 3036 445 3077 5.
467 3028 488 3087 §-
504 3038 525 3078 a.
544 3026 575 3074 D.
591 3026 710 3076 coturnati.
725 3026 769 3090 (la,
784 3025 815 3092 o).
830 3026 863 3077 L.
878 3037 911 3078 aa.
931 3027 963 3076 D.
979 3028 1011 3077 de

58 3112 111 3161 rep.
128 3098 177 3144 iur.
195 3094 239 3159 (50,
254 3095 298 3160 11).
328 3096 388 3145 Alio
403 3098 468 3145 euim
483 3104 600 3160 respectu
615 3103 660 3145 aut
674 3098 868 3147 commodatarii
882 3105 927 3147 aut
942 3113 1008 3148 com-

58 3167 184 3215 modantis
203 3173 248 3215 aut
268 3167 400 3230 utriusque
421 3183 500 3217 causa
519 3183 561 3216 res
575 3168 756 3218 catamodatur.
780 3168 811 3217 L.
827 3180 852 3220 18
863 3184 907 3231 pr.
931 3169 963 3218 I).
978 3170 1011 3219 de

58 3237 177 3285 commod.
199 3234 248 3299 (11,
270 3235 302 3299 o).
327 3238 364 3285 rael
386 3238 459 3287 solius
483 3239 622 3301 accipientis
646 3239 683 3287 uel
707 3240 828 3303 uniusque
848 3230 1010 3290 contiabcutls

58 3306 214 3356 Holoaianni
229 3304 299 3369 (tiis.
310 3319 331 3363 4,
342 3307 376 3370 11)
392 3310 425 3370 ej.
477 3306 496 3370 ⁴)
512 3310 600 3358 indicio
616 3309 677 3358 Cdd.
693 3310 750 3358 edd.
802 3306 823 3375 ⁶)
840 3309 1011 3361 comestione

56 3377 113 3425 edd.
166 3373 268 3441 ο)11(1ι·ἰ
285 3375 352 3424 elli.
373 3379 467 3426 ultoriae
488 3379 531 3427 Ve.
552 3380 656 3428 lraxaniec
677 3380 717 3428 Vi.
738 3381 834 3430 uxoriae
849 3389 872 3429 et
887 3383 926 3431 ed.
941 3382 982 3431 Bi.

59 3441 78 3506 ²)
96 3446 134 3508 Cf.
150 3446 308 3508 Zeiiselnus.
327 3446 414 3495 CioiIr.
431 3464 454 3495 u.
468 3448 543 3497 Proc.
566 3449 596 3497 N.
613 3450 641 3497 F.
661 3450 691 3498 V.
704 3466 731 3513 p.
743 3464 788 3502 111.
809 3451 884 3501 Artos
896 3452 947 3502 Cic.
958 3467 1010 3516 pro

59 3515 134 3564 liceo.
149 3516 205 3567 Am.
221 3528 255 3572 11,
271 3528 304 3567 so.
366 3514 386 3581 Β)
404 3517 503 3566 Partim
518 3526 603 3568 ecstor
616 3518 647 3567 L.
663 3530 696 3570 11.
716 3521 748 3568 D.
763 3522 849 3584 depos.
865 3521 955 3587 (11.1).

57 3582 79 3648 ⁰)
100 3586 209 3648 deposito
230 3586 261 3635 B.
286 3586 331 3636 Ve.
358 3587 480 3649 depositus
506 3588 547 3636 Vi.
574 3589 675 3650 depositi
697 3590 753 3638 edd.
776 3591 850 3655 Dap,
871 3593 898 3640 ia
919 3592 1011 3656 quibus

53 3663 144 3717 postea
154 3665 192 3706 cst
202 3671 272 3705 sorano
283 3659 411 3705 constituto
423 3658 583 3722 (constitutor.
589 3658 612 3721 l)
622 3659 773 3708 cibariorum.
799 3660 909 3710 Excidit
918 3664 1010 3726 aiplum

56 3740 78 3773 υ.
94 3728 160 3775 serui
174 3725 205 3776 ob
220 3728 409 3776 similitudinem
425 3743 480 3777 cum
495 3726 617 3789 depo-siti.
671 3726 703 3793 ¹⁰)
718 3744 757 3778 res
768 3729 847 3793 (quod
860 3747 915 3780 cum
930 3748 945 3778 r
959 3739 1010 3780 eta

56 3796 101 3843 uia:
115 3796 232 3846 discerni
242 3799 352 3860 possint,
367 3804 424 3846 erat
437 3799 528 3861 alpium
544 3813 565 3845 1,
581 3797 676 3863 seruus)
691 3799 854 3849 commendate
869 3808 905 3848 est
915 3799 945 3849 B.
961 3800 1008 3849 Ve.

56 3877 94 3911 res
110 3867 313 3915 commendantem
334 3866 374 3914 Vi.
396 3881 435 3915 res
451 3867 597 3915 commodata
614 3877 649 3916 est
664 3870 721 3918 edd.
