2378 4386
63 39 1188 294 m

175 358 181 367 .

182 501 246 566 658
391 519 452 556 uos.
471 519 505 555 nr
521 519 582 555 nou.
602 518 692 553 neorii
710 514 815 553 consur.
836 497 883 551 tv.
902 504 927 552 3.

184 649 322 706 adulteriis
350 647 483 722 prioribus
511 645 617 721 legibus
645 646 767 719 pluribus
796 640 972 720 ’abrogarim
1002 642 1144 704 secundo²

184 736 271 807 capite
291 726 467 806 'permittitur
481 723 582 803 puter,³
605 722 700 806 (siin)
716 728 769 786 fitia
784 747 842 802 suo,
862 746 941 804 quom
956 731 983 785 in
1000 738 1144 803 potestate

184 815 274 884 lraltet,
295 823 341 871 eut
356 816 383 870 in
398 831 439 885 eu,
463 829 530 887 quae
545 806 607 891 (eo)
622 823 743 883 auctore,
766 831 825 870 cum
847 816 875 869 iu
898 820 1034 887 potestate
1055 824 1143 886 esset,

184 901 243 955 ulro
259 900 286 954 in
302 914 408 954 manum
423 899 593 969 conuenerit,
615 897 766 954 adulterum
782 898 855 954 domi
869 914 933 954 suae
949 899 1081 970 generiue
1097 900 1143 954 sui

184 982 401 1056 deprehenderit,
424 983 502 1055 isque
524 983 551 1038 iu
575 997 632 1038 carn
654 998 709 1036 rom
732 997 856 1039 socerum
880 982 1041 1050 adhibuerit,
1066 990 1096 1037 ut
1118 985 1143 1039 is

184 1075 261 1140 pater
275 1082 336 1123 eum
352 1065 502 1122 adulterum
520 1068 579 1121 sine
602 1065 693 1121 fraude
710 1057 791 1141 (sna)
816 1066 920 1123 occidat
941 1067 987 1134 ita,
1012 1073 1042 1121 ut
1058 1063 1143 1122 liliam

184 1152 211 1206 iu
234 1151 383 1207 continenti
406 1147 519 1207 occidat.
563 1146 592 1208 8.
615 1149 643 1205 ln
666 1148 747 1205 ultlua
766 1158 855 1205 autem
879 1148 931 1205 fitia
947 1151 969 1204 si
985 1148 1143 1207 adulterum

185 1233 384 1309 deprehensum
400 1233 543 1305 occiderit,
563 1234 632 1289 etin
648 1233 798 1289 continenti
815 1231 908 1302 filium,
931 1226 1042 1309 ’(ηοη)4
1064 1233 1143 1292 licito

184 1312 258 1375 lure⁶
279 1318 331 1375 hoo
352 1318 468 1391 factum,
491 1316 631 1375 Marcellus
653 1316 721 1372 libro
735 1334 821 1374 xxxr.
843 1317 1013 1390 digestorum
1035 1317 1142 1377 scribit.

184 1399 214 1459 4.
238 1403 282 1458 ’tt
304 1402 337 1457 de
359 1403 535 1472 auctoritate,
565 1393 713 1473 quemque⁰
738 1410 839 1475 patrem
869 1416 949 1473 posse
976 1400 1143 1473 interficere,

186 1486 230 1542 uel
252 1485 418 1543 consularem
442 1487 546 1554 uirum,
569 1483 612 1540 uel
636 1493 776 1558 patronum
799 1500 893 1554 suum,
921 1476 975 1561 '(si
995 1478 1089 1561 eum)²
1113 1489 1143 1543 in

187 1568 238 1627 filia
261 1568 412 1624 adulterum
434 1566 653 1643 deprehenderit,
675 1567 769 1624 eodem
793 1567 861 1624 libro
877 1567 1017 1623 llarcellus
1034 1567 1143 1641 probat.

185 1651 213 1712 tt.
229 1652 281 1709 Sed
298 1654 320 1707 si
336 1650 415 1708 liliam
432 1669 486 1708 non
503 1650 677 1721 interfecerit,
700 1651 748 1707 sot
764 1650 852 1707 solum
868 1650 1031 1721 adulterum,
1052 1652 1143 1710 homi·

186 1736 247 1793 citit
263 1752 325 1792 reus
341 1743 392 1793 est.
435 1730 464 1791 6.
487 1734 539 1791 Sed
556 1736 606 1790 etsi
621 1733 764 1790 interuallo
780 1734 858 1790 liliam
875 1736 1058 1805 interfecerit,
1082 1746 1143 1793 tan-

187 1821 297 1877 tundem
320 1828 378 1890 ost,
404 1820 454 1875 nisl
477 1818 666 1892 ’persequutus
689 1812 775 1873 illam8
797 1819 975 1875 interfecerit:
998 1821 1188 1875 continua-tu

188 1907 261 1960 tione
276 1906 347 1960 enim
363 1904 441 1958 animi
458 1903 566 1958 uidetur
581 1900 649 1972 legis
665 1905 825 1958 auctoritate
840 1903 946 1958 fecisse.

249 1987 314 2061 llap.
338 1986 380 2042 lli.
424 1986 510 2042 ldem
539 1983 666 2039 Paulus
697 1985 809 2042 eodem
840 1985 1013 2059 singulari
1047 1986 1143 2045 libro

186 2080 219 2129 et
241 2063 377 2127 ῑίῑιιΙο.9
420 2067 445 2126 1.
471 2068 564 2124 Certae
586 2077 674 2123 autom
696 2078 886 2125 enumerantur
908 2085 1048 2143 personae,
1072 2088 1142 2144 quas

188 2157 248 2211 uiro
271 2154 350 2209 liceat
373 2151 495 2208 occidere
517 2153 543 2207 in
559 2151 692 2207 adulterio
708 2152 873 2226 deprehensa
897 2167 991 2224 tinore,
1015 2157 1143 2226 quamuis

188 2253 298 2293 uxorem
314 2252 369 2291 non
384 2234 472 2290 liceat.
509 2230 538 2294 2.
561 2233 633 2308 Ergo
649 2237 795 2291 secundum
808 2236 887 2310 'legis
904 2230 1051 2312 (sterion)¹⁰
1069 2240 1143 2309 uiro,

189 2322 268 2375 etiam
285 2317 466 2390 filiofamilias,
482 2320 648 2393 permittitur
662 2319 786 2377 'attamen
808 2320 888 2376 modo
900 2314 921 2353 ¹¹
945 2322 1017 2376 domi
1040 2317 1144 2379 suae¹²

186 2402 383 2477 deprehensum
396 2401 548 2459 arlulterum
563 2401 716 2459 interficere
728 2420 847 2475 seruum,
863 2412 971 2474 etcum,
990 2405 1035 2476 quii
1047 2416 1143 2462 aucto·

185 2520 397 2529 ——-—-

260 2569 281 2638 1)
296 2573 394 2633 ultrognt
405 2570 466 2622 Ociti.
477 2573 535 2622 edd.
545 2571 585 2622 Bi.
605 2572 702 2633 obrogat
713 2575 745 2635 φ’,
755 2572 841 2628 Soet:
854 2572 901 2622 sed
910 2574 975 2621 iilud
983 2576 1083 2639 irnpnn,
1094 2576 1145 2627 Iroo

185 2659 277 2695 sensus
292 2659 341 2694 non
353 2644 423 2706 seris
437 2658 518 2707 quare
532 2651 621 2693 nostra
636 2644 763 2692 medicina
777 2658 841 2706 opus
852 2644 914 2706 suit,
929 2660 1002 2707 quain
1017 2660 1144 2695 commen·

186 2716 244 2775 dat,
264 2714 333 2780 quod
351 2715 458 2777 cupitis,
478 2729 527 2779 quo
547 2716 604 2777 ipso
618 2715 662 2763 Iex
676 2715 785 2763 nondum
800 2712 991 2771 continebatur,
1011 2716 1037 2763 in
1053 2722 1143 2766 trans·

186 2801 265 2836 cursu
280 2792 377 2835 tantum
392 2786 484 2834 mentio
496 2785 620 2847 socienda
635 2790 699 2833 erat.
726 2784 840 2833 Ceterum
853 2783 894 2831 Bi.
905 2784 948 2833 iric
958 2786 980 2845 §-
991 2795 1011 2833 2.
1024 2786 1142 2847 finierat.

188 2853 210 2954 :l
227 2857 328 2938 Cdmet
342 2856 450 2937 crimem
465 2857 644 2938 consequentia
658 2854 815 2935 erroriollric
830 2856 996 2918 interponunt
1003 2870 1076 2953 ⁴utut).
1108 2930 1114 2940 .
1138 2930 1144 2941 ι

188 2926 495 3059 „litttlt'ttl¹.i.i
510 2925 612 3059 iiii
628 2924 804 3058 titilll
819 2923 1025 3059 titii...)
1039 2926 1143 3061 diliis
1186 3060 1188 3069 Ι

188 3069 235 3119 cito
251 3069 302 3117 iure
317 3070 350 3130 φ’.
367 3066 464 3125 Cnioc,
479 3066 515 3114 nd
528 3066 564 3123 td,
578 3065 647 3128 quod
660 3068 748 3123 uoluit,
762 3072 831 3115 recte
846 3064 891 3128 (cs.
907 3065 938 3115 L.
949 3076 982 3115 22.
999 3068 1023 3127 §-
1035 3079 1054 3117 1.
1071 3066 1103 3117 L.
1116 3080 1142 3119 24

184 3140 230 3201 fin.
246 3139 278 3187 D.
293 3138 317 3186 t.
333 3135 375 3201 t),
393 3136 441 3185 sed
453 3136 508 3185 uici
520 3136 559 3184 sic
574 3150 624 3183 non
638 3143 730 3197 potest.
795 3132 816 3200 ο)
831 3143 908 3184 autern
927 3134 1012 3200 (cuius
1028 3144 1090 3187 nota
1104 3146 1144 3187 est

187 3208 221 3272 ut)
237 3208 265 3256 de
280 3207 420 3255 auctoritate
435 3219 527 3268 quoque
547 3202 591 3251 Vc.
612 3207 752 3254 cinctoritnte
766 3222 859 3270 quoque
874 3204 904 3254 B.
924 3206 965 3255 Vi.
994 3207 1143 3257 luctoritnte

188 3291 280 3341 quoque
295 3274 375 3340 (legis)
395 3276 433 3323 ed.
449 3273 489 3322 Bi.
517 3272 613 3323 Sensus
629 3282 679 3323 eet:
697 3277 733 3325 At
752 3278 820 3341 quod
837 3277 872 3325 nd
889 3279 1069 3326 auctoritatem
1087 3280 1143 3327 siue

187 3348 338 3411 dipnitetem
351 3345 466 3394 criniferi
479 3346 577 3392 nititrct.
598 3343 653 3409 (ἢ.
670 3345 728 3396 Vni.
742 3345 909 3411 §§.1ss.1m.)
930 3347 967 3409 Cf.
984 3348 1056 3410 insra
1072 3364 1094 3397 c.
1107 3359 1142 3398 12.

188 3419 211 3480 ξ.
228 3429 247 3467 1.
263 3415 294 3464 L.
310 3426 336 3465 et
346 3430 390 3478 pr.
404 3417 427 3476 ὅ.
442 3426 463 3466 2.
483 3414 515 3462 l..
530 3425 563 3465 tte.
579 3416 601 3475 ἓ.
616 3427 636 3465 2.
657 3415 688 3464 1).
703 3417 727 3465 Ιι.
742 3425 760 3466 t.
819 3415 840 3482 ⁷)
855 3416 900 3465 Ex
914 3417 1026 3466 Putenni
1040 3420 1083 3480 ci,
1096 3434 1143 3483 pe·

188 3487 335 3536 minandum
352 3500 388 3535 sc.
408 3500 442 3534 erc
460 3499 541 3546 suum;
566 3483 611 3549 (si)
632 3489 663 3548 ci.
685 3487 753 3536 Pitlr.
773 3488 812 3537 eci.
831 3487 872 3536 Bi.
946 3484 967 3551 ⁸)
982 3496 1145 3551 persequetur

189 3558 252 3606 illum
267 3556 297 3605 B.
317 3562 474 3620 persequatur
489 3556 551 3605 illum
567 3563 590 3604 ct
609 3555 649 3604 Vi.
670 3557 714 3606 I'c.
730 3559 769 3606 ed.
784 3557 824 3606 Bi.
847 3558 884 3619 Cf.
900 3557 963 3619 infr.
979 3573 1001 3607 c.
1016 3570 1036 3608 2.
1056 3557 1089 3609 L.
1106 3570 1142 3611 2³.

188 3630 211 3690 ξ.
226 3640 246 3678 t.
262 3627 293 3676 L.
304 3638 330 3679 22
340 3643 384 3690 pr.
398 3627 430 3675 I).
441 3627 465 3675 n.
477 3634 493 3676 t.
546 3623 566 3691 ι7)
584 3626 621 3689 Cf.
638 3635 749 3677 notatum
764 3629 801 3677 nri
814 3644 869 3690 cop.
885 3627 922 3676 II.
938 3630 1142 3691 inscriptionem.

192 3696 223 3764 ¹⁰)
238 3698 302 3760 leges
318 3698 378 3747 Cdd.
394 3698 451 3749 edel.
476 3697 535 3748 tid.
552 3696 674 3746 Zeitscirr.
694 3697 771 3746 XIII.
783 3714 810 3761 p.
826 3710 860 3748 st.
875 3706 898 3746 et
914 3699 976 3761 infr.
992 3714 1014 3748 c.
1030 3711 1063 3748 12.
1080 3701 1104 3760 §-
1120 3712 1142 3750 2.

191 3784 224 3853 ¹¹)
238 3788 308 3835 etium
330 3786 391 3836 cdd.
406 3786 463 3836 edd.
491 3785 565 3850 Sipia
580 3794 613 3835 mt
628 3768 650 3837 ffi
668 3801 782 3836 errorem
805 3793 965 3835 creauerunt.
1034 3781 1066 3850 ¹²)
1083 3785 1142 3835 Non

188 3860 265 3908 otiam
279 3859 371 3909 soceri.
398 3857 435 3919 Cf.
452 3857 482 3906 L.
498 3868 523 3906 24
536 3873 577 3919 pr.
594 3857 625 3904 ll.
637 3857 661 3906 Ir.
672 3865 689 3906 t.
706 3857 768 3918 infr.
784 3872 805 3904 c.
821 3866 854 3906 12.
869 3858 892 3918 ἓ.
903 3867 922 3907 o.
938 3871 1009 3917 supr.
1021 3871 1043 3904 c.
1054 3866 1074 3904 2.
1086 3857 1109 3917 ἓ.
1120 3867 1141 3906 e.
