2378 4386
161 550 220 609 llll
510 557 533 594 c.
552 556 647 592 arsura
665 555 766 592 curro.

159 687 253 742 Ateius
267 686 294 740 in
310 684 503 740 commentario
518 632 552 739 ilc
566 681 669 738 iudiciis
681 681 795 755 publicis
807 680 879 738 bello
891 681 1007 739 Poenico
1019 684 1117 756 primo,

159 767 240 825 l'abio
262 767 353 824 Licino
376 776 404 823 et
427 764 539 822 Otacilio
562 765 658 822 Crasso
680 764 846 823 consulibus.
869 796 906 805 —
929 765 997 822 Gell.
1021 767 1071 839 10,
1088 768 1116 828 6.

222 931 252 992 3.
275 933 327 990 Sed
356 933 430 1007 quod
456 935 492 989 ait
521 928 570 1007 (sc.
592 933 696 1004 Varro),
724 933 987 991 senatusconsultum
1011 934 1117 991 duobus

160 1017 246 1074 modis
261 1016 319 1074 fieri
334 1017 434 1089 solere,
450 1025 495 1073 aut
510 1018 669 1090 conquisitis
684 1020 825 1073 sententiis
847 1026 894 1074 aut
914 1035 961 1091 per
975 1018 1166 1083 discessio-[m]

160 1117 232 1172 nem,
247 1118 343 1174 parum
358 1103 504 1157 conuenire
520 1101 627 1157 uidetur
642 1117 702 1158 cum
718 1118 760 1171 eo,
784 1101 856 1174 quod
872 1103 965 1157 Ateius
981 1103 1074 1175 Capito
1091 1105 1118 1158 iu

161 1185 341 1242 coniectaneis
363 1187 495 1259 scriptum
509 1186 629 1258 reliquit.
652 1185 717 1240 iiam
732 1187 759 1241 in
774 1185 843 1241 libro
860 1178 969 1242 'Vllll.¹
997 1186 1118 1243 Tubero·

160 1284 221 1324 uem
241 1268 330 1325 dicere
352 1270 398 1339 ait,
419 1268 523 1325 nullum
543 1269 809 1325 senatusconsultum
825 1267 882 1326 fieri
897 1286 979 1343 posse
994 1287 1049 1326 nou
1065 1271 1118 1326 dis·

160 1354 283 1409 cessione
299 1353 378 1422 iacta,
395 1355 456 1426 quia
476 1354 503 1408 in
523 1351 647 1408 omnihus
663 1353 917 1422 senatusconsultis,
937 1356 1017 1409 etiam
1033 1356 1117 1426 iniis,

160 1453 229 1510 quae
251 1452 298 1510 per
316 1436 473 1492 relationem
489 1434 596 1505 fierent,
611 1435 740 1493 discessio
756 1445 828 1492 esset
843 1439 1001 1494 necessaria.
1036 1437 1118 1510 idque

160 1520 218 1593 lpse
234 1519 326 1594 Capito
343 1536 437 1575 uerum
451 1536 511 1575 esse
526 1517 650 1575 affirmat.
663 1549 702 1561 -
718 1519 785 1577 Gell.
804 1520 853 1592 14,
872 1522 900 1578 7.
916 1521 965 1593 88.
983 1520 1030 1577 12.
1049 1520 1095 1577 13.

223 1600 253 1660 4.
276 1602 309 1660 ll.
333 1610 422 1659 autem
444 1602 527 1659 Varro
549 1605 576 1659 iu
599 1613 695 1677 quarto
716 1604 915 1678 epistulicarum
931 1606 1118 1678 quaestionum

161 1694 190 1742 et
205 1687 299 1743 Ateius
315 1685 408 1760 Capito
424 1688 450 1741 in
466 1688 701 1744 coniectaneorum
718 1683 824 1745 ’Vllll.¹
841 1688 883 1745 ius
905 1705 965 1744 esse
981 1688 1118 1762 praelecto

162 1764 212 1845 (sc.
229 1771 288 1827 urbi
303 1770 455 1827 Latinarum
470 1787 550 1825 causa
564 1769 671 1841 relicto)
687 1781 810 1828 senatum
822 1772 936 1827 habendi
948 1772 1057 1840 dicunt;
1073 1773 1119 1828 de·

160 1871 213 1928 qne
234 1871 265 1911 ea
285 1871 314 1910 rc
329 1853 473 1910 adsensum
487 1869 547 1909 csse
562 1852 654 1926 Capito
670 1852 855 1924 (Varroluem
872 1853 1007 1911 Tuberoni
1024 1867 1118 1912 contra

159 1938 320 1994 sententiam
335 1937 404 1993 lunii
420 1936 519 1993 reiert:
535 1933 609 1992 ‘uam
624 1945 651 1993 et
662 1936 801 2007 tribunis’‚
817 1939 912 2010 inquit,
930 1937 1026 2011 ‘plebis
1039 1956 1117 1995 scne-

161 2028 204 2077 tus
226 2019 339 2077 habendi
357 2022 399 2077 ius
421 2027 493 2091 erat,
516 2036 674 2093 quamquam
704 2029 843 2077 senatores
865 2035 920 2076 nou
943 2031 1034 2077 essent
1057 2032 1118 2079 ante

160 2105 277 2161 Atinium
292 2102 487 2177 plebiscitum'.
505 2132 542 2144 -·
559 2103 627 2160 Gell.
648 2102 695 2173 14,
711 2103 739 2160 8.
757 2104 785 2175 S.
801 2103 829 2159 2.

222 2184 251 2244 5.
274 2187 339 2262 [egl
358 2188 424 2245 adeo
441 2204 528 2261 nuper
544 2187 571 2243 in
583 2186 720 2260 Capitonis
732 2189 802 2243 Ateii
818 2188 997 2243 coniectaueis
1008 2195 1118 2245 senalus

160 2272 299 2328 decretum
320 2280 400 2327 uetus
420 2271 449 2327 C.
466 2270 565 2327 Fannio
584 2280 612 2327 et
633 2271 666 2326 il.
683 2270 787 2328 Valerio
802 2270 922 2327 llessalln
942 2267 1119 2328 consulibus²

161 2355 270 2424 lactum,
288 2357 315 2411 in
333 2371 388 2428 quo
406 2355 532 2412 iubentur
549 2356 683 2428 principes
696 2357 824 2425 ciuitatis,
839 2356 886 2428 qui
897 2351 968 2411 ludis
982 2355 1120 2430 Megalen·

160 2437 235 2495 sibus
254 2441 365 2511 antiquo
385 2441 439 2495 ritu
460 2441 625 2507 mutilarent,
641 2439 667 2494 id
684 2447 726 2496 est
743 2447 835 2496 mutua
854 2440 992 2496 intersese
1003 2439 1119 2495 dominia

161 2523 306 2596 agitarent,
322 2525 411 2579 iurare
427 2522 497 2596 apud
518 2521 645 2580 consules
661 2523 751 2580 uerbis
770 2524 919 2597 conceptis,
936 2540 991 2579 non
1005 2522 1119 2596 amplius

160 2608 188 2662 in
203 2606 325 2681 singulas
340 2624 420 2664 cenas
438 2613 563 2682 sumptus
585 2623 645 2663 esse
661 2606 792 2678 facturos,
808 2624 888 2682 quam
906 2616 1035 2662 centenos
1047 2607 1118 2664 uice·

161 2707 265 2766 uosque
287 2693 356 2749 acris
377 2700 485 2766 praeter
499 2691 560 2748 olus
575 2700 603 2748 et
618 2691 659 2747 lar
674 2700 702 2747 et
718 2694 818 2761 uiuum,
841 2706 928 2763 neque
946 2693 1010 2744 trino
1027 2689 1118 2746 alleni-

161 2791 241 2848 gena,
256 2775 305 2831 sed
318 2778 421 2849 patriae
437 2791 546 2845 usuros,
562 2790 650 2848 neque
665 2775 769 2846 argenti
778 2776 805 2829 in
816 2772 943 2830 conuiuio
955 2773 1016 2846 plus
1028 2772 1118 2847 pondo

161 2874 240 2931 quam
255 2858 337 2914 libras
351 2867 460 2915 centum
474 2857 617 2914 inlaturos.
633 2885 676 2896 -
690 2856 756 2915 Gell.
772 2857 802 2927 2,
818 2856 869 2913 24.
885 2855 914 2926 3.
931 2854 960 2914 2.

234 3024 254 3092 ¹)
268 3025 327 3092 (col)
341 3028 402 3076 illlll
412 3027 452 3076 eal.
463 3026 552 3078 Hertz.
563 3025 679 3077 CCLilllll
694 3027 744 3092 (cel
753 3028 915 3077 ducentesimo
924 3027 1119 3093 quinquagesimo

161 3099 233 3161 nono)
248 3097 307 3148 edd.
320 3097 488 3161 antiquiores.
511 3095 584 3157 Quod
592 3100 725 3162 quominus
734 3101 898 3158 retineamus,
912 3102 940 3149 in
949 3101 1005 3149 sola
1019 3099 1120 3162 quidem

161 3167 262 3216 numeri
274 3167 450 3231 maqnitudine
460 3167 550 3217 norum
559 3166 684 3218 librorum
697 3170 769 3218 nulia
784 3169 886 3218 uidetur
899 3184 954 3219 esse
968 3169 1118 3232 difficultas.

163 3238 388 3287 Coniectaneorum
398 3237 464 3285 enim
474 3238 670 3301 eadempoterai
679 3239 903 3302 esseaiqnificaiio,
915 3247 941 3287 ut
946 3239 1119 3305 Digestorum,

161 3309 188 3356 in
204 3322 268 3372 quae
279 3308 397 3370 plerique
404 3308 452 3356 ulii
462 3307 532 3366 libri,
542 3310 596 3357 suis
606 3310 689 3357 titulis
703 3309 829 3372 insicum,
840 3310 1042 3369 coniicerentur,
1052 3313 1120 3359 sicui

160 3385 186 3427 ei
204 3375 269 3426 liber
288 3376 364 3426 VIII.
383 3385 441 3427 erni
454 3378 486 3427 de
497 3378 611 3442 publicis
629 3379 736 3427 iudiciis
755 3378 832 3440 (num.
848 3376 878 3441 1).
910 3379 948 3440 Cf.
964 3395 1030 3429 num.
1046 3392 1065 3430 a.
1082 3380 1118 3429 M.

161 3448 272 3497 Antistii
285 3447 421 3497 Labeonis.
451 3448 485 3497 Et
500 3456 620 3512 quantum
632 3449 770 3509 scripserit
788 3447 880 3496 Ateius
900 3448 990 3511 Capito
1008 3450 1120 3499 diuersi-

161 3518 250 3568 modae
259 3519 485 3575 doctrinae,eliam
494 3518 617 3568 eaePlinii
626 3515 756 3565 indicibus
761 3516 884 3565 librorum
890 3518 1041 3566 existimare
1052 3521 1118 3568 licei.

161 3587 215 3638 Sed
224 3595 294 3637 recte
308 3588 397 3637 docuit
409 3587 542 3649 Hertzius,
557 3586 613 3635 cet.
626 3592 711 3635 natum
725 3600 779 3634 ease
791 3601 825 3635 ex
835 3584 919 3651 col(ui
932 3592 970 3634 esi
984 3587 1011 3632 in
1026 3589 1119 3648 optimo

162 3657 228 3708 libro
243 3657 311 3724 ms),
326 3673 374 3720 quo
389 3660 447 3721 quis
454 3659 657 3722 significaverat,
667 3657 765 3704 rectius
775 3655 890 3716 sortasse
905 3656 1120 3704 collectaneorum

161 3731 216 3779 dici
225 3727 305 3778 libros
315 3725 360 3793 (cs.
376 3727 433 3776 Gai.
442 3739 463 3787 e,
475 3734 500 3777 ιε
510 3724 577 3789 fin),
586 3740 633 3774 nec
645 3727 737 3774 cottum
746 3740 810 3772 num.
825 3735 858 3774 ιε.
866 3723 1042 3781 dubitandum,
1058 3727 1119 3788 quin

161 3799 241 3866 (quod
259 3797 419 3849 Merclslinus
437 3795 512 3860 uidit)
530 3796 573 3844 iric
592 3794 681 3844 VIIII
691 3796 912 3844 coniectaneorum
931 3790 997 3842 liber
1008 3797 1120 3858 proprie

161 3872 303 3935 inscriptus
313 3869 397 3932 suerii
410 3867 442 3918 de
456 3867 543 3931 officio
556 3867 695 3916 senatorio.
726 3861 747 3930 ²)
761 3880 785 3915 a.
801 3881 825 3914 u.
840 3874 887 3915 sss.
