<?xml version="1.0" encoding="UTF-8"?>
<!DOCTYPE html PUBLIC "-//W3C//DTD XHTML 1.0 Transitional//EN"
    "http://www.w3.org/TR/xhtml1/DTD/xhtml1-transitional.dtd">
<html xmlns="http://www.w3.org/1999/xhtml" xml:lang="en" lang="en">
 <head>
  <title>
</title>
<meta http-equiv="Content-Type" content="text/html;charset=utf-8" />
  <meta name='ocr-system' content='tesseract 3.04.00' />
  <meta name='ocr-capabilities' content='ocr_page ocr_carea ocr_par ocr_line ocrx_word'/>
</head>
<body>
  <div class='ocr_page' id='page_1' title='image "./iurisprvdentiae00huscgoog_0382.png"; bbox 0 0 2378 4386; ppageno 0'>
   <div class='ocr_carea' id='block_1_1' title="bbox 418 542 1074 609">
    <p class='ocr_par' dir='ltr' id='par_1_1' title="bbox 418 542 1074 609">
     <span class='ocr_line' id='line_1_1' title="bbox 418 542 1074 609; baseline 0.018 -12"><span class='ocrx_word' id='word_1_1' title='bbox 418 560 476 597; x_wconf 81' lang='lat' dir='ltr'><strong>um</strong></span> <span class='ocrx_word' id='word_1_2' title='bbox 493 561 585 597; x_wconf 80' lang='lat' dir='ltr'><strong>marm.</strong></span> <span class='ocrx_word' id='word_1_3' title='bbox 604 542 651 598; x_wconf 84' lang='lat' dir='ltr'><strong>tv.</strong></span> <span class='ocrx_word' id='word_1_4' title='bbox 673 549 784 599; x_wconf 73' lang='lat'><strong>14-15.</strong></span> <span class='ocrx_word' id='word_1_5' title='bbox 1011 543 1074 609; x_wconf 81' lang='grc'><strong>347</strong></span> 
     </span>
    </p>
   </div>
   <div class='ocr_carea' id='block_1_2' title="bbox 71 690 1078 1769">
    <p class='ocr_par' dir='ltr' id='par_1_2' title="bbox 71 690 1078 1769">
     <span class='ocr_line' id='line_1_2' title="bbox 125 690 1078 766; baseline -0.005 -13"><span class='ocrx_word' id='word_1_6' title='bbox 125 703 215 753; x_wconf 89' lang='lat' dir='ltr'><strong>certae</strong></span> <span class='ocrx_word' id='word_1_7' title='bbox 231 691 348 750; x_wconf 75' lang='lat' dir='ltr'><strong>creditae</strong></span> <span class='ocrx_word' id='word_1_8' title='bbox 364 692 494 765; x_wconf 89' lang='lat' dir='ltr'><strong>pecuniae</strong></span> <span class='ocrx_word' id='word_1_9' title='bbox 508 701 621 765; x_wconf 92' lang='lat' dir='ltr'><strong>propter</strong></span> <span class='ocrx_word' id='word_1_10' title='bbox 634 691 826 766; x_wconf 82' lang='lat' dir='ltr'><strong>sponsionem,</strong></span> <span class='ocrx_word' id='word_1_11' title='bbox 841 707 894 765; x_wconf 90' lang='lat' dir='ltr'><strong>qua</strong></span> <span class='ocrx_word' id='word_1_12' title='bbox 909 690 1078 766; x_wconf 70' lang='lat' dir='ltr'><strong>periclitatur</strong></span> 
     </span>
     <span class='ocr_line' id='line_1_3' title="bbox 126 771 1077 850; baseline -0.005 -14"><span class='ocrx_word' id='word_1_13' title='bbox 126 796 198 850; x_wconf 89' lang='lat' dir='ltr'><strong>reus,</strong></span> <span class='ocrx_word' id='word_1_14' title='bbox 221 779 244 833; x_wconf 91' lang='lat' dir='ltr'><strong>si</strong></span> <span class='ocrx_word' id='word_1_15' title='bbox 259 784 361 833; x_wconf 86' lang='lat' dir='ltr'><strong>temere</strong></span> <span class='ocrx_word' id='word_1_16' title='bbox 376 783 473 846; x_wconf 82' lang='lat' dir='ltr'><strong>neget,</strong></span> <span class='ocrx_word' id='word_1_17' title='bbox 496 771 544 848; x_wconf 86' lang='lat' dir='ltr'><strong>(et)</strong></span> <span class='ocrx_word' id='word_1_18' title='bbox 566 775 812 848; x_wconf 72' lang='lat' dir='ltr'><strong>restipulationem,</strong></span> <span class='ocrx_word' id='word_1_19' title='bbox 835 791 886 849; x_wconf 88' lang='lat' dir='ltr'><strong>qua</strong></span> <span class='ocrx_word' id='word_1_20' title='bbox 909 775 1077 849; x_wconf 78' lang='lat' dir='ltr'><strong>periclitatur</strong></span> 
     </span>
     <span class='ocr_line' id='line_1_4' title="bbox 126 857 1074 932; baseline -0.004 -13"><span class='ocrx_word' id='word_1_21' title='bbox 126 871 216 931; x_wconf 86' lang='lat' dir='ltr'><strong>actor,</strong></span> <span class='ocrx_word' id='word_1_22' title='bbox 236 862 259 916; x_wconf 91' lang='lat' dir='ltr'><strong>si</strong></span> <span class='ocrx_word' id='word_1_23' title='bbox 280 875 336 916; x_wconf 92' lang='lat' dir='ltr'><strong>non</strong></span> <span class='ocrx_word' id='word_1_24' title='bbox 357 857 476 914; x_wconf 88' lang='lat' dir='ltr'><strong>debitum</strong></span> <span class='ocrx_word' id='word_1_25' title='bbox 495 867 585 932; x_wconf 87' lang='lat' dir='ltr'><strong>petat:</strong></span> <span class='ocrx_word' id='word_1_26' title='bbox 609 875 669 915; x_wconf 90' lang='lat' dir='ltr'><strong>uam</strong></span> <span class='ocrx_word' id='word_1_27' title='bbox 690 861 736 932; x_wconf 90' lang='lat' dir='ltr'><strong>qui</strong></span> <span class='ocrx_word' id='word_1_28' title='bbox 752 860 842 915; x_wconf 89' lang='lat' dir='ltr'><strong>uictus</strong></span> <span class='ocrx_word' id='word_1_29' title='bbox 857 868 929 928; x_wconf 92' lang='lat' dir='ltr'><strong>erat,</strong></span> <span class='ocrx_word' id='word_1_30' title='bbox 946 875 1074 915; x_wconf 91' lang='lat' dir='ltr'><strong>summam</strong></span> 
     </span>
     <span class='ocr_line' id='line_1_5' title="bbox 125 941 1076 1017; baseline -0.001 -15"><span class='ocrx_word' id='word_1_31' title='bbox 125 945 284 1004; x_wconf 84' lang='lat' dir='ltr'><strong>sacramenti</strong></span> <span class='ocrx_word' id='word_1_32' title='bbox 307 941 460 1016; x_wconf 83' lang='lat' dir='ltr'><strong>praestabat</strong></span> <span class='ocrx_word' id='word_1_33' title='bbox 476 957 576 1014; x_wconf 90' lang='lat' dir='ltr'><strong>poenae</strong></span> <span class='ocrx_word' id='word_1_34' title='bbox 592 944 716 1010; x_wconf 81' lang='lat' dir='ltr'><strong>nomine3</strong></span> <span class='ocrx_word' id='word_1_35' title='bbox 740 958 824 1016; x_wconf 90' lang='lat' dir='ltr'><strong>eaque</strong></span> <span class='ocrx_word' id='word_1_36' title='bbox 839 944 866 998; x_wconf 93' lang='lat' dir='ltr'><strong>in</strong></span> <span class='ocrx_word' id='word_1_37' title='bbox 881 943 1018 1017; x_wconf 90' lang='lat' dir='ltr'><strong>publicum</strong></span> <span class='ocrx_word' id='word_1_38' title='bbox 1033 959 1076 1001; x_wconf 88' lang='lat' dir='ltr'><strong>ce·</strong></span> 
     </span>
     <span class='ocr_line' id='line_1_6' title="bbox 125 1025 1077 1103; baseline -0.002 -17"><span class='ocrx_word' id='word_1_39' title='bbox 125 1029 204 1086; x_wconf 88' lang='lat' dir='ltr'><strong>debat</strong></span> <span class='ocrx_word' id='word_1_40' title='bbox 219 1026 389 1103; x_wconf 83' lang='lat' dir='ltr'><strong>praedesque</strong></span> <span class='ocrx_word' id='word_1_41' title='bbox 409 1042 441 1083; x_wconf 92' lang='lat' dir='ltr'><strong>eo</strong></span> <span class='ocrx_word' id='word_1_42' title='bbox 462 1027 570 1082; x_wconf 91' lang='lat' dir='ltr'><strong>nomine</strong></span> <span class='ocrx_word' id='word_1_43' title='bbox 585 1030 706 1099; x_wconf 80' lang='lat' dir='ltr'><strong>praetori</strong></span> <span class='ocrx_word' id='word_1_44' title='bbox 719 1025 865 1096; x_wconf 83' lang='lat' dir='ltr'><strong>dabantur,</strong></span> <span class='ocrx_word' id='word_1_45' title='bbox 886 1042 940 1084; x_wconf 92' lang='lat' dir='ltr'><strong>uon</strong></span> <span class='ocrx_word' id='word_1_46' title='bbox 961 1035 991 1083; x_wconf 94' lang='lat' dir='ltr'><strong>ut</strong></span> <span class='ocrx_word' id='word_1_47' title='bbox 1005 1043 1077 1084; x_wconf 90' lang='lat' dir='ltr'><strong>nunc</strong></span> 
     </span>
     <span class='ocr_line' id='line_1_7' title="bbox 125 1109 1076 1188; baseline -0.002 -18"><span class='ocrx_word' id='word_1_48' title='bbox 125 1113 281 1188; x_wconf 77' lang='lat' dir='ltr'><strong>sponsionis</strong></span> <span class='ocrx_word' id='word_1_49' title='bbox 297 1118 324 1167; x_wconf 91' lang='lat' dir='ltr'><strong>et</strong></span> <span class='ocrx_word' id='word_1_50' title='bbox 340 1109 555 1183; x_wconf 85' lang='lat' dir='ltr'><strong>restipulationis</strong></span> <span class='ocrx_word' id='word_1_51' title='bbox 569 1125 655 1184; x_wconf 90' lang='lat' dir='ltr'><strong>poena</strong></span> <span class='ocrx_word' id='word_1_52' title='bbox 667 1109 745 1165; x_wconf 91' lang='lat' dir='ltr'><strong>lucro</strong></span> <span class='ocrx_word' id='word_1_53' title='bbox 762 1109 832 1166; x_wconf 91' lang='lat' dir='ltr'><strong>cedit</strong></span> <span class='ocrx_word' id='word_1_54' title='bbox 845 1109 1014 1181; x_wconf 89' lang='lat' dir='ltr'><strong>aduersario,</strong></span> <span class='ocrx_word' id='word_1_55' title='bbox 1031 1113 1076 1184; x_wconf 92' lang='lat' dir='ltr'><strong>qui</strong></span> 
     </span>
     <span class='ocr_line' id='line_1_8' title="bbox 71 1191 1077 1267; baseline -0.005 -13"><span class='ocrx_word' id='word_1_56' title='bbox 71 1199 233 1255; x_wconf 78' lang='lat' dir='ltr'><strong>tootncertt.</strong></span> <span class='ocrx_word' id='word_1_57' title='bbox 285 1191 330 1252; x_wconf 81' lang='lat'><strong>14.</strong></span> <span class='ocrx_word' id='word_1_58' title='bbox 354 1192 441 1249; x_wconf 85' lang='lat' dir='ltr'><strong>Poena</strong></span> <span class='ocrx_word' id='word_1_59' title='bbox 464 1202 553 1250; x_wconf 89' lang='lat' dir='ltr'><strong>autem</strong></span> <span class='ocrx_word' id='word_1_60' title='bbox 576 1194 734 1249; x_wconf 87' lang='lat' dir='ltr'><strong>sacramenti</strong></span> <span class='ocrx_word' id='word_1_61' title='bbox 756 1200 801 1249; x_wconf 91' lang='lat' dir='ltr'><strong>aut</strong></span> <span class='ocrx_word' id='word_1_62' title='bbox 824 1196 997 1267; x_wconf 79' lang='lat' dir='ltr'><strong>quingenaria</strong></span> <span class='ocrx_word' id='word_1_63' title='bbox 1019 1203 1077 1251; x_wconf 93' lang='lat' dir='ltr'><strong>erat</strong></span> 
     </span>
     <span class='ocr_line' id='line_1_9' title="bbox 128 1275 1076 1354; baseline -0.002 -18"><span class='ocrx_word' id='word_1_64' title='bbox 128 1289 172 1345; x_wconf 85' lang='lat' dir='ltr'><strong>aut</strong></span> <span class='ocrx_word' id='word_1_65' title='bbox 194 1278 438 1354; x_wconf 73' lang='lat' dir='ltr'><strong>quinquagenaria:</strong></span> <span class='ocrx_word' id='word_1_66' title='bbox 462 1293 521 1332; x_wconf 91' lang='lat' dir='ltr'><strong>narn</strong></span> <span class='ocrx_word' id='word_1_67' title='bbox 544 1276 577 1332; x_wconf 93' lang='lat' dir='ltr'><strong>de</strong></span> <span class='ocrx_word' id='word_1_68' title='bbox 599 1275 680 1333; x_wconf 90' lang='lat' dir='ltr'><strong>rebus</strong></span> <span class='ocrx_word' id='word_1_69' title='bbox 702 1276 764 1332; x_wconf 94' lang='lat' dir='ltr'><strong>mile</strong></span> <span class='ocrx_word' id='word_1_70' title='bbox 778 1279 847 1333; x_wconf 89' lang='lat' dir='ltr'><strong>aeris</strong></span> <span class='ocrx_word' id='word_1_71' title='bbox 862 1277 984 1351; x_wconf 90' lang='lat' dir='ltr'><strong>plurisue</strong></span> <span class='ocrx_word' id='word_1_72' title='bbox 999 1280 1076 1351; x_wconf 91' lang='lat' dir='ltr'><strong>quiu-</strong></span> 
     </span>
     <span class='ocr_line' id='line_1_10' title="bbox 128 1360 1075 1439; baseline -0.004 -18"><span class='ocrx_word' id='word_1_73' title='bbox 128 1366 216 1439; x_wconf 80' lang='lat' dir='ltr'><strong>geutls</strong></span> <span class='ocrx_word' id='word_1_74' title='bbox 239 1361 353 1430; x_wconf 85' lang='lat' dir='ltr'><strong>assibus,</strong></span> <span class='ocrx_word' id='word_1_75' title='bbox 376 1360 410 1415; x_wconf 91' lang='lat' dir='ltr'><strong>de</strong></span> <span class='ocrx_word' id='word_1_76' title='bbox 432 1362 542 1416; x_wconf 90' lang='lat' dir='ltr'><strong>minoris</strong></span> <span class='ocrx_word' id='word_1_77' title='bbox 566 1376 631 1416; x_wconf 92' lang='lat' dir='ltr'><strong>uero</strong></span> <span class='ocrx_word' id='word_1_78' title='bbox 654 1361 849 1434; x_wconf 70' lang='lat' dir='ltr'><strong>qulnquaginta</strong></span> <span class='ocrx_word' id='word_1_79' title='bbox 871 1361 973 1416; x_wconf 90' lang='lat' dir='ltr'><strong>assibus</strong></span> <span class='ocrx_word' id='word_1_80' title='bbox 989 1377 1075 1418; x_wconf 89' lang='lat' dir='ltr'><strong>sacra·</strong></span> 
     </span>
     <span class='ocr_line' id='line_1_11' title="bbox 127 1443 1075 1517; baseline -0.003 -14"><span class='ocrx_word' id='word_1_81' title='bbox 127 1456 218 1505; x_wconf 91' lang='lat' dir='ltr'><strong>mento</strong></span> <span class='ocrx_word' id='word_1_82' title='bbox 241 1443 470 1514; x_wconf 80' lang='lat' dir='ltr'><strong>contendebatur3</strong></span> <span class='ocrx_word' id='word_1_83' title='bbox 498 1460 557 1499; x_wconf 90' lang='lat' dir='ltr'><strong>uam</strong></span> <span class='ocrx_word' id='word_1_84' title='bbox 584 1445 619 1499; x_wconf 85' lang='lat' dir='ltr'><strong>ita</strong></span> <span class='ocrx_word' id='word_1_85' title='bbox 642 1443 702 1517; x_wconf 81' lang='lat' dir='ltr'><strong>lege</strong></span> <span class='ocrx_word' id='word_1_86' title='bbox 727 1460 772 1500; x_wconf 76' lang='lat'><strong>¹11</strong></span> <span class='ocrx_word' id='word_1_87' title='bbox 795 1443 945 1501; x_wconf 89' lang='lat' dir='ltr'><strong>tabularum</strong></span> <span class='ocrx_word' id='word_1_88' title='bbox 968 1453 1075 1501; x_wconf 90' lang='lat' dir='ltr'><strong>cautum</strong></span> 
     </span>
     <span class='ocr_line' id='line_1_12' title="bbox 127 1521 1076 1607; baseline -0.004 -19"><span class='ocrx_word' id='word_1_89' title='bbox 127 1540 193 1588; x_wconf 86' lang='lat' dir='ltr'><strong>erat.</strong></span> <span class='ocrx_word' id='word_1_90' title='bbox 231 1521 286 1607; x_wconf 87' lang='lat' dir='ltr'><strong>(at)</strong></span> <span class='ocrx_word' id='word_1_91' title='bbox 300 1531 323 1585; x_wconf 91' lang='lat' dir='ltr'><strong>si</strong></span> <span class='ocrx_word' id='word_1_92' title='bbox 339 1528 373 1583; x_wconf 92' lang='lat' dir='ltr'><strong>de</strong></span> <span class='ocrx_word' id='word_1_93' title='bbox 388 1526 514 1584; x_wconf 87' lang='lat' dir='ltr'><strong>libertate</strong></span> <span class='ocrx_word' id='word_1_94' title='bbox 529 1527 645 1583; x_wconf 89' lang='lat' dir='ltr'><strong>bominis</strong></span> <span class='ocrx_word' id='word_1_95' title='bbox 661 1529 846 1584; x_wconf 90' lang='lat' dir='ltr'><strong>controuersia</strong></span> <span class='ocrx_word' id='word_1_96' title='bbox 862 1535 933 1595; x_wconf 89' lang='lat' dir='ltr'><strong>erat,</strong></span> <span class='ocrx_word' id='word_1_97' title='bbox 950 1530 1001 1585; x_wconf 91' lang='lat' dir='ltr'><strong>etsi</strong></span> <span class='ocrx_word' id='word_1_98' title='bbox 1016 1544 1076 1602; x_wconf 90' lang='lat' dir='ltr'><strong>pre·</strong></span> 
     </span>
     <span class='ocr_line' id='line_1_13' title="bbox 128 1611 1077 1686; baseline -0.003 -15"><span class='ocrx_word' id='word_1_99' title='bbox 128 1614 291 1671; x_wconf 89' lang='lat' dir='ltr'><strong>tiosissimus</strong></span> <span class='ocrx_word' id='word_1_100' title='bbox 306 1612 386 1668; x_wconf 90' lang='lat' dir='ltr'><strong>bomo</strong></span> <span class='ocrx_word' id='word_1_101' title='bbox 402 1619 484 1686; x_wconf 89' lang='lat' dir='ltr'><strong>esset,</strong></span> <span class='ocrx_word' id='word_1_102' title='bbox 507 1619 595 1667; x_wconf 88' lang='lat' dir='ltr'><strong>tamen</strong></span> <span class='ocrx_word' id='word_1_103' title='bbox 611 1619 641 1666; x_wconf 94' lang='lat' dir='ltr'><strong>ut</strong></span> <span class='ocrx_word' id='word_1_104' title='bbox 662 1627 681 1668; x_wconf 79' lang='lat' dir='ltr'><strong>u</strong></span> <span class='ocrx_word' id='word_1_105' title='bbox 703 1611 807 1667; x_wconf 88' lang='lat' dir='ltr'><strong>assibus</strong></span> <span class='ocrx_word' id='word_1_106' title='bbox 829 1621 998 1669; x_wconf 86' lang='lat' dir='ltr'><strong>sacramento</strong></span> <span class='ocrx_word' id='word_1_107' title='bbox 1013 1628 1077 1669; x_wconf 93' lang='lat' dir='ltr'><strong>con·</strong></span> 
     </span>
     <span class='ocr_line' id='line_1_14' title="bbox 128 1693 1076 1769; baseline -0.001 -16"><span class='ocrx_word' id='word_1_108' title='bbox 128 1696 302 1767; x_wconf 86' lang='lat' dir='ltr'><strong>tenderetur,</strong></span> <span class='ocrx_word' id='word_1_109' title='bbox 323 1695 413 1751; x_wconf 86' lang='lat' dir='ltr'><strong>eadem</strong></span> <span class='ocrx_word' id='word_1_110' title='bbox 434 1694 496 1768; x_wconf 84' lang='lat' dir='ltr'><strong>lege</strong></span> <span class='ocrx_word' id='word_1_111' title='bbox 510 1704 616 1751; x_wconf 90' lang='lat' dir='ltr'><strong>cautum</strong></span> <span class='ocrx_word' id='word_1_112' title='bbox 632 1703 674 1751; x_wconf 89' lang='lat' dir='ltr'><strong>est</strong></span> <span class='ocrx_word' id='word_1_113' title='bbox 689 1693 794 1752; x_wconf 80' lang='lat' dir='ltr'><strong>’fauore</strong></span> <span class='ocrx_word' id='word_1_114' title='bbox 810 1696 912 1753; x_wconf 88' lang='lat' dir='ltr'><strong>scilicet</strong></span> <span class='ocrx_word' id='word_1_115' title='bbox 935 1697 1076 1769; x_wconf 85' lang='lat' dir='ltr'><strong>libertatis,</strong></span> 
     </span>
    </p>
   </div>
   <div class='ocr_carea' id='block_1_3' title="bbox 129 1772 1146 1922">
    <p class='ocr_par' dir='ltr' id='par_1_3' title="bbox 129 1772 1146 1922">
     <span class='ocr_line' id='line_1_15' title="bbox 129 1772 1146 1850; baseline -0.016 -14"><span class='ocrx_word' id='word_1_116' title='bbox 129 1796 163 1836; x_wconf 88' lang='lat' dir='ltr'><strong>ne</strong></span> <span class='ocrx_word' id='word_1_117' title='bbox 186 1772 383 1837; x_wconf 84' lang='lat' dir='ltr'><strong>onerarentur¹</strong></span> <span class='ocrx_word' id='word_1_118' title='bbox 407 1778 567 1835; x_wconf 86' lang='lat' dir='ltr'><strong>adsertores.</strong></span> <span class='ocrx_word' id='word_1_119' title='bbox 592 1775 597 1850; x_wconf 89' lang='grc' dir='ltr'>Ι</span> <span class='ocrx_word' id='word_1_120' title='bbox 1023 1787 1146 1837; x_wconf 43' lang='grc'><strong>...194</strong></span> 
     </span>
     <span class='ocr_line' id='line_1_16' title="bbox 129 1856 1134 1922; baseline -0.024 -4"><span class='ocrx_word' id='word_1_121' title='bbox 129 1862 286 1922; x_wconf 71' lang='lat' dir='ltr'><strong>snt—10</strong></span> <span class='ocrx_word' id='word_1_122' title='bbox 534 1856 1134 1921; x_wconf 76' lang='lat' dir='ltr'><strong>t----..-......„at.s.</strong></span> 
     </span>
    </p>
   </div>
   <div class='ocr_carea' id='block_1_4' title="bbox 96 1934 1078 2008">
    <p class='ocr_par' dir='ltr' id='par_1_4' title="bbox 96 1934 1078 2008">
     <span class='ocr_line' id='line_1_17' title="bbox 96 1934 1078 2008; baseline -0.006 -3"><span class='ocrx_word' id='word_1_123' title='bbox 96 1934 99 1943; x_wconf 52' lang='lat'><strong><em>‘</em></strong></span> <span class='ocrx_word' id='word_1_124' title='bbox 129 1941 174 2005; x_wconf 78' lang='lat'><strong>16.</strong></span> <span class='ocrx_word' id='word_1_125' title='bbox 196 1945 336 2004; x_wconf 81' lang='lat' dir='ltr'><strong>’Ceteram</strong></span> <span class='ocrx_word' id='word_1_126' title='bbox 362 1961 425 2002; x_wconf 87' lang='lat' dir='ltr'><strong>cam</strong></span> <span class='ocrx_word' id='word_1_127' title='bbox 447 1941 549 2001; x_wconf 86' lang='lat' dir='ltr'><strong>etiam³</strong></span> <span class='ocrx_word' id='word_1_128' title='bbox 576 1949 652 2008; x_wconf 80' lang='lat' dir='ltr'><strong>itstae</strong></span> <span class='ocrx_word' id='word_1_129' title='bbox 682 1962 775 2003; x_wconf 90' lang='lat' dir='ltr'><strong>omnes</strong></span> <span class='ocrx_word' id='word_1_130' title='bbox 796 1948 969 2003; x_wconf 86' lang='lat' dir='ltr'><strong>actiones-</strong></span> <span class='ocrx_word' id='word_1_131' title='bbox 987 1976 1078 1988; x_wconf 88' lang='lat'><strong>--</strong></span> 
     </span>
    </p>
   </div>
   <div class='ocr_carea' id='block_1_5' title="bbox 127 2145 1079 3337">
    <p class='ocr_par' dir='ltr' id='par_1_5' title="bbox 127 2145 1079 3337">
     <span class='ocr_line' id='line_1_18' title="bbox 201 2145 1077 2215; baseline 0.001 -17"><span class='ocrx_word' id='word_1_132' title='bbox 201 2147 221 2215; x_wconf 94' lang='lat'><strong>¹)</strong></span> <span class='ocrx_word' id='word_1_133' title='bbox 235 2147 281 2198; x_wconf 88' lang='lat' dir='ltr'><strong>Sia</strong></span> <span class='ocrx_word' id='word_1_134' title='bbox 300 2148 326 2196; x_wconf 90' lang='lat' dir='ltr'><em>V</em></span> <span class='ocrx_word' id='word_1_135' title='bbox 327 2145 349 2181; x_wconf 69' lang='lat' dir='ltr'><strong>&#39;i</strong></span> <span class='ocrx_word' id='word_1_136' title='bbox 362 2147 470 2213; x_wconf 84' lang='lat' dir='ltr'><strong>(tantum</strong></span> <span class='ocrx_word' id='word_1_137' title='bbox 484 2156 609 2198; x_wconf 90' lang='lat' dir='ltr'><strong>orarentur</strong></span> <span class='ocrx_word' id='word_1_138' title='bbox 619 2163 670 2212; x_wconf 85' lang='lat' dir='ltr'><strong>pro</strong></span> <span class='ocrx_word' id='word_1_139' title='bbox 685 2148 849 2214; x_wconf 88' lang='lat' dir='ltr'><strong>onerarentur)</strong></span> <span class='ocrx_word' id='word_1_140' title='bbox 869 2150 945 2215; x_wconf 84' lang='lat' dir='ltr'><strong>idque</strong></span> <span class='ocrx_word' id='word_1_141' title='bbox 965 2151 1015 2199; x_wconf 88' lang='lat' dir='ltr'><strong>iam</strong></span> <span class='ocrx_word' id='word_1_142' title='bbox 1028 2148 1077 2215; x_wconf 80' lang='lat' dir='ltr'><strong>Bp.</strong></span> 
     </span>
     <span class='ocr_line' id='line_1_19' title="bbox 129 2215 1078 2286; baseline 0 -16"><span class='ocrx_word' id='word_1_143' title='bbox 129 2222 167 2270; x_wconf 89' lang='lat' dir='ltr'><strong>ed.</strong></span> <span class='ocrx_word' id='word_1_144' title='bbox 182 2230 203 2272; x_wconf 77' lang='lat' dir='ltr'><strong>n.</strong></span> <span class='ocrx_word' id='word_1_145' title='bbox 217 2223 250 2283; x_wconf 71' lang='lat' dir='ltr'><strong>el.</strong></span> <span class='ocrx_word' id='word_1_146' title='bbox 265 2226 399 2269; x_wconf 80' lang='lat' dir='ltr'><strong>assecutas</strong></span> <span class='ocrx_word' id='word_1_147' title='bbox 412 2226 476 2268; x_wconf 86' lang='lat' dir='ltr'><strong>erat.</strong></span> <span class='ocrx_word' id='word_1_148' title='bbox 533 2215 554 2282; x_wconf 77' lang='lat'><strong>¹)</strong></span> <span class='ocrx_word' id='word_1_149' title='bbox 569 2218 628 2268; x_wconf 88' lang='lat' dir='ltr'><strong>Hac</strong></span> <span class='ocrx_word' id='word_1_150' title='bbox 638 2222 731 2283; x_wconf 80' lang='lat' dir='ltr'><strong>priore</strong></span> <span class='ocrx_word' id='word_1_151' title='bbox 741 2226 819 2283; x_wconf 86' lang='lat' dir='ltr'><strong>parte</strong></span> <span class='ocrx_word' id='word_1_152' title='bbox 834 2222 961 2286; x_wconf 74' lang='lat' dir='ltr'><strong>popinae,</strong></span> <span class='ocrx_word' id='word_1_153' title='bbox 981 2221 1007 2268; x_wconf 83' lang='lat' dir='ltr'><strong>in</strong></span> <span class='ocrx_word' id='word_1_154' title='bbox 1027 2236 1078 2285; x_wconf 85' lang='lat' dir='ltr'><strong>qua</strong></span> 
     </span>
     <span class='ocr_line' id='line_1_20' title="bbox 130 2289 1079 2354; baseline 0.003 -16"><span class='ocrx_word' id='word_1_155' title='bbox 130 2290 194 2338; x_wconf 74' lang='lat' dir='ltr'><strong>uitat</strong></span> <span class='ocrx_word' id='word_1_156' title='bbox 209 2291 260 2354; x_wconf 77' lang='lat' dir='ltr'><strong>lepr&#39;</strong></span> <span class='ocrx_word' id='word_1_157' title='bbox 269 2291 369 2353; x_wconf 83' lang='lat' dir='ltr'><strong>patuit,</strong></span> <span class='ocrx_word' id='word_1_158' title='bbox 383 2289 415 2338; x_wconf 88' lang='lat' dir='ltr'><strong>de</strong></span> <span class='ocrx_word' id='word_1_159' title='bbox 429 2289 502 2339; x_wconf 86' lang='lat' dir='ltr'><strong>modo</strong></span> <span class='ocrx_word' id='word_1_160' title='bbox 515 2291 672 2339; x_wconf 76' lang='lat' dir='ltr'><strong>sacramenti</strong></span> <span class='ocrx_word' id='word_1_161' title='bbox 685 2291 826 2354; x_wconf 84' lang='lat' dir='ltr'><strong>disputatio</strong></span> <span class='ocrx_word' id='word_1_162' title='bbox 841 2293 991 2341; x_wconf 82' lang='lat' dir='ltr'><strong>continuata</strong></span> <span class='ocrx_word' id='word_1_163' title='bbox 1006 2291 1079 2341; x_wconf 87' lang='lat' dir='ltr'><strong>etad</strong></span> 
     </span>
     <span class='ocr_line' id='line_1_21' title="bbox 127 2359 1077 2424; baseline 0.004 -16"><span class='ocrx_word' id='word_1_164' title='bbox 127 2361 203 2422; x_wconf 80' lang='lat' dir='ltr'><strong>finem</strong></span> <span class='ocrx_word' id='word_1_165' title='bbox 214 2360 341 2422; x_wconf 87' lang='lat' dir='ltr'><strong>perducta</strong></span> <span class='ocrx_word' id='word_1_166' title='bbox 355 2373 410 2409; x_wconf 86' lang='lat' dir='ltr'><strong>esse</strong></span> <span class='ocrx_word' id='word_1_167' title='bbox 424 2360 538 2416; x_wconf 87' lang='lat' dir='ltr'><strong>nidetar,</strong></span> <span class='ocrx_word' id='word_1_168' title='bbox 553 2366 580 2408; x_wconf 88' lang='lat' dir='ltr'><strong>at</strong></span> <span class='ocrx_word' id='word_1_169' title='bbox 595 2368 671 2423; x_wconf 86' lang='lat' dir='ltr'><strong>pato,</strong></span> <span class='ocrx_word' id='word_1_170' title='bbox 686 2361 734 2411; x_wconf 83' lang='lat' dir='ltr'><strong>boc</strong></span> <span class='ocrx_word' id='word_1_171' title='bbox 745 2362 804 2424; x_wconf 80' lang='lat' dir='ltr'><strong>sere</strong></span> <span class='ocrx_word' id='word_1_172' title='bbox 818 2362 905 2412; x_wconf 87' lang='lat' dir='ltr'><strong>modo:</strong></span> <span class='ocrx_word' id='word_1_173' title='bbox 924 2359 961 2410; x_wconf 86' lang='lat' dir='ltr'><strong>‘E</strong></span> <span class='ocrx_word' id='word_1_174' title='bbox 973 2362 1077 2412; x_wconf 85' lang='lat' dir='ltr'><strong>diaerso</strong></span> 
     </span>
     <span class='ocr_line' id='line_1_22' title="bbox 130 2431 1079 2493; baseline 0.002 -14"><span class='ocrx_word' id='word_1_175' title='bbox 130 2431 156 2479; x_wconf 79' lang='lat' dir='ltr'><strong>ei</strong></span> <span class='ocrx_word' id='word_1_176' title='bbox 169 2431 237 2477; x_wconf 84' lang='lat' dir='ltr'><strong>inter</strong></span> <span class='ocrx_word' id='word_1_177' title='bbox 248 2431 367 2492; x_wconf 81' lang='lat' dir='ltr'><strong>papalum</strong></span> <span class='ocrx_word' id='word_1_178' title='bbox 381 2437 406 2479; x_wconf 93' lang='lat' dir='ltr'><strong>et</strong></span> <span class='ocrx_word' id='word_1_179' title='bbox 415 2431 548 2493; x_wconf 82' lang='lat' dir='ltr'><strong>priuatam</strong></span> <span class='ocrx_word' id='word_1_180' title='bbox 558 2432 737 2481; x_wconf 83' lang='lat' dir='ltr'><strong>controuersia</strong></span> <span class='ocrx_word' id='word_1_181' title='bbox 748 2439 813 2488; x_wconf 83' lang='lat' dir='ltr'><strong>erat,</strong></span> <span class='ocrx_word' id='word_1_182' title='bbox 823 2434 879 2481; x_wconf 86' lang='lat' dir='ltr'><strong>siue</strong></span> <span class='ocrx_word' id='word_1_183' title='bbox 888 2448 931 2482; x_wconf 87' lang='lat' dir='ltr'><strong>res</strong></span> <span class='ocrx_word' id='word_1_184' title='bbox 939 2435 997 2483; x_wconf 86' lang='lat' dir='ltr'><strong>mile</strong></span> <span class='ocrx_word' id='word_1_185' title='bbox 1007 2436 1079 2483; x_wconf 82' lang='lat' dir='ltr'><strong>aeris</strong></span> 
     </span>
     <span class='ocr_line' id='line_1_23' title="bbox 128 2500 1078 2566; baseline 0.004 -19"><span class='ocrx_word' id='word_1_186' title='bbox 128 2501 248 2563; x_wconf 83' lang='lat' dir='ltr'><strong>plarisue</strong></span> <span class='ocrx_word' id='word_1_187' title='bbox 265 2500 320 2548; x_wconf 82' lang='lat' dir='ltr'><strong>siae</strong></span> <span class='ocrx_word' id='word_1_188' title='bbox 338 2502 446 2550; x_wconf 77' lang='lat' dir='ltr'><strong>minoris</strong></span> <span class='ocrx_word' id='word_1_189' title='bbox 464 2507 541 2555; x_wconf 80' lang='lat' dir='ltr'><strong>esset,</strong></span> <span class='ocrx_word' id='word_1_190' title='bbox 562 2502 718 2550; x_wconf 83' lang='lat' dir='ltr'><strong>sacramenti</strong></span> <span class='ocrx_word' id='word_1_191' title='bbox 735 2515 820 2564; x_wconf 85' lang='lat' dir='ltr'><strong>poena</strong></span> <span class='ocrx_word' id='word_1_192' title='bbox 841 2517 875 2550; x_wconf 80' lang='lat' dir='ltr'><strong>err</strong></span> <span class='ocrx_word' id='word_1_193' title='bbox 893 2505 947 2566; x_wconf 77' lang='lat' dir='ltr'><strong>lepe</strong></span> <span class='ocrx_word' id='word_1_194' title='bbox 966 2503 1078 2552; x_wconf 85' lang='lat' dir='ltr'><strong>Haterio</strong></span> 
     </span>
     <span class='ocr_line' id='line_1_24' title="bbox 135 2568 1078 2636; baseline 0.003 -17"><span class='ocrx_word' id='word_1_195' title='bbox 135 2568 248 2632; x_wconf 86' lang='lat' dir='ltr'><strong>Tarpeia</strong></span> <span class='ocrx_word' id='word_1_196' title='bbox 262 2584 278 2616; x_wconf 89' lang='lat' dir='ltr'><strong>a</strong></span> <span class='ocrx_word' id='word_1_197' title='bbox 289 2577 410 2632; x_wconf 89' lang='lat' dir='ltr'><strong>praetore</strong></span> <span class='ocrx_word' id='word_1_198' title='bbox 426 2570 616 2627; x_wconf 81' lang='lat' dir='ltr'><strong>aestimabatur,</strong></span> <span class='ocrx_word' id='word_1_199' title='bbox 627 2571 699 2620; x_wconf 86' lang='lat' dir='ltr'><strong>modo</strong></span> <span class='ocrx_word' id='word_1_200' title='bbox 711 2586 741 2618; x_wconf 90' lang='lat' dir='ltr'><strong>ne</strong></span> <span class='ocrx_word' id='word_1_201' title='bbox 751 2572 834 2619; x_wconf 86' lang='lat' dir='ltr'><strong>minor</strong></span> <span class='ocrx_word' id='word_1_202' title='bbox 844 2572 988 2635; x_wconf 80' lang='lat' dir='ltr'><strong>qninpentr&#39;s</strong></span> <span class='ocrx_word' id='word_1_203' title='bbox 999 2588 1078 2636; x_wconf 83' lang='lat' dir='ltr'><strong>neque</strong></span> 
     </span>
     <span class='ocr_line' id='line_1_25' title="bbox 131 2637 1078 2703; baseline 0.002 -15"><span class='ocrx_word' id='word_1_204' title='bbox 131 2641 215 2689; x_wconf 81' lang='lat' dir='ltr'><strong>maior</strong></span> <span class='ocrx_word' id='word_1_205' title='bbox 230 2637 279 2688; x_wconf 87' lang='lat' dir='ltr'><strong>III</strong></span> <span class='ocrx_word' id='word_1_206' title='bbox 288 2638 386 2689; x_wconf 80' lang='lat' dir='ltr'><strong>milibus</strong></span> <span class='ocrx_word' id='word_1_207' title='bbox 400 2643 470 2690; x_wconf 85' lang='lat' dir='ltr'><strong>aeris</strong></span> <span class='ocrx_word' id='word_1_208' title='bbox 483 2647 648 2689; x_wconf 83' lang='lat' dir='ltr'><strong>statueretur.</strong></span> <span class='ocrx_word' id='word_1_209' title='bbox 674 2648 812 2702; x_wconf 84' lang='lat' dir='ltr'><strong>praeterea</strong></span> <span class='ocrx_word' id='word_1_210' title='bbox 823 2641 877 2703; x_wconf 82' lang='lat' dir='ltr'><strong>lepe</strong></span> <span class='ocrx_word' id='word_1_211' title='bbox 887 2640 955 2688; x_wconf 88' lang='lat' dir='ltr'><strong>Iulia</strong></span> <span class='ocrx_word' id='word_1_212' title='bbox 968 2641 1078 2703; x_wconf 83' lang='lat' dir='ltr'><strong>Papiria</strong></span> 
     </span>
     <span class='ocr_line' id='line_1_26' title="bbox 131 2712 1078 2774; baseline 0.002 -16"><span class='ocrx_word' id='word_1_213' title='bbox 131 2717 233 2759; x_wconf 88' lang='lat' dir='ltr'><strong>enatum</strong></span> <span class='ocrx_word' id='word_1_214' title='bbox 247 2716 292 2766; x_wconf 83' lang='lat' dir='ltr'><strong>eet,</strong></span> <span class='ocrx_word' id='word_1_215' title='bbox 307 2724 338 2758; x_wconf 83' lang='lat' dir='ltr'><strong>ne</strong></span> <span class='ocrx_word' id='word_1_216' title='bbox 348 2712 435 2774; x_wconf 84' lang='lat' dir='ltr'><strong>pluris</strong></span> <span class='ocrx_word' id='word_1_217' title='bbox 449 2726 523 2774; x_wconf 84' lang='lat' dir='ltr'><strong>qnam</strong></span> <span class='ocrx_word' id='word_1_218' title='bbox 538 2712 594 2773; x_wconf 82' lang='lat' dir='ltr'><strong>ipsa</strong></span> <span class='ocrx_word' id='word_1_219' title='bbox 610 2725 652 2759; x_wconf 88' lang='lat' dir='ltr'><strong>res</strong></span> <span class='ocrx_word' id='word_1_220' title='bbox 667 2717 740 2763; x_wconf 81' lang='lat' dir='ltr'><strong>esset,</strong></span> <span class='ocrx_word' id='word_1_221' title='bbox 754 2716 939 2757; x_wconf 85' lang='lat' dir='ltr'><strong>sacramentam</strong></span> <span class='ocrx_word' id='word_1_222' title='bbox 954 2716 1078 2760; x_wconf 86' lang='lat' dir='ltr'><strong>statuere·</strong></span> 
     </span>
     <span class='ocr_line' id='line_1_27' title="bbox 132 2778 1078 2846; baseline 0 -17"><span class='ocrx_word' id='word_1_223' title='bbox 132 2787 175 2829; x_wconf 88' lang='lat' dir='ltr'><strong>tar</strong></span> <span class='ocrx_word' id='word_1_224' title='bbox 189 2778 234 2845; x_wconf 76' lang='lat' dir='ltr'><strong>(cf.</strong></span> <span class='ocrx_word' id='word_1_225' title='bbox 245 2781 316 2844; x_wconf 77' lang='lat' dir='ltr'><strong>infra</strong></span> <span class='ocrx_word' id='word_1_226' title='bbox 326 2793 347 2840; x_wconf 83' lang='lat' dir='ltr'><strong>t,</strong></span> <span class='ocrx_word' id='word_1_227' title='bbox 357 2780 401 2846; x_wconf 84' lang='lat' dir='ltr'><strong>on).</strong></span> <span class='ocrx_word' id='word_1_228' title='bbox 425 2782 450 2830; x_wconf 84' lang='lat' dir='ltr'><strong>si</strong></span> <span class='ocrx_word' id='word_1_229' title='bbox 464 2796 526 2829; x_wconf 87' lang='lat' dir='ltr'><strong>aero</strong></span> <span class='ocrx_word' id='word_1_230' title='bbox 540 2783 707 2845; x_wconf 59' lang='lat' dir='ltr'><strong>magistratus</strong></span> <span class='ocrx_word' id='word_1_231' title='bbox 718 2795 769 2842; x_wconf 85' lang='lat' dir='ltr'><strong>pro</strong></span> <span class='ocrx_word' id='word_1_232' title='bbox 780 2781 876 2842; x_wconf 86' lang='lat' dir='ltr'><strong>populo</strong></span> <span class='ocrx_word' id='word_1_233' title='bbox 890 2778 988 2842; x_wconf 83' lang='lat' dir='ltr'><strong>apebat,</strong></span> <span class='ocrx_word' id='word_1_234' title='bbox 1004 2782 1078 2829; x_wconf 89' lang='lat' dir='ltr'><strong>etiam</strong></span> 
     </span>
     <span class='ocr_line' id='line_1_28' title="bbox 129 2849 1079 2916; baseline -0.001 -17"><span class='ocrx_word' id='word_1_235' title='bbox 129 2852 250 2913; x_wconf 80' lang='lat' dir='ltr'><strong>priuatus</strong></span> <span class='ocrx_word' id='word_1_236' title='bbox 264 2858 359 2900; x_wconf 86' lang='lat' dir='ltr'><strong>tantam</strong></span> <span class='ocrx_word' id='word_1_237' title='bbox 373 2860 533 2900; x_wconf 85' lang='lat' dir='ltr'><strong>sacramento</strong></span> <span class='ocrx_word' id='word_1_238' title='bbox 549 2850 766 2916; x_wconf 74' lang='lat' dir='ltr'><strong>interropabatur.</strong></span> <span class='ocrx_word' id='word_1_239' title='bbox 795 2850 870 2914; x_wconf 81' lang='lat' dir='ltr'><strong>idque</strong></span> <span class='ocrx_word' id='word_1_240' title='bbox 884 2863 982 2913; x_wconf 82' lang='lat' dir='ltr'><strong>semper</strong></span> <span class='ocrx_word' id='word_1_241' title='bbox 992 2849 1079 2912; x_wconf 74' lang='lat' dir='ltr'><strong>fiebat,</strong></span> 
     </span>
     <span class='ocr_line' id='line_1_29' title="bbox 131 2920 1079 2987; baseline 0.001 -18"><span class='ocrx_word' id='word_1_242' title='bbox 131 2935 188 2969; x_wconf 86' lang='lat' dir='ltr'><strong>cnm</strong></span> <span class='ocrx_word' id='word_1_243' title='bbox 205 2936 240 2970; x_wconf 78' lang='lat' dir='ltr'><strong>ex</strong></span> <span class='ocrx_word' id='word_1_244' title='bbox 252 2923 307 2987; x_wconf 72' lang='lat' dir='ltr'><strong>depe</strong></span> <span class='ocrx_word' id='word_1_245' title='bbox 325 2923 414 2985; x_wconf 77' lang='lat' dir='ltr'><strong>aliqua</strong></span> <span class='ocrx_word' id='word_1_246' title='bbox 433 2937 500 2979; x_wconf 88' lang='lat' dir='ltr'><strong>enm,</strong></span> <span class='ocrx_word' id='word_1_247' title='bbox 523 2923 567 2985; x_wconf 83' lang='lat' dir='ltr'><strong>qni</strong></span> <span class='ocrx_word' id='word_1_248' title='bbox 585 2929 675 2970; x_wconf 88' lang='lat' dir='ltr'><strong>contra</strong></span> <span class='ocrx_word' id='word_1_249' title='bbox 694 2923 774 2986; x_wconf 76' lang='lat' dir='ltr'><strong>lepem</strong></span> <span class='ocrx_word' id='word_1_250' title='bbox 789 2920 907 2983; x_wconf 79' lang='lat' dir='ltr'><strong>fecisset,</strong></span> <span class='ocrx_word' id='word_1_251' title='bbox 929 2921 955 2968; x_wconf 88' lang='lat' dir='ltr'><strong>r&#39;a</strong></span> <span class='ocrx_word' id='word_1_252' title='bbox 976 2935 1079 2970; x_wconf 83' lang='lat' dir='ltr'><strong>sacram</strong></span> 
     </span>
     <span class='ocr_line' id='line_1_30' title="bbox 131 2991 1078 3056; baseline 0.002 -17"><span class='ocrx_word' id='word_1_253' title='bbox 131 2992 249 3041; x_wconf 81' lang='lat' dir='ltr'><strong>indicare</strong></span> <span class='ocrx_word' id='word_1_254' title='bbox 263 2991 364 3053; x_wconf 83' lang='lat' dir='ltr'><strong>licebat,</strong></span> <span class='ocrx_word' id='word_1_255' title='bbox 379 2993 408 3040; x_wconf 82' lang='lat' dir='ltr'><strong>id</strong></span> <span class='ocrx_word' id='word_1_256' title='bbox 417 2999 454 3040; x_wconf 86' lang='lat' dir='ltr'><strong>est</strong></span> <span class='ocrx_word' id='word_1_257' title='bbox 465 2999 492 3039; x_wconf 90' lang='lat' dir='ltr'><strong>at</strong></span> <span class='ocrx_word' id='word_1_258' title='bbox 505 3006 521 3039; x_wconf 90' lang='lat' dir='ltr'><strong>a</strong></span> <span class='ocrx_word' id='word_1_259' title='bbox 530 2993 682 3056; x_wconf 71' lang='lat' dir='ltr'><strong>mayistrata</strong></span> <span class='ocrx_word' id='word_1_260' title='bbox 692 2998 852 3042; x_wconf 88' lang='lat' dir='ltr'><strong>sacramento</strong></span> <span class='ocrx_word' id='word_1_261' title='bbox 863 2993 1078 3056; x_wconf 79' lang='lat' dir='ltr'><strong>interroparrtnr,</strong></span> 
     </span>
     <span class='ocr_line' id='line_1_31' title="bbox 130 3058 1078 3126; baseline 0.001 -16"><span class='ocrx_word' id='word_1_262' title='bbox 130 3075 157 3111; x_wconf 88' lang='lat' dir='ltr'><strong>ae</strong></span> <span class='ocrx_word' id='word_1_263' title='bbox 171 3069 262 3112; x_wconf 85' lang='lat' dir='ltr'><strong>eontra</strong></span> <span class='ocrx_word' id='word_1_264' title='bbox 276 3065 355 3126; x_wconf 80' lang='lat' dir='ltr'><strong>lepem</strong></span> <span class='ocrx_word' id='word_1_265' title='bbox 370 3077 420 3111; x_wconf 86' lang='lat' dir='ltr'><strong>non</strong></span> <span class='ocrx_word' id='word_1_266' title='bbox 432 3058 549 3124; x_wconf 80' lang='lat' dir='ltr'><strong>fecisse&#39;.</strong></span> <span class='ocrx_word' id='word_1_267' title='bbox 584 3060 634 3126; x_wconf 74' lang='lat' dir='ltr'><strong>(Cf.</strong></span> <span class='ocrx_word' id='word_1_268' title='bbox 650 3061 709 3111; x_wconf 79' lang='lat' dir='ltr'><strong>Lex</strong></span> <span class='ocrx_word' id='word_1_269' title='bbox 722 3061 769 3110; x_wconf 85' lang='lat' dir='ltr'><strong>Sit.</strong></span> <span class='ocrx_word' id='word_1_270' title='bbox 785 3063 816 3111; x_wconf 88' lang='lat' dir='ltr'><strong>de</strong></span> <span class='ocrx_word' id='word_1_271' title='bbox 832 3063 911 3126; x_wconf 84' lang='lat' dir='ltr'><strong>pond.</strong></span> <span class='ocrx_word' id='word_1_272' title='bbox 926 3063 997 3126; x_wconf 86' lang='lat' dir='ltr'><strong>apud</strong></span> <span class='ocrx_word' id='word_1_273' title='bbox 1012 3062 1078 3113; x_wconf 83' lang='lat' dir='ltr'><strong>Fest.</strong></span> 
     </span>
     <span class='ocr_line' id='line_1_32' title="bbox 131 3129 1078 3200; baseline 0.006 -20"><span class='ocrx_word' id='word_1_274' title='bbox 131 3147 152 3181; x_wconf 86' lang='lat' dir='ltr'><strong>o.</strong></span> <span class='ocrx_word' id='word_1_275' title='bbox 169 3132 242 3181; x_wconf 84' lang='lat' dir='ltr'><strong>Pudi.</strong></span> <span class='ocrx_word' id='word_1_276' title='bbox 254 3133 374 3196; x_wconf 86' lang='lat' dir='ltr'><strong>pondera</strong></span> <span class='ocrx_word' id='word_1_277' title='bbox 385 3146 412 3194; x_wconf 86' lang='lat' dir='ltr'><strong>p.</strong></span> <span class='ocrx_word' id='word_1_278' title='bbox 423 3143 469 3182; x_wconf 82' lang='lat' dir='ltr'><strong>tto.</strong></span> <span class='ocrx_word' id='word_1_279' title='bbox 489 3130 548 3180; x_wconf 83' lang='lat' dir='ltr'><strong>Lex</strong></span> <span class='ocrx_word' id='word_1_280' title='bbox 561 3131 593 3180; x_wconf 87' lang='lat' dir='ltr'><strong>de</strong></span> <span class='ocrx_word' id='word_1_281' title='bbox 607 3133 683 3193; x_wconf 83' lang='lat' dir='ltr'><strong>inser.</strong></span> <span class='ocrx_word' id='word_1_282' title='bbox 696 3149 717 3180; x_wconf 90' lang='lat' dir='ltr'><strong>u.</strong></span> <span class='ocrx_word' id='word_1_283' title='bbox 728 3144 740 3183; x_wconf 84' lang='lat' dir='ltr'><strong>o</strong></span> <span class='ocrx_word' id='word_1_284' title='bbox 751 3129 790 3198; x_wconf 81' lang='lat' dir='ltr'><strong>[C.</strong></span> <span class='ocrx_word' id='word_1_285' title='bbox 802 3132 823 3182; x_wconf 90' lang='grc' dir='ltr'><strong>Ι.</strong></span> <span class='ocrx_word' id='word_1_286' title='bbox 835 3132 865 3180; x_wconf 88' lang='lat' dir='ltr'><strong>L.</strong></span> <span class='ocrx_word' id='word_1_287' title='bbox 877 3133 897 3181; x_wconf 89' lang='lat' dir='ltr'><strong>I.</strong></span> <span class='ocrx_word' id='word_1_288' title='bbox 909 3145 968 3185; x_wconf 74' lang='lat'><strong>1409·</strong></span> <span class='ocrx_word' id='word_1_289' title='bbox 981 3149 1007 3197; x_wconf 84' lang='lat' dir='ltr'><strong>p.</strong></span> <span class='ocrx_word' id='word_1_290' title='bbox 1019 3129 1078 3200; x_wconf 70' lang='grc'><strong>777]</strong></span> 
     </span>
     <span class='ocr_line' id='line_1_33' title="bbox 132 3200 1078 3267; baseline 0.002 -17"><span class='ocrx_word' id='word_1_291' title='bbox 132 3202 183 3252; x_wconf 80' lang='lat' dir='ltr'><strong>Cic.</strong></span> <span class='ocrx_word' id='word_1_292' title='bbox 198 3203 230 3252; x_wconf 84' lang='lat' dir='ltr'><strong>de</strong></span> <span class='ocrx_word' id='word_1_293' title='bbox 244 3218 298 3265; x_wconf 83' lang='lat' dir='ltr'><strong>rep.</strong></span> <span class='ocrx_word' id='word_1_294' title='bbox 314 3214 335 3261; x_wconf 79' lang='lat' dir='ltr'><strong>t,</strong></span> <span class='ocrx_word' id='word_1_295' title='bbox 350 3211 382 3253; x_wconf 77' lang='lat' dir='ltr'><strong>tn.</strong></span> <span class='ocrx_word' id='word_1_296' title='bbox 405 3201 470 3250; x_wconf 83' lang='lat' dir='ltr'><strong>Fert.</strong></span> <span class='ocrx_word' id='word_1_297' title='bbox 486 3218 507 3250; x_wconf 90' lang='lat' dir='ltr'><strong>o.</strong></span> <span class='ocrx_word' id='word_1_298' title='bbox 523 3200 722 3251; x_wconf 84' lang='lat' dir='ltr'><strong>Sacramentum.</strong></span> <span class='ocrx_word' id='word_1_299' title='bbox 748 3201 914 3253; x_wconf 86' lang='lat' dir='ltr'><strong>Sacramenta</strong></span> <span class='ocrx_word' id='word_1_300' title='bbox 928 3220 953 3267; x_wconf 86' lang='lat' dir='ltr'><strong>p.</strong></span> <span class='ocrx_word' id='word_1_301' title='bbox 969 3216 1015 3255; x_wconf 78' lang='lat' dir='ltr'><strong>att.</strong></span> <span class='ocrx_word' id='word_1_302' title='bbox 1030 3217 1078 3255; x_wconf 79' lang='grc'><strong>744.</strong></span> 
     </span>
     <span class='ocr_line' id='line_1_34' title="bbox 131 3269 656 3337; baseline -0.004 -16"><span class='ocrx_word' id='word_1_303' title='bbox 131 3272 224 3337; x_wconf 70' lang='lat' dir='ltr'><strong>Mad).</strong></span> <span class='ocrx_word' id='word_1_304' title='bbox 278 3269 298 3336; x_wconf 68' lang='grc'><strong>8)</strong></span> <span class='ocrx_word' id='word_1_305' title='bbox 314 3272 358 3321; x_wconf 79' lang='lat' dir='ltr'><strong>Aa</strong></span> <span class='ocrx_word' id='word_1_306' title='bbox 369 3274 519 3321; x_wconf 86' lang='lat' dir='ltr'><strong>sententiam</strong></span> <span class='ocrx_word' id='word_1_307' title='bbox 533 3274 656 3336; x_wconf 79' lang='lat' dir='ltr'><strong>supplent.</strong></span> 
     </span>
    </p>
   </div>
   <div class='ocr_carea' id='block_1_6' title="bbox 129 3446 1083 3932">
    <p class='ocr_par' dir='ltr' id='par_1_6' title="bbox 129 3446 1083 3932">
     <span class='ocr_line' id='line_1_35' title="bbox 130 3446 1080 3512; baseline 0.004 -17"><span class='ocrx_word' id='word_1_308' title='bbox 130 3449 177 3512; x_wconf 75' lang='lat' dir='ltr'><strong>lep.</strong></span> <span class='ocrx_word' id='word_1_309' title='bbox 193 3454 272 3511; x_wconf 87' lang='lat' dir='ltr'><strong>repet.</strong></span> <span class='ocrx_word' id='word_1_310' title='bbox 288 3464 309 3495; x_wconf 87' lang='lat' dir='ltr'><strong>u.</strong></span> <span class='ocrx_word' id='word_1_311' title='bbox 325 3458 352 3497; x_wconf 77' lang='grc'><strong>74</strong></span> <span class='ocrx_word' id='word_1_312' title='bbox 366 3447 420 3512; x_wconf 88' lang='lat' dir='ltr'><strong>(Kl.</strong></span> <span class='ocrx_word' id='word_1_313' title='bbox 433 3463 459 3510; x_wconf 81' lang='lat' dir='ltr'><strong>p.</strong></span> <span class='ocrx_word' id='word_1_314' title='bbox 474 3446 519 3509; x_wconf 87' lang='lat' dir='ltr'><strong>to).</strong></span> <span class='ocrx_word' id='word_1_315' title='bbox 546 3447 597 3498; x_wconf 84' lang='lat' dir='ltr'><strong>Cic.</strong></span> <span class='ocrx_word' id='word_1_316' title='bbox 610 3464 661 3511; x_wconf 85' lang='lat' dir='ltr'><strong>pro</strong></span> <span class='ocrx_word' id='word_1_317' title='bbox 677 3449 733 3498; x_wconf 76' lang='lat' dir='ltr'><strong>Mil.</strong></span> <span class='ocrx_word' id='word_1_318' title='bbox 748 3458 782 3498; x_wconf 83' lang='grc'><strong>77.</strong></span> <span class='ocrx_word' id='word_1_319' title='bbox 798 3464 850 3511; x_wconf 84' lang='lat' dir='ltr'><strong>pro</strong></span> <span class='ocrx_word' id='word_1_320' title='bbox 867 3449 938 3498; x_wconf 86' lang='lat' dir='ltr'><strong>Caec.</strong></span> <span class='ocrx_word' id='word_1_321' title='bbox 954 3461 987 3501; x_wconf 77' lang='grc'><strong>77.</strong></span> <span class='ocrx_word' id='word_1_322' title='bbox 1007 3452 1030 3511; x_wconf 70' lang='grc' dir='ltr'><strong>ξ.</strong></span> <span class='ocrx_word' id='word_1_323' title='bbox 1046 3459 1080 3501; x_wconf 75' lang='lat' dir='ltr'><strong>tt.</strong></span> 
     </span>
     <span class='ocr_line' id='line_1_36' title="bbox 131 3517 1080 3582; baseline 0.002 -17"><span class='ocrx_word' id='word_1_324' title='bbox 131 3518 157 3566; x_wconf 84' lang='lat' dir='ltr'><strong>r&#39;n</strong></span> <span class='ocrx_word' id='word_1_325' title='bbox 177 3517 253 3566; x_wconf 87' lang='lat' dir='ltr'><strong>Verr.</strong></span> <span class='ocrx_word' id='word_1_326' title='bbox 268 3528 289 3574; x_wconf 80' lang='lat' dir='ltr'><strong>a,</strong></span> <span class='ocrx_word' id='word_1_327' title='bbox 306 3530 325 3578; x_wconf 89' lang='lat' dir='ltr'><strong>t,</strong></span> <span class='ocrx_word' id='word_1_328' title='bbox 339 3529 373 3569; x_wconf 76' lang='lat'><strong>45.</strong></span> <span class='ocrx_word' id='word_1_329' title='bbox 389 3519 412 3578; x_wconf 63' lang='grc' dir='ltr'><strong>ὅ.</strong></span> <span class='ocrx_word' id='word_1_330' title='bbox 428 3529 473 3568; x_wconf 80' lang='lat'><strong>118.</strong></span> <span class='ocrx_word' id='word_1_331' title='bbox 494 3518 525 3566; x_wconf 87' lang='lat' dir='ltr'><strong>de</strong></span> <span class='ocrx_word' id='word_1_332' title='bbox 539 3526 605 3567; x_wconf 89' lang='lat' dir='ltr'><strong>orat.</strong></span> <span class='ocrx_word' id='word_1_333' title='bbox 621 3531 640 3579; x_wconf 79' lang='lat' dir='ltr'><strong>t,</strong></span> <span class='ocrx_word' id='word_1_334' title='bbox 659 3530 692 3568; x_wconf 90' lang='lat' dir='ltr'><strong>to.</strong></span> <span class='ocrx_word' id='word_1_335' title='bbox 708 3520 731 3579; x_wconf 62' lang='grc' dir='ltr'><strong>ὅ.</strong></span> <span class='ocrx_word' id='word_1_336' title='bbox 745 3529 779 3568; x_wconf 79' lang='lat' dir='ltr'><strong>tt.</strong></span> <span class='ocrx_word' id='word_1_337' title='bbox 801 3534 852 3582; x_wconf 87' lang='lat' dir='ltr'><strong>pro</strong></span> <span class='ocrx_word' id='word_1_338' title='bbox 867 3519 939 3570; x_wconf 86' lang='lat' dir='ltr'><strong>domo</strong></span> <span class='ocrx_word' id='word_1_339' title='bbox 954 3531 987 3570; x_wconf 78' lang='grc'><strong>47.</strong></span> <span class='ocrx_word' id='word_1_340' title='bbox 1008 3521 1030 3580; x_wconf 70' lang='lat'><strong>5.</strong></span> <span class='ocrx_word' id='word_1_341' title='bbox 1046 3530 1080 3569; x_wconf 82' lang='grc'><strong>77.</strong></span> 
     </span>
     <span class='ocr_line' id='line_1_37' title="bbox 129 3587 1079 3653; baseline 0 -18"><span class='ocrx_word' id='word_1_342' title='bbox 129 3587 162 3637; x_wconf 90' lang='lat' dir='ltr'><strong>de</strong></span> <span class='ocrx_word' id='word_1_343' title='bbox 176 3602 231 3651; x_wconf 89' lang='lat' dir='ltr'><strong>rep.</strong></span> <span class='ocrx_word' id='word_1_344' title='bbox 246 3596 267 3644; x_wconf 86' lang='grc'><strong>7,</strong></span> <span class='ocrx_word' id='word_1_345' title='bbox 281 3598 315 3639; x_wconf 77' lang='lat' dir='ltr'><strong>tt.</strong></span> <span class='ocrx_word' id='word_1_346' title='bbox 330 3588 354 3648; x_wconf 68' lang='grc' dir='ltr'><strong>ἓ.</strong></span> <span class='ocrx_word' id='word_1_347' title='bbox 364 3598 398 3638; x_wconf 81' lang='lat' dir='ltr'><strong>oo.</strong></span> <span class='ocrx_word' id='word_1_348' title='bbox 418 3588 453 3636; x_wconf 86' lang='lat' dir='ltr'><strong>ad</strong></span> <span class='ocrx_word' id='word_1_349' title='bbox 464 3588 547 3649; x_wconf 77' lang='lat' dir='ltr'><strong>famil.</strong></span> <span class='ocrx_word' id='word_1_350' title='bbox 563 3600 583 3646; x_wconf 88' lang='grc'><strong>7,</strong></span> <span class='ocrx_word' id='word_1_351' title='bbox 594 3600 627 3639; x_wconf 79' lang='lat' dir='ltr'><strong>tt.</strong></span> <span class='ocrx_word' id='word_1_352' title='bbox 650 3587 745 3637; x_wconf 83' lang='lat' dir='ltr'><strong>Arnob.</strong></span> <span class='ocrx_word' id='word_1_353' title='bbox 756 3589 812 3637; x_wconf 88' lang='lat' dir='ltr'><strong>ado.</strong></span> <span class='ocrx_word' id='word_1_354' title='bbox 822 3597 890 3653; x_wconf 73' lang='lat' dir='ltr'><strong>pent.</strong></span> <span class='ocrx_word' id='word_1_355' title='bbox 901 3601 922 3645; x_wconf 92' lang='grc'><strong>4,</strong></span> <span class='ocrx_word' id='word_1_356' title='bbox 934 3601 966 3639; x_wconf 84' lang='lat' dir='ltr'><strong>to.</strong></span> <span class='ocrx_word' id='word_1_357' title='bbox 991 3589 1079 3637; x_wconf 84' lang='lat' dir='ltr'><strong>Valer.</strong></span> 
     </span>
     <span class='ocr_line' id='line_1_38' title="bbox 133 3654 1080 3725; baseline -0.004 -17"><span class='ocrx_word' id='word_1_358' title='bbox 133 3657 205 3708; x_wconf 78' lang='lat' dir='ltr'><strong>Max.</strong></span> <span class='ocrx_word' id='word_1_359' title='bbox 221 3668 242 3715; x_wconf 94' lang='grc'><strong>7,</strong></span> <span class='ocrx_word' id='word_1_360' title='bbox 255 3668 276 3707; x_wconf 75' lang='lat' dir='ltr'><strong>a.</strong></span> <span class='ocrx_word' id='word_1_361' title='bbox 291 3659 313 3718; x_wconf 70' lang='lat'><strong>5.</strong></span> <span class='ocrx_word' id='word_1_362' title='bbox 331 3666 352 3706; x_wconf 83' lang='grc'><strong>7.</strong></span> <span class='ocrx_word' id='word_1_363' title='bbox 366 3668 388 3713; x_wconf 78' lang='grc'><strong>8,</strong></span> <span class='ocrx_word' id='word_1_364' title='bbox 403 3669 422 3707; x_wconf 89' lang='grc'><strong>7.</strong></span> <span class='ocrx_word' id='word_1_365' title='bbox 437 3659 460 3718; x_wconf 69' lang='lat'><strong>§-</strong></span> <span class='ocrx_word' id='word_1_366' title='bbox 476 3669 495 3709; x_wconf 80' lang='grc'><strong>7.</strong></span> <span class='ocrx_word' id='word_1_367' title='bbox 558 3654 582 3725; x_wconf 57' lang='grc' dir='ltr'><strong>ὅ.</strong></span> <span class='ocrx_word' id='word_1_368' title='bbox 600 3661 640 3708; x_wconf 77' lang='lat' dir='ltr'><strong>ld.</strong></span> <span class='ocrx_word' id='word_1_369' title='bbox 662 3658 700 3721; x_wconf 68' lang='lat' dir='ltr'><strong>Cf.</strong></span> <span class='ocrx_word' id='word_1_370' title='bbox 720 3657 816 3715; x_wconf 86' lang='lat' dir='ltr'><strong>Varro,</strong></span> <span class='ocrx_word' id='word_1_371' title='bbox 833 3658 897 3708; x_wconf 81' lang='lat' dir='ltr'><strong>Fert.</strong></span> <span class='ocrx_word' id='word_1_372' title='bbox 913 3660 939 3706; x_wconf 88' lang='lat' dir='ltr'><strong>ll.</strong></span> <span class='ocrx_word' id='word_1_373' title='bbox 956 3673 992 3707; x_wconf 91' lang='lat' dir='ltr'><strong>cc.</strong></span> <span class='ocrx_word' id='word_1_374' title='bbox 1015 3659 1034 3707; x_wconf 89' lang='lat' dir='ltr'><strong>si</strong></span> <span class='ocrx_word' id='word_1_375' title='bbox 1051 3659 1080 3706; x_wconf 88' lang='lat' dir='ltr'><strong>de</strong></span> 
     </span>
     <span class='ocr_line' id='line_1_39' title="bbox 131 3723 1080 3795; baseline 0 -20"><span class='ocrx_word' id='word_1_376' title='bbox 131 3723 252 3793; x_wconf 86' lang='lat' dir='ltr'><strong>libertate]</strong></span> <span class='ocrx_word' id='word_1_377' title='bbox 269 3728 303 3790; x_wconf 80' lang='lat' dir='ltr'><strong>es.</strong></span> <span class='ocrx_word' id='word_1_378' title='bbox 320 3726 377 3775; x_wconf 78' lang='lat' dir='ltr'><strong>Lis.</strong></span> <span class='ocrx_word' id='word_1_379' title='bbox 393 3738 413 3781; x_wconf 81' lang='lat' dir='ltr'><strong>s.</strong></span> <span class='ocrx_word' id='word_1_380' title='bbox 427 3740 454 3776; x_wconf 86' lang='grc'><strong>44</strong></span> <span class='ocrx_word' id='word_1_381' title='bbox 467 3742 520 3791; x_wconf 82' lang='lat' dir='ltr'><strong>seq.</strong></span> <span class='ocrx_word' id='word_1_382' title='bbox 582 3724 607 3795; x_wconf 64' lang='grc' dir='ltr'><strong>ξ.</strong></span> <span class='ocrx_word' id='word_1_383' title='bbox 626 3730 665 3778; x_wconf 82' lang='lat' dir='ltr'><strong>lb.</strong></span> <span class='ocrx_word' id='word_1_384' title='bbox 687 3727 724 3790; x_wconf 78' lang='lat' dir='ltr'><strong>Cf.</strong></span> <span class='ocrx_word' id='word_1_385' title='bbox 744 3728 832 3779; x_wconf 89' lang='lat' dir='ltr'><strong>Valer.</strong></span> <span class='ocrx_word' id='word_1_386' title='bbox 850 3727 927 3778; x_wconf 85' lang='lat' dir='ltr'><strong>Prob.</strong></span> <span class='ocrx_word' id='word_1_387' title='bbox 942 3740 963 3777; x_wconf 90' lang='grc'><strong>4.</strong></span> <span class='ocrx_word' id='word_1_388' title='bbox 983 3741 1080 3776; x_wconf 75' lang='lat' dir='ltr'><strong>cerrus</strong></span> 
     </span>
     <span class='ocr_line' id='line_1_40' title="bbox 130 3792 1080 3865; baseline -0.005 -18"><span class='ocrx_word' id='word_1_389' title='bbox 130 3795 193 3865; x_wconf 82' lang='lat' dir='ltr'><strong>erra]</strong></span> <span class='ocrx_word' id='word_1_390' title='bbox 210 3799 245 3860; x_wconf 77' lang='lat' dir='ltr'><strong>cs.</strong></span> <span class='ocrx_word' id='word_1_391' title='bbox 261 3799 283 3858; x_wconf 70' lang='grc'><strong>5.</strong></span> <span class='ocrx_word' id='word_1_392' title='bbox 300 3809 332 3847; x_wconf 87' lang='lat' dir='ltr'><strong>to.</strong></span> <span class='ocrx_word' id='word_1_393' title='bbox 354 3813 375 3845; x_wconf 83' lang='lat' dir='ltr'><strong>a.</strong></span> <span class='ocrx_word' id='word_1_394' title='bbox 395 3812 502 3853; x_wconf 74' lang='lat' dir='ltr'><strong>evauno</strong></span> <span class='ocrx_word' id='word_1_395' title='bbox 522 3813 624 3848; x_wconf 80' lang='lat' dir='ltr'><strong>rurvnra</strong></span> <span class='ocrx_word' id='word_1_396' title='bbox 644 3813 830 3848; x_wconf 79' lang='lat' dir='ltr'><strong>vtnnrcaursrr.</strong></span> <span class='ocrx_word' id='word_1_397' title='bbox 863 3797 893 3844; x_wconf 85' lang='lat' dir='ltr'><strong>sd</strong></span> <span class='ocrx_word' id='word_1_398' title='bbox 912 3792 1025 3861; x_wconf 88' lang='lat' dir='ltr'><strong>iudicem]</strong></span> <span class='ocrx_word' id='word_1_399' title='bbox 1045 3795 1080 3855; x_wconf 78' lang='lat' dir='ltr'><strong>cs.</strong></span> 
     </span>
     <span class='ocr_line' id='line_1_41' title="bbox 130 3863 1083 3932; baseline -0.007 -14"><span class='ocrx_word' id='word_1_400' title='bbox 130 3868 153 3929; x_wconf 64' lang='grc' dir='ltr'><strong>ὅ.</strong></span> <span class='ocrx_word' id='word_1_401' title='bbox 169 3880 201 3918; x_wconf 78' lang='lat' dir='ltr'><strong>tt.</strong></span> <span class='ocrx_word' id='word_1_402' title='bbox 222 3867 260 3916; x_wconf 91' lang='lat' dir='ltr'><strong>die</strong></span> <span class='ocrx_word' id='word_1_403' title='bbox 274 3863 350 3932; x_wconf 65' lang='lat' dir='ltr'><strong>xxm]</strong></span> <span class='ocrx_word' id='word_1_404' title='bbox 365 3867 399 3927; x_wconf 78' lang='lat' dir='ltr'><strong>cs.</strong></span> <span class='ocrx_word' id='word_1_405' title='bbox 414 3866 499 3917; x_wconf 83' lang='lat' dir='ltr'><strong>Sebol.</strong></span> <span class='ocrx_word' id='word_1_406' title='bbox 517 3868 568 3917; x_wconf 81' lang='lat' dir='ltr'><strong>Cic.</strong></span> <span class='ocrx_word' id='word_1_407' title='bbox 589 3868 664 3918; x_wconf 90' lang='lat' dir='ltr'><strong>Verr.</strong></span> <span class='ocrx_word' id='word_1_408' title='bbox 676 3879 696 3924; x_wconf 83' lang='lat' dir='ltr'><strong>t,</strong></span> <span class='ocrx_word' id='word_1_409' title='bbox 707 3879 728 3924; x_wconf 85' lang='lat'><strong>1,</strong></span> <span class='ocrx_word' id='word_1_410' title='bbox 737 3879 757 3918; x_wconf 82' lang='lat' dir='ltr'><strong>s.</strong></span> <span class='ocrx_word' id='word_1_411' title='bbox 778 3870 800 3929; x_wconf 65' lang='grc' dir='ltr'><strong>ἓ.</strong></span> <span class='ocrx_word' id='word_1_412' title='bbox 816 3878 841 3916; x_wconf 81' lang='lat' dir='ltr'><strong>to</strong></span> <span class='ocrx_word' id='word_1_413' title='bbox 856 3864 924 3914; x_wconf 83' lang='lat' dir='ltr'><strong>Bait.</strong></span> <span class='ocrx_word' id='word_1_414' title='bbox 943 3878 987 3925; x_wconf 92' lang='lat' dir='ltr'><strong>per</strong></span> <span class='ocrx_word' id='word_1_415' title='bbox 1006 3865 1083 3924; x_wconf 74' lang='lat' dir='ltr'><strong>legem</strong></span> 
     </span>
    </p>
   </div>
   <div class='ocr_carea' id='block_1_7' title="bbox 0 0 1198 4386">
    <p class='ocr_par' dir='ltr' id='par_1_7' title="bbox 0 0 1198 4386">
     <span class='ocr_line' id='line_1_42' title="bbox 0 0 1198 4386; baseline 0 0"><span class='ocrx_word' id='word_1_416' title='bbox 0 0 1198 4386; x_wconf 95' lang='lat' dir='ltr'><strong> </strong></span> 
     </span>
    </p>
   </div>
  </div>
 </body>
</html>
