2378 4386
171 530 211 588 58
515 540 542 576 u.
561 539 672 575 rvnnrvs
690 539 790 575 cronno.

231 658 282 720 46.
306 661 340 719 A.
362 663 401 719 lta
416 664 508 735 uredo,
523 663 571 719 sed
586 670 675 719 tomen
690 664 743 720 hoo
758 664 844 736 magis
859 679 904 718 eos
919 679 964 719 res
980 672 1007 719 et
1022 666 1132 722 memini

169 757 197 805 et
211 756 334 819 expecto,
353 746 426 819 quod
442 755 470 803 et
485 746 515 801 nd
531 745 698 820 pontificium
713 748 755 802 ius
771 747 847 802 etad
863 745 944 802 ciuile
958 749 1104 819 pertinent.

231 830 273 886 M.
297 829 375 898 Vero,
391 837 419 886 et
434 846 448 885 a
463 830 632 904 peritissimis
648 839 713 886 sunt
733 831 794 886 istis
808 830 842 886 de
857 827 939 885 rebus
955 838 983 885 et
999 846 1130 903 responsa

169 921 196 970 et
209 914 309 987 scripta
324 913 424 985 multa,
444 921 473 969 et
487 929 539 987 ego
554 914 582 968 in
597 913 650 970 hoc
665 915 736 969 omni
749 929 873 969 sermone
889 921 995 985 nostro,
1011 914 1084 986 quoti
1097 916 1129 971 ad

168 1012 284 1071 numque
305 995 374 1071 legis
390 1013 476 1071 genus
492 1014 535 1053 me
552 995 699 1070 disputatio
715 1005 808 1053 nostro
823 996 980 1066 deduxerit,
997 998 1129 1070 tractabo,

168 1081 256 1154 quood
274 1088 382 1154 potero,
403 1082 461 1137 eins
481 1082 567 1154 ipslus
588 1083 695 1155 generis
710 1083 752 1136 ins
768 1080 847 1137 ciuile
863 1089 998 1152 nostrum,
1020 1081 1066 1136 sed
1081 1083 1128 1153 ita,

168 1165 244 1220 locus
259 1174 290 1221 ut
305 1165 363 1237 ipse
377 1173 460 1220 notus
475 1166 521 1237 sit,
537 1181 569 1220 en
585 1181 639 1237 quo
655 1164 769 1223 ducatur
787 1180 909 1238 quaeque
924 1166 1083 1238 possimis,
1099 1176 1129 1222 ut

168 1264 223 1304 non
238 1245 346 1304 difficile
361 1249 405 1318 sit,
424 1249 470 1321 qni
486 1246 567 1304 modo
582 1249 691 1322 ingenio
707 1248 795 1321 possit
812 1249 925 1319 moueri,
942 1264 1128 1322 quaecumque

168 1348 239 1388 noua
255 1348 333 1388 conso
348 1330 550 1389 consultatione
565 1330 702 1403 occiderit,
714 1332 772 1387 elus
785 1339 878 1388 tenere
889 1332 941 1402 ius,
956 1335 1127 1405 (mummius,

168 1433 182 1472 a
208 1433 262 1490 quo
289 1417 326 1472 sit
351 1417 438 1490 capite
464 1415 650 1490 repetendum.
688 1411 889 1473 xli.4l.sed
912 1416 1127 1487 iurisconsulti,

167 1501 226 1557 slno
240 1501 340 1557 erroris
356 1498 492 1556 obiciundi
506 1514 596 1570 nauso,
612 1505 667 1572 quo
679 1499 755 1573 plura
768 1508 796 1555 et
807 1498 961 1556 difficiliora
973 1501 1042 1556 scire
1056 1501 1128 1557 uide·

168 1592 259 1655 antor,
281 1585 350 1654 siue,
372 1583 446 1656 quod
461 1582 574 1638 similius
590 1585 649 1639 ueri
664 1593 716 1655 est,
730 1585 909 1658 ignoratione
925 1583 1050 1653 docendi,
1066 1601 1127 1640 nom

166 1682 222 1722 non
242 1664 330 1722 solum
351 1667 419 1722 seire
440 1665 540 1739 aliquid
555 1668 621 1723 artis
636 1676 696 1738 est,
716 1669 763 1724 sed
778 1667 909 1742 quaedum
925 1683 968 1722 ars
984 1668 1065 1724 etiem
1079 1668 1128 1723 do·

165 1749 255 1820 nendi,
270 1766 362 1822 saepe,
383 1749 457 1823 qnod
471 1752 590 1823 positum
605 1759 648 1807 est
662 1753 690 1807 in
705 1767 757 1807 une
771 1752 939 1825 cognitione,
960 1751 985 1807 id
1003 1747 1051 1826 (in)
1068 1749 1127 1808 inst·

166 1835 249 1890 nitom
265 1832 476 1906 dispertiuntur:
497 1833 574 1889 uelut
588 1835 616 1889 in
631 1833 684 1890 hoc
697 1835 758 1907 ipso
773 1850 883 1908 genere,
905 1851 984 1907 quom
1000 1851 1126 1908 magnum

166 1916 233 1974 illud
248 1916 394 1974 Scaeuolae
411 1917 522 1986 iaciunt,
542 1915 684 1989 pontifices
700 1916 778 1973 ambo
794 1925 822 1972 ot
837 1917 922 1972 eidem
938 1919 1004 1972 iuris
1018 1920 1126 1991 peritis·

165 2000 237 2059 simi.
268 1999 385 2073 ‘saepe’‚
406 2001 495 2074 inquit
509 1999 586 2056 Publi
605 1998 686 2068 filius,
702 1999 745 2055 ‘er
760 2008 836 2074 patre
851 1999 952 2071 oudini,
968 2000 1124 2074 pontificem

165 2082 267 2141 bouum
281 2085 413 2140 neminem
429 2100 489 2140 esse
504 2085 556 2153 nisi
570 2085 615 2157 qul
631 2085 673 2139 ius
689 2083 769 2140 ciuile
784 2082 955 2157 cognosset'.
984 2084 1126 2142 totumnel

164 2167 231 2242 quid
247 2168 302 2224 itai
323 2167 388 2242 qultl
409 2169 480 2223 enim
494 2167 527 2222 nd
542 2166 697 2240 pontificem
712 2167 746 2223 de
760 2168 819 2223 lore
834 2168 966 2241 parietum
981 2176 1028 2223 eut
1043 2185 1126 2242 aqua·

165 2268 225 2308 rum
247 2259 294 2307 ant
315 2251 372 2307 ullo
387 2252 497 2308 omnino
513 2252 565 2307 nisi
579 2267 624 2322 eo,
639 2251 712 2326 qnod
727 2268 788 2308 eum
803 2246 936 2324 religione
951 2253 1125 2309 coniunctum

163 2334 225 2391 esti
245 2334 272 2391 id
293 2343 382 2390 autem
403 2334 563 2409 quantulum
583 2343 635 2391 est.
665 2336 698 2391 de
719 2337 812 2406 saeris,
836 2335 928 2406 oredo,
943 2335 977 2392 tle
993 2339 1076 2408 uotis,
1092 2335 1126 2391 de

164 2417 241 2474 lerlls
255 2426 283 2473 et
298 2417 331 2474 de
345 2418 499 2492 sepulchris
514 2426 542 2474 et
558 2420 580 2474 si
596 2420 660 2494 quid
675 2422 732 2477 eius
747 2419 820 2476 modi
832 2427 882 2476 est.
903 2436 952 2476 eur
963 2422 1048 2494 igitur
1059 2421 1126 2476 haee

164 2507 239 2558 tnntu
253 2501 376 2574 lecimus,
397 2518 458 2559 oum
473 2511 562 2560 eetero
576 2520 708 2578 perparuo
722 2506 789 2576 sint,
809 2504 843 2560 de
858 2506 940 2561 saeris
955 2512 1056 2575 autem,
1078 2504 1124 2577 qul

164 2584 242 2643 loeus
256 2593 332 2661 putet
347 2587 438 2659 letius,
456 2588 521 2644 haee
535 2590 572 2645 sit
583 2605 637 2646 unu
647 2590 793 2661 sententia,
804 2595 835 2645 ut
846 2597 1044 2646 conseruentnr
1054 2604 1124 2643 sem·

163 2687 213 2746 per
231 2679 259 2727 et
278 2671 405 2747 deinoeps
424 2672 531 2728 familiis
551 2673 702 2746 prodantur
722 2681 759 2743 et,
781 2680 811 2728 ut
831 2674 858 2726 in
873 2670 935 2744 lege
950 2674 1047 2745 posui,
1062 2688 1124 2746 per-

164 2763 245 2830 petuo
264 2757 320 2813 sint
339 2773 422 2813 seura.
451 2753 502 2814 48.
526 2755 591 2813 'hoe
609 2750 682 2830 post¹
703 2753 862 2828 pontificum
883 2756 1045 2811 anctoritate
1060 2772 1125 2813 oon·

164 2847 356 2910 mentesani,
382 2847 413 2895 ut
432 2855 466 2894 ne
485 2847 573 2894 morte
593 2840 678 2910 potrls
699 2837 814 2892 familias
835 2851 974 2891 sacrorum
994 2841 1123 2895 memoria

163 2920 309 2989 emineret,
324 2921 357 2976 lis
372 2926 465 2976 esseut
479 2935 511 2976 eo
526 2919 663 2989 adiuncta,
678 2918 710 2973 ad
726 2934 796 2991 qnos
812 2916 932 2973 eiusdem
943 2929 1031 2975 morte
1042 2938 1124 2992 peon·

163 3002 206 3058 nia
229 3003 343 3060 uenerit.
374 3001 426 3058 lrou
446 3018 500 3057 uno
521 3003 623 3074 posito,
644 3001 718 3074 quod
739 3009 782 3056 est
796 2998 830 3055 od
844 3001 1028 3073 cognitionem
1044 3002 1123 3062 discl-

163 3084 252 3159 plinne
271 3085 346 3154 sotis,
368 3083 571 3140 innumerabilia
592 3092 749 3155 noscuntur,
771 3082 868 3157 quibos
890 3083 1038 3158 implentur
1057 3089 1123 3147 luris

162 3167 350 3225 consultorum
366 3166 436 3224 libri.
466 3176 634 3240 quaeruntur
653 3168 732 3233 eninr,
753 3169 800 3242 qui
820 3168 1007 3243 astringantur
1026 3175 1120 3231 saeris.

162 3251 293 3308 heredum
308 3266 387 3306 consa
401 3251 548 3306 iustissima
562 3258 620 3319 est;
636 3251 710 3308 nullo
725 3260 768 3308 est
782 3253 853 3308 enlm
868 3270 992 3327 persono,
1010 3274 1078 3330 quse
1090 3258 1122 3314 oti

163 3337 249 3392 uicem
263 3335 332 3406 eius,
355 3334 402 3407 qui
417 3350 432 3389 e
447 3335 503 3390 uita
520 3335 668 3409 emigrent,
683 3337 795 3410 propius
811 3336 928 3395 secedat.
955 3338 1060 3411 delude,
1076 3343 1122 3414 qul

162 3427 251 3476 morte
278 3425 477 3475 testamentouo
504 3419 562 3474 elus
586 3420 743 3476 tantundem
766 3423 853 3496 capiat
875 3431 1005 3496 quantum
1028 3439 1121 3479 omnes

162 3502 290 3559 heredes:
306 3502 333 3558 ld
348 3517 458 3576 quoqne
473 3501 584 3573 ordine;
607 3512 649 3560 est
664 3506 734 3560 euim
750 3505 781 3561 nd
798 3504 835 3575 nt,
855 3505 928 3579 quod
950 3507 1121 3579 propositum

162 3591 214 3655 est,
230 3583 471 3644 adcommodatum.
500 3588 581 3645 tertio
596 3586 669 3658 loeo,
684 3590 707 3645 si
722 3605 801 3645 nemo
816 3588 854 3646 sit
869 3590 957 3660 heres,
973 3589 1009 3659 is,
1025 3590 1072 3662 qui
1088 3589 1121 3645 de

234 3769 255 3838 ¹)
269 3773 328 3824 hoen
342 3775 419 3839 posite
434 3775 492 3826 hoec
507 3777 557 3827 lnrs
573 3778 597 3827 Α
611 3778 669 3828 bueo
683 3778 733 3828 iuro
747 3777 794 3827 sed
807 3778 901 3826 lincoln
910 3775 1037 3828 subducta
1047 3777 1120 3829 Box-

160 3843 238 3908 posito
253 3844 311 3895 hoec
326 3845 377 3896 inre
393 3846 432 3897 ed.
452 3847 483 3897 V.
