2378 4386
169 508 234 574 554
457 524 523 563 mnu
541 524 636 559 rerunt
654 523 724 559 seur.
744 503 776 559 V.
797 510 839 559 25.

232 653 262 713 4.
294 648 409 723 ¹iudex,
437 655 484 728 qui
513 662 606 710 contre
627 670 715 711 sacras
740 655 889 727 principum
912 655 1124 712 constitutiones

169 748 300 797 contrane
315 740 357 794 ius
372 736 525 811 pubiicum,
548 736 620 810 quod
636 737 705 811 opud
721 755 751 794 se
766 739 907 794 recitatum
923 747 979 808 est,
1002 756 1124 812 pronun·

170 826 231 895 tint,
244 826 272 880 in
288 822 401 879 insulem
416 822 583 895 deportetur.
619 819 646 880 0.
670 815 739 888 ²Qut
760 823 894 885 rationes,
916 829 987 891 ecta,
1006 822 1123 895 iiireiios,

170 907 260 965 eibum
276 907 456 980 propositum,
468 907 635 975 testationes,
650 907 797 974 cautiones,
814 906 1004 980 chirographa,
1019 909 1122 980 episto·

171 991 209 1048 ies
224 993 312 1047 sciens
327 988 391 1046 dolo
405 987 473 1044 mnio
489 990 516 1045 in
532 987 652 1045 irnudern
669 987 781 1047 alicuius
797 988 943 1059 deleuerit,
966 994 1122 1066 mutuuerit,

171 1075 327 1145 subiecerit,
350 1067 571 1147 subscripserit,³
592 1075 674 1145 quine
689 1089 734 1129 ees
757 1075 936 1143 intumuerit,
959 1073 1122 1148 ’inargenta-

172 1153 267 1229 uen't,⁴
282 1159 374 1232 quiue,
389 1173 450 1214 cum
464 1167 608 1232 arpentum
623 1157 667 1213 uel
683 1173 777 1213 eurum
800 1152 966 1230 'coqueretf
989 1175 1034 1215 aes
1049 1168 1123 1216 stun-

170 1258 270 1301 numue
292 1235 459 1315 subiecerit,⁰
482 1241 541 1298 ialsi
564 1256 651 1315 poene
666 1251 817 1298 coercetur.
861 1236 891 1298 6.
915 1233 1122 1314 'impiissimus
1135 1255 1184 1303 tene

169 1327 238 1384 ordo
253 1326 385 1398 decreuit,
401 1341 446 1381 ees
461 1325 578 1393 tubulus,
595 1340 662 1397 quae
678 1323 777 1398 publici
793 1324 835 1381 uel
851 1327 949 1399 priuati
965 1333 1122 1384 contractus

96 1446 101 1453 -
169 1413 332 1485 scripturum
344 1411 495 1481 continent,
506 1408 630 1465 adhibitis
641 1408 757 1465 testibus
769 1409 805 1464 itu
817 1411 929 1483 signari,
940 1419 969 1465 ut
980 1411 1006 1465 in
1019 1427 1122 1467 summa

170 1495 298 1568 marginis
321 1493 353 1550 ed
376 1493 487 1549 medinm
511 1501 613 1567 purtem
636 1492 788 1566 perioretee
805 1493 901 1566 triplici
918 1495 972 1549 iino
987 1496 1121 1550 coustrin-

171 1587 286 1652 guntur,
302 1585 384 1651 utque
398 1571 568 1650 'impositae⁸
583 1593 663 1649 supra
679 1577 764 1633 tinum
780 1593 856 1634 ceree
876 1579 952 1650 signu
969 1579 1122 1652 imprimen-

171 1671 234 1731 tur,
256 1670 286 1717 ut
309 1659 446 1717 ’exteriori
469 1663 619 1733 scripturae
641 1660 720 1716 iidem
742 1661 856 1717 interior
877 1654 992 1718 seruet.⁹
1037 1661 1123 1718 Aliter

170 1745 276 1803 tabulae
291 1744 411 1819 prolatae
426 1744 492 1800 ninii
507 1744 635 1800 momenti
652 1743 759 1800 innitent.

343 1823 390 1905 [t.
408 1826 457 1887 38.
472 1827 501 1898 8.
518 1828 546 1884 6.
570 1828 605 1884 D.
622 1828 657 1883 de
669 1832 770 1898 poentio
785 1824 850 1902 (48,
867 1822 946 1907 19).]

235 1908 287 1970 ¹⁰¹1.
307 1905 380 1980 ¹¹Qui
397 1913 452 1968 uiui
465 1919 653 1969 testamentum
665 1914 813 1985 aperuerit,
824 1914 989 1983 rennuerit,
1002 1915 1122 1987 resigna·

170 2000 251 2069 uerit,
268 2013 354 2072 poene
370 1996 438 2069 legis
455 1994 591 2051 Corneliae
608 2004 729 2051 tenetur:
750 2006 778 2052 et
793 1994 951 2071 plerumque
967 2005 1012 2052 eut
1035 1998 1122 2054 humi·

170 2082 253 2139 liores
268 2083 296 2137 iu
312 2078 450 2136 metalium
465 2078 638 2143 damnentur,
655 2088 701 2135 rut
716 2080 887 2139 honestiores
903 2083 930 2136 iu
945 2081 1059 2138 insulem
1075 2081 1122 2137 de·

169 2172 322 2240 portantur.
355 2160 385 2218 8.
402 2161 430 2218 Si
443 2163 503 2235 quis
515 2162 731 2220 'instrumentum
744 2157 829 2220 titis¹²
840 2180 905 2220 suae
917 2181 932 2219 a
943 2175 1121 2238 procuratore

168 2265 219 2306 suo
242 2247 286 2303 uel
308 2246 449 2317 cognitore
471 2245 624 2304 aduersario
639 2247 775 2321 proditum
797 2264 857 2304 esse
879 2251 1043 2318 conuicerit,
1067 2259 1121 2307 tam

167 2337 331 2407 procurator
351 2345 432 2403 quem
454 2332 597 2404 cognitor,
619 2333 642 2389 si
664 2331 821 2390 humiliores
837 2340 915 2403 sunt,
940 2334 967 2388 in
983 2329 1121 2390 metullum

168 2415 343 2489 damnantem
365 2415 389 2470 si
413 2413 598 2484 honestiores,
621 2415 743 2488 adempte
765 2415 871 2472 dimidie
893 2425 970 2490 parte
986 2416 1119 2475 bonorum

168 2502 370 2574 inperpetuum
392 2497 557 2573 relegentur.
600 2496 630 2557 9.
653 2498 833 2557 instrumente
854 2516 937 2573 penes
952 2518 982 2557 se
998 2501 1120 2575 deposito

167 2585 330 2659 quicumque
345 2582 424 2640 adteri
439 2583 524 2639 nitero
539 2582 650 2641 absente
664 2582 811 2640 reddiderit
826 2583 871 2639 uel
886 2583 1042 2642 aduersario
1057 2602 1121 2659 pro·

165 2667 282 2740 diderit,
297 2684 347 2742 pro
363 2683 493 2741 personae
509 2669 565 2724 cius
582 2667 740 2724 condicione
757 2677 803 2723 aut
819 2668 845 2723 in
861 2668 998 2724 metalium
1015 2669 1121 2725 damna·

241 2878 261 2946 ¹)
276 2879 315 2943 Of.
330 2880 362 2929 L.
377 2894 398 2931 1.
413 2882 435 2943 §-
450 2892 470 2932 0.
490 2879 522 2928 D.
537 2880 562 2929 d.
576 2887 595 2930 t.
651 2874 725 2944 ⁸)Cs.
741 2878 772 2928 L.
788 2891 799 2930 1
809 2895 854 2943 pr.
869 2879 901 2928 L.
914 2891 941 2931 st
951 2895 994 2943 pr.
1015 2881 1047 2929 1).
1062 2881 1087 2929 Ιι.
1102 2889 1119 2931 t.

168 2947 190 3018 ⁸)
206 2951 283 3001 Fulso
296 2952 397 3000 nomine
411 2953 450 3000 vel
463 2951 506 3000 dt'e
520 2958 545 3000 et
558 2952 669 3001 consule.
722 2947 743 3015 ⁴)
759 2948 803 3000 cd.
813 2961 847 3001 ut.
862 2951 1021 3012 urgenteuerit
1031 2953 1119 3009 ceteri,

166 3021 224 3072 edd.
250 3021 288 3082 Cf.
310 3019 378 3070 Ptin.
401 3020 431 3069 N.
447 3020 481 3069 lt.
496 3033 530 3078 21,
545 3031 565 3077 2,
580 3033 599 3072 0.
665 3018 686 3085 ⁶)
707 3020 832 3076 Commi:
850 3029 949 3084 poneret
970 3021 1030 3070 edet.
1051 3021 1118 3076 edd„

166 3090 213 3141 red
225 3089 273 3140 doc
288 3097 312 3140 et
326 3105 404 3156 nepre
418 3091 450 3140 de
460 3093 569 3155 pipnori
579 3091 699 3154 ponendo
714 3091 878 3155 inteitipitnr,
893 3099 918 3140 et
930 3093 954 3140 si
969 3092 995 3139 in
1005 3091 1118 3155 pipnore

166 3160 252 3211 dontio
266 3175 311 3210 aes
322 3175 374 3223 pro
382 3176 449 3210 auro
458 3161 605 3220 subiicitur,
616 3162 756 3211 certissime
767 3176 817 3210 non
828 3162 895 3224 fodri
903 3161 950 3211 sed
958 3162 1119 3211 stettionams

166 3232 264 3280 crimen
279 3232 451 3280 eortmittitur.
475 3230 506 3281 L.
522 3246 542 3281 1.
556 3233 579 3293 ξ.
595 3243 615 3282 n.
630 3231 663 3282 L.
677 3243 703 3283 tt
714 3247 757 3294 pr.
777 3231 810 3281 D.
824 3233 857 3281 de
866 3233 940 3295 pipo.
956 3238 1006 3281 act.
1022 3230 1072 3296 (13,
1087 3231 1118 3296 t).

166 3299 198 3350 h.
208 3312 229 3351 t.
244 3300 267 3361 θ.
278 3312 298 3350 1.
318 3299 350 3348 D.
360 3302 470 3350 stettinn.
481 3300 526 3364 (et,
536 3301 581 3365 00).
605 3301 644 3351 De
658 3317 724 3351 auro
735 3302 865 3366 coquendo
880 3302 916 3363 cf.
929 3301 997 3350 Ptin.
1008 3313 1043 3360 00,
1053 3314 1075 3357 t.
1085 3316 1118 3353 to.

167 3367 188 3434 ⁶)
208 3369 239 3420 Ut
253 3383 297 3419 aet
315 3385 394 3427 auro,
408 3377 526 3420 stannum
540 3379 648 3436 arpenta
662 3373 856 3422 admisceretur,
921 3369 942 3436 ἵ)
959 3372 997 3435 Cf.
1015 3371 1118 3424 Sueten.

167 3440 228 3491 Ner.
244 3452 278 3490 tt.
342 3436 364 3507 ⁸)
378 3439 423 3489 Ee
436 3440 560 3491 Salmacis·
573 3444 606 3505 ej.
623 3443 759 3506 impositum
775 3442 824 3507 (uei
840 3443 962 3506 imposito)
983 3443 1046 3493 cdd.
1062 3444 1119 3492 edd.

167 3511 205 3575 Of.
221 3511 252 3560 L.
268 3512 339 3572 005.
354 3523 374 3562 0.
400 3511 432 3561 Ι).
447 3514 668 3576 penitentium.
683 3511 731 3578 (tt,
747 3512 778 3578 1).
842 3511 865 3579 ⁹)
884 3513 943 3564 Vid.
961 3513 1118 3576 Zeitsedr.f.

162 3581 250 3648 pescia.
266 3581 338 3632 RW.
361 3581 425 3632 XII.
441 3599 468 3646 p.
483 3594 530 3634 000.
554 3584 683 3633 exteriores
702 3585 834 3646 scriptume
854 3583 925 3633 iidem
944 3585 1053 3635 interiori
1068 3599 1119 3634 ser·

165 3660 220 3701 nent
236 3652 297 3701 cdd.
313 3652 370 3702 edd.
424 3650 456 3718 ¹⁰)
470 3655 510 3716 gg.
525 3665 593 3704 t-s.
608 3661 700 3703 extant
713 3656 789 3703 etiam
804 3657 831 3703 in
846 3654 877 3702 Ia.
889 3665 922 3705 stt.
942 3656 983 3716 ξὲ.
999 3667 1067 3706 t-e.
1088 3655 1119 3703 l).

164 3721 349 3788 depoem'ssst,
360 3722 403 3791 10).
454 3721 486 3788 ¹¹)
502 3723 540 3786 Cf.
551 3723 583 3773 h.
595 3736 614 3773 1.
629 3726 652 3785 ξ.
664 3734 683 3775 t.
704 3724 736 3773 D.
747 3725 771 3773 d.
782 3732 799 3773 t.
853 3720 886 3789 Ιἵ)
901 3722 945 3773 Ex
955 3725 1015 3791 Dip.
1032 3727 1120 3775 instru-

165 3801 243 3842 mente
258 3794 366 3843 utittntis
381 3794 416 3859 (et
426 3803 518 3858 postea
533 3793 638 3859 proditu)
655 3793 715 3844 cdd.
731 3795 802 3853 edd,
822 3795 891 3859 quod
908 3810 943 3844 ex
962 3797 1119 3846 instrumento

164 3878 187 3912 m
202 3864 249 3913 litis
261 3865 393 3929 prodiisse
408 3866 518 3915 uidetur.
