2378 4386
318 558 352 594 nn
371 558 566 594 nouamounsvs
584 559 620 595 an
639 559 727 596 annea
745 560 859 597 cincun.
999 544 1057 612 797

109 690 186 743 sione
201 687 392 760 patrimonium
415 704 495 743 snum
510 687 648 752 exhausit,
671 691 744 744 iuxta
763 688 854 763 legum
877 691 972 764 placita
987 708 1063 765 prae·

110 770 173 826 sidis
189 772 341 843 prouinciae
354 771 451 826 auxilio
465 773 561 839 utarls3
580 771 637 844 qui,
653 771 772 828 discussa
786 771 836 829 lade
848 777 913 837 ueri,
928 779 949 830 si
963 777 1062 850 integri

109 856 308 911 restitutionem
331 870 363 910 es
378 852 424 910 filii
447 870 563 926 persona
582 865 728 929 conpetere
748 856 796 912 tibi
813 855 847 913 ob
869 857 1062 931 inprobabilem

61 939 93 989 ⁰³}
110 938 263 995 ‹lonationis
287 939 472 994 enormitatem
501 937 733 1008 animaduerterit,
764 941 791 995 in
813 943 984 997 remoueudis
1009 942 1061 1013 his,

109 1037 176 1094 quae
197 1037 335 1094 perperam
357 1029 435 1093 gesta
455 1029 532 1088 sunt,
557 1018 604 1076 tibi
626 1021 779 1078 subueniet.
817 1022 867 1082 PP.
883 1023 924 1080 lli.
945 1026 982 1082 id.
999 1025 1061 1082 leli.

109 1100 274 1174 llediolani¹,
293 1105 405 1159 llariuno
421 1112 449 1158 et
463 1103 589 1177 Aquilino
605 1100 711 1160 conss²

172 1183 242 1245 28³.
267 1183 367 1243 ³lidern
388 1186 484 1260 ’Aqu
507 1195 534 1243 et
550 1187 648 1244 Caeso.
665 1181 792 1244 Zenoni.4
827 1188 855 1245 Si
875 1190 1061 1263 stipendiario·
1105 1200 1110 1208 “

109 1290 168 1330 rum
190 1265 421 1344 'ipraeda'oraml5
444 1272 637 1343 proprietatem
659 1270 732 1326 dono
755 1270 866 1341 dedisti,
889 1274 926 1328 ita
949 1284 977 1329 ut
999 1286 1062 1347 post

109 1365 224 1412 mortem
240 1357 308 1423 eins,
323 1356 369 1426 qui
381 1355 494 1427 aceepit,
509 1353 540 1407 ad
552 1361 579 1408 te
591 1353 702 1423 rediret,
717 1353 826 1410 donatio
842 1356 922 1411 inrita
934 1364 987 1427 est,
1002 1373 1062 1413 euro

108 1439 142 1495 ad
164 1448 276 1509 tempas
295 1439 446 1510 proprietas
468 1437 607 1492 transferri
629 1430 807 1509 nequiuerit,⁶
843 1439 865 1492 si
883 1454 949 1495 uero
972 1455 1062 1495 usum·

110 1523 227 1577 lruoturn
249 1523 276 1574 in
299 1535 368 1589 eam,
396 1527 490 1575 eontra
513 1535 591 1590 quarn
614 1520 761 1593 supplicas,
784 1516 947 1593 contulisti‚⁷
971 1539 1062 1578 usum·

109 1606 227 1660 iructurn
243 1619 257 1656 a
272 1604 437 1675 proprietate
452 1601 566 1657 alienare
581 1619 636 1659 non
651 1598 791 1676 potuisti.⁸
820 1604 869 1665 PP.
888 1605 916 1664 V.
932 1605 969 1662 id.
985 1605 1060 1665 llart.

110 1687 222 1742 llasimo
238 1693 265 1740 et
279 1685 405 1758 Aquilino
421 1680 527 1742 conss.²

172 1766 346 1826 tantitatem
360 1769 542 1826 Alexandriae
580 1767 615 1825 Ea
631 1770 756 1844 quidem,
778 1788 848 1845 quae
867 1772 926 1828 iure
940 1772 1062 1830 donatio·

110 1856 152 1909 nis
167 1870 181 1907 a
196 1869 277 1909 sooru
295 1861 339 1908 tua
353 1855 381 1909 in
397 1861 423 1910 te
439 1852 546 1909 conlata
561 1862 634 1924 sunt,
658 1870 765 1910 manere
781 1857 951 1926 inconeussa,
971 1865 1061 1920 rector

110 1938 263 2012 prouinciae
279 1933 386 1993 efficiet.
418 1929 500 1992 'lle¹⁰
514 1938 683 1992 matrimonio
699 1952 765 1994 uero
781 1937 922 1994 retinendo
938 1941 977 1995 tui
993 1936 1060 1994 arbi·

110 2023 156 2077 trii
166 2029 218 2091 est,
234 2037 265 2076 an
283 2019 349 2075 uelis
361 2028 389 2075 et
401 2016 461 2075 tritis
472 2019 657 2076 communibus
673 2020 915 2077 interuenientibus
925 2024 953 2077 in
968 2021 1062 2079 eodem

110 2106 251 2179 proposito
273 2119 457 2178 perseuerare.
501 2102 550 2160 ie.
571 2103 613 2159 lll.
636 2102 672 2160 id.
697 2103 754 2161 Oet.
778 2103 897 2161 lleraelia
920 2105 1062 2178 Thracum,

110 2188 221 2245 llaximo
237 2196 264 2243 et
280 2186 404 2260 Aquilino
420 2179 526 2244 conss.²

172 2267 239 2328 285.
257 2271 350 2341 ’[(ὶως.
365 2275 406 2324 tib.
421 2273 480 2324 iiiii.
496 2262 572 2342 tit]¹¹
593 2270 676 2327 iidem
691 2272 800 2329 Aurelio
816 2272 923 2329 Abanti.
947 2272 976 2330 Si
990 2272 1059 2331 tiliae

110 2364 171 2411 tuae
186 2357 381 2427 possessiones,
404 2352 549 2425 dequibus
564 2356 663 2427 agitur,
682 2371 771 2430 neque
786 2359 952 2430 mancipasti,
973 2373 1061 2431 neque

111 2438 255 2506 tradidisti,
279 2438 380 2493 frastra
401 2438 512 2506 uereris,
531 2429 535 2513 Ι
551 2453 584 2494 ue
600 2453 632 2494 ex
648 2454 699 2494 una
714 2440 883 2512 professione
904 2441 949 2497 uel
970 2420 1166 2564 'apadffip’plfl

112 2569 321 2578 ——-—-

109 2637 141 2703 (s,
156 2638 191 2703 29)
207 2641 233 2687 ia
257 2655 296 2688 ane
312 2641 423 2701 plenior.
499 2637 518 2705 ¹)
535 2640 573 2702 Cf.
589 2640 725 2690 Mommsen
741 2640 816 2703 Zeits.
835 2642 860 2690 d.
877 2641 960 2691 Consi.
976 2641 1060 2693 Dioel.

107 2724 134 2771 p.
148 2720 196 2758 aas.
248 2708 307 2772 ²)e.
322 2720 369 2760 ees.
420 2706 441 2774 ἆ)
458 2709 584 2758 Ματιιίωιι
598 2718 672 2760 extat
685 2713 710 2759 ia
726 2711 757 2759 L.
773 2721 793 2760 s.
815 2712 840 2761 C.
856 2712 888 2760 de
902 2712 960 2762 don.
977 2728 999 2776 q.
1013 2712 1061 2762 sab

111 2779 182 2827 arando
198 2778 229 2844 (a,
244 2777 278 2842 oo)
295 2780 374 2829 inser.
391 2776 484 2843 ‘impp
500 2781 583 2830 Dioni.
598 2788 622 2829 et
638 2780 711 2829 olax.
727 2781 785 2829 AA.
800 2789 825 2830 et
841 2781 887 2830 CC.
903 2780 1019 2832 Zenoni?

110 2846 132 2913 4)
147 2848 192 2896 Ea
206 2848 227 2896 I.
245 2849 269 2898 C.
285 2851 399 2899 correxi.
425 2851 518 2898 Aurelio
533 2849 663 2900 Carrenoni
682 2850 739 2900 Vnt.
751 2852 807 2900 edd.
831 2851 957 2901 Similiter
971 2854 998 2900 in
1012 2855 1060 2902 tri·

110 2918 156 2967 bas
171 2918 257 2967 Herm.
275 2919 299 2968 0.
315 2921 539 2970 constitutionibus
552 2923 590 2970 tit.
606 2920 627 2970 I.
642 2937 665 2970 c.
681 2935 700 2971 ι.
715 2923 754 2971 tit.
768 2921 805 2970 II.
821 2938 843 2972 o.
855 2935 874 2972 t.
889 2924 928 2970 tit.
939 2920 991 2972 III.
1006 2938 1028 2972 c.
1039 2936 1059 2974 1.

110 2989 150 3051 (p.
165 2999 198 3040 ut.
213 3000 246 3039 ee.
261 3000 294 3040 tte.
310 2988 393 3038 Huen.
408 2998 432 3039 et
447 2990 481 3053 ef.
497 2992 602 3041 eltrudem
616 2991 652 3040 nd
667 2990 711 3039 Gr.
729 2991 754 3039 0.
769 3005 790 3048 s,
806 3007 824 3042 ι.
836 3007 864 3055 p.
881 3003 913 3042 tn.
935 2992 1060 3042 Zisnmern

110 3058 144 3106 II.
159 3057 181 3108 I.
201 3058 227 3107 T.
242 3058 263 3107 I.
279 3062 300 3120 ξ.
315 3072 348 3109 as.
362 3075 388 3122 p.
405 3072 450 3111 roe.
467 3069 517 3111 not.
533 3061 577 3126 et).
608 3058 755 3110 ‘Aurelius’
771 3064 814 3110 iile
829 3065 971 3124 imperator
985 3071 1061 3112 natas

109 3137 147 3178 est
160 3145 195 3179 ea
211 3127 312 3194 ‘Aap.’,
328 3132 402 3192 quasi
415 3131 444 3179 tat
456 3139 521 3180 esset
536 3129 636 3189 ‘Aur.',
658 3133 751 3182 omisso
770 3139 829 3181 onte
844 3128 911 3190 Ἥ),
930 3135 969 3182 ael
985 3130 1061 3192 ‘ld.’,

109 3216 158 3264 qno
183 3208 280 3249 tantam
306 3214 371 3249 riona
394 3204 541 3251 constitutio
566 3202 674 3251 librario
698 3202 815 3251 indicari
837 3202 980 3254 uidebatur.

110 3268 131 3335 ὁ)
145 3270 242 3320 Buellt.
256 3273 390 3334 suppleuit.
455 3268 476 3335 θ)
495 3272 567 3330 Quod
582 3272 742 3321 lastinianus
756 3273 853 3321 demum
867 3279 892 3320 et
906 3274 933 3321 ia
948 3274 1060 3338 lepnnda

109 3356 138 3388 re
151 3343 257 3389 mutauit
270 3341 301 3388 L.
319 3343 363 3391 ult.
380 3341 404 3391 C.
420 3343 451 3391 de
466 3344 514 3407 lep.
530 3344 560 3406 (a,
570 3340 616 3406 st).
640 3342 710 3392 Idem
724 3350 762 3392 est
776 3344 803 3391 ia
819 3342 982 3407 oottpattoae.
1003 3345 1027 3405 §-
1038 3356 1058 3396 s.

109 3410 130 3457 I.
145 3411 177 3459 de
190 3411 258 3459 verb.
274 3410 322 3460 obl.
338 3410 369 3474 (s,
385 3412 428 3477 tt).
443 3411 475 3461 L.
489 3424 523 3464 5⁵.
544 3413 574 3460 D.
590 3414 621 3463 de
636 3416 683 3476 lep.
699 3427 719 3464 t.
748 3413 894 3462 Dissimiles
908 3428 985 3463 casas
999 3429 1060 3464 eon·

109 3481 223 3528 tineatar
237 3479 268 3532 1..
283 3492 316 3531 ie.
331 3492 358 3531 te
369 3497 412 3544 pr.
432 3483 463 3530 I).
478 3483 510 3531 de
524 3489 596 3531 mort.
612 3500 633 3531 c.
649 3484 708 3532 dna.
723 3481 768 3546 (tu,
783 3483 813 3547 u).
888 3480 964 3548 ¹)Se.
981 3485 1018 3533 ita
1033 3490 1060 3533 ut

105 3556 282 3610 postmortem
294 3553 358 3608 eins,
373 3554 416 3600 eui
430 3552 506 3600 datas
519 3559 591 3606 esset.
607 3552 642 3599 ad
655 3559 678 3600 te
692 3554 798 3601 rediret.
872 3549 893 3617 ⁸)
908 3555 925 3601 i.
940 3569 961 3602 e.
977 3561 1059 3603 tannen

109 3618 145 3666 ori
164 3634 219 3668 enm
242 3621 337 3669 redibit
360 3621 466 3681 ususfr..
490 3623 564 3668 caius
583 3623 672 3669 mortis
690 3629 802 3684 ternpore
821 3625 972 3686 proprietas
994 3625 1060 3679 eries

108 3704 167 3736 narn
180 3690 285 3739 donatio
299 3691 424 3740 eiusmodi
437 3692 515 3746 uniet,
538 3706 593 3738 eum
612 3692 708 3753 ususfr.
723 3692 760 3739 od
776 3699 872 3755 tempas
891 3693 953 3741 deri
967 3695 1058 3755 possit.

110 3755 131 3822 9)
147 3759 185 3820 Cf.
200 3759 232 3808 l..
247 3771 280 3810 12.
308 3760 333 3809 0.
349 3760 380 3808 de
394 3761 452 3809 don.
468 3775 484 3807 a
499 3767 569 3821 nupt.
588 3757 619 3821 (5.
633 3759 664 3823 ³).
740 3757 773 3825 ¹⁰)
787 3773 835 3812 *a
854 3761 911 3810 Vut.
929 3759 984 3810 ‘In'
1000 3763 1058 3811 edd.

110 3823 171 3876 ‘De’
187 3831 263 3877 etiam
278 3829 390 3879 ittonae.
420 3830 514 3879 Postea
529 3844 581 3891 pro
595 3830 717 3879 retinendo
731 3833 816 3879 malim
830 3846 875 3879 nou
890 3831 1022 3880 retinendo.

112 3892 143 3960 ²¹)
159 3897 197 3961 Cf.
213 3901 252 3960 ξς.
267 3901 327 3950 aaa&
342 3910 388 3950 ess.
