2378 4386
170 511 234 578 532
467 526 534 564 sucu
551 526 646 563 savara
664 525 737 562 seur.
756 506 789 560 V.
807 512 832 560 i.

170 667 300 733 possuntt
321 658 421 714 crimen
436 657 524 725 euim,
545 653 618 728 quod
638 653 792 710 ’uindictam
807 649 872 709 sut¹
895 653 1042 711 calumniae
1056 654 1129 711 iudi·

170 745 240 799 cium
256 747 405 814 exspectat,
422 755 471 814 per
485 738 553 795 alios
567 737 670 794 intendi
687 754 742 794 nou
757 745 857 812 potest.
894 734 939 795 to.
956 731 1017 793 ²tu
1027 739 1127 796 iniuria

169 833 264 882 contra
289 824 377 881 isonos
397 839 502 893 mores,
530 822 616 878 ueiuti
637 823 660 877 si
682 822 742 895 quis
768 821 831 878 dmo
851 831 982 895 corrupto
1009 821 1127 895 aliquem

169 908 329 984 perfuderit,
346 923 444 978 coeno,
459 906 518 963 iuto
533 905 700 975 oisiiniuerit,
716 921 800 979 aquas
814 908 993 980 spurcauerit‚
1009 904 1126 976 iistuias,

170 994 257 1062 iacus,
281 991 380 1064 quidus
399 990 471 1047 aliud
487 991 513 1046 in
527 991 651 1046 iniuriam
673 988 805 1062 publicam
824 990 1060 1047 contamiuauerit.
1098 993 1126 1047 itt

170 1093 239 1150 quos
254 1076 374 1150 gratuiter
388 1074 563 1130 animaduerti
585 1073 665 1129 solet.
702 1070 748 1130 14.
771 1068 842 1139 ³Qat
856 1089 942 1146 puero
958 1082 1126 1146 praetextato

170 1170 296 1234 stuprum
311 1158 418 1216 aliudue
433 1157 577 1232 flagitium,
592 1156 708 1213 aitducto
724 1156 756 1212 ait
772 1172 804 1213 ec
818 1157 860 1213 oei
874 1166 1003 1231 corrupto
1016 1161 1125 1228 comite,

170 1245 350 1318 persuaserit,
370 1241 510 1299 mulierem
531 1241 684 1316 puciiamue
699 1241 928 1313 intorpeiiaucrit,
950 1241 1050 1315 quidue
1065 1258 1125 1299 oor·

170 1328 333 1401 rumpendae
349 1326 491 1400 pudicitiae
513 1327 599 1399 gratia
621 1324 732 1395 iecerit,
754 1323 864 1379 domium
880 1324 1049 1397 praebuerit,
1065 1341 1125 1399 pre·

171 1416 286 1482 tiumue,
307 1427 362 1484 quo
384 1410 409 1465 id
426 1409 598 1483 persuadeat,
623 1408 744 1478 dederit,
766 1407 889 1480 perfecto
912 1408 1013 1482 iiagitio
1035 1412 1124 1483 capite

170 1499 296 1570 punitur;
319 1494 478 1568 imperfecto
493 1495 520 1549 in
542 1492 657 1549 insulam
679 1491 852 1566 deportatur,
876 1495 997 1564 corrupti
1011 1494 1125 1549 comites

170 1595 275 1635 summo
291 1578 424 1651 suppiicio
439 1575 604 1634 aiiiciuatur.
649 1569 709 1633 ⁴15.
733 1570 803 1642 δΟιιΙ
826 1592 932 1634 carmen
950 1577 1080 1632 famosum
1095 1578 1123 1632 in

170 1664 291 1718 iniuriam
307 1663 420 1718 aiiooius
437 1660 480 1717 uci
497 1660 547 1716 aiia
563 1657 697 1732 quaeiilset
712 1663 825 1730 cantica,
837 1674 892 1732 quo
902 1663 1011 1733 agnosci
1023 1660 1123 1733 possit,

171 1748 369 1821 composuerit,
391 1760 424 1800 es
439 1746 600 1800 auctoritate
615 1742 770 1815 amplissimi
791 1743 893 1799 ordinis
908 1745 934 1799 iu
950 1743 1063 1799 insutum
1077 1743 1123 1800 de·

170 1838 310 1904 portatur:
326 1831 441 1885 interest
455 1829 525 1883 euim
541 1825 664 1899 publicae
679 1826 844 1899 disciplinae,
860 1829 1014 1900 opinionem
1031 1828 1124 1884 unius·

170 1916 302 1988 cuiusque
317 1929 332 1968 a
346 1903 464 1985 ‘turpis⁸
478 1912 603 1967 carminis
623 1910 729 1965 iniamis
747 1909 893 1967 uindicare.
929 1910 1039 1966 Carmen
1059 1910 1125 1968 iacit

170 2014 226 2054 non
249 2006 369 2067 tantum,
392 1996 438 2067 qni
460 1996 557 2050 satiras
572 2003 600 2051 et
614 1996 823 2067 epigrammata,
845 1993 893 2050 sed
913 1986 962 2065 ’iet
983 1994 1043 2068 qui)
1059 1994 1124 2067 quid

171 2081 243 2138 aiiud
264 2081 316 2136 aiio
340 2094 440 2152 genere
463 2080 610 2150 componit.
648 2078 683 2133 iic
704 2078 825 2151 legitima
842 2078 989 2135 insectandi
1010 2077 1124 2134 aiicuius

170 2181 250 2221 causa
273 2158 449 2236 (composita)
474 2154 616 2217 oratioue⁷
646 2171 673 2218 ct
700 2161 744 2217 'de
770 2166 968 2235 perstrictione
990 2161 1125 2219 diuersae

244 2378 264 2446 ¹)
279 2381 397 2431 uindictae
412 2389 452 2431 sut
465 2397 500 2431 ena
510 2384 643 2446 plerisque
655 2382 716 2432 cdd.
727 2383 783 2431 edd.
791 2400 800 2438 ,·
811 2399 863 2446 pro
874 2391 913 2432 aut
922 2392 959 2433 est
969 2398 1012 2447 per
1021 2385 1048 2432 iu
1060 2384 1122 2434 cad.

171 2466 191 2504 1.
206 2463 228 2504 2.
242 2463 262 2502 t.
277 2463 298 2504 t.
314 2463 333 2502 s.
358 2450 429 2501 Unde
442 2455 574 2516 suspicere
589 2468 643 2502 esse
658 2454 789 2518 dependam
800 2454 928 2503 uindictam
944 2469 994 2517 per.
1018 2452 1071 2503 Sed
1080 2457 1124 2504 lex

173 2524 292 2573 Cornelia
306 2522 338 2571 de
353 2524 467 2580 iniuriis,
483 2531 510 2572 ut
520 2531 612 2587 postea
627 2525 670 2572 decc
680 2523 749 2572 Iulia
764 2524 796 2572 de
810 2524 947 2573 adulteriis
957 2524 1059 2589 (Coitat.
1070 2536 1092 2582 t,
1101 2537 1121 2575 t.

170 2596 193 2656 fl.
209 2592 250 2660 1.),
264 2595 383 2643 sanxisse
393 2595 503 2652 uidetur,
514 2601 542 2642 ut
551 2595 652 2643 omnino
663 2595 707 2657 pui
717 2594 925 2644 condemnatione
934 2597 975 2643 rei
984 2596 1123 2644 uindictam

170 2681 222 2716 non
235 2672 428 2728 assequeretur,
448 2666 591 2714 calumniae
610 2664 734 2712 iudicium
749 2663 854 2713 subiret.
885 2665 1000 2714 Ceterum
1014 2666 1048 2728 cs.
1063 2668 1086 2727 ἕ.
1101 2677 1122 2717 t.

171 2736 192 2785 Ι.
208 2736 231 2785 tt.
248 2744 264 2784 t.
280 2736 312 2801 (e,
326 2734 357 2799 t).
414 2731 434 2800 ¹)
450 2735 532 2783 Extat
545 2736 621 2783 etiam
636 2736 662 2781 in
678 2734 708 2781 t.
726 2747 744 2783 1.
760 2736 782 2794 §-
799 2735 869 2793 1.,0.
885 2735 917 2783 de
931 2742 1033 2785 entrao.
1049 2738 1121 2785 erint.

170 2807 216 2872 (st,
231 2804 274 2870 11).
335 2802 356 2868 ³)
372 2804 418 2853 Est
433 2808 508 2853 etiam
523 2804 554 2853 L.
570 2817 589 2854 1.
605 2807 627 2865 5.
644 2815 664 2852 s.
685 2803 717 2852 1).
732 2805 787 2853 eati.
803 2807 829 2853 in
844 2805 993 2869 quidusdam
1007 2808 1121 2855 varians.

173 2875 193 2942 ⁴)
208 2876 253 2925 Era
269 2876 330 2924 Gdd.
346 2873 373 2924 S.
386 2874 468 2924 Germ.
484 2874 538 2938 (udi
548 2874 684 2938 praecedit
699 2875 810 2939 interpr.)
824 2886 844 2925 e.
861 2887 894 2926 ts.
910 2887 943 2927 te.
959 2887 992 2927 ott.
1044 2874 1066 2941 ὓ)
1083 2877 1120 2938 Cf.

171 2947 202 2995 1,.
217 2957 238 2998 c.
257 2948 296 3007 ξς.
312 2957 393 2995 s—rs.
410 2945 440 2993 L.
456 2958 476 2997 c.
500 2945 532 2993 D.
548 2945 580 2994 de
595 2946 673 2993 iniur.
689 2944 734 3007 (sa,
751 2944 794 3007 so).
820 2944 899 2994 Tacit.
915 2945 947 2994 A.
964 2959 997 3005 rt,
1012 2956 1045 2997 to.

171 3013 194 3081 ο)
210 3016 254 3065 Gd.
268 3028 288 3065 s.
309 3015 371 3077 turpi
386 3018 477 3073 ceteri,
492 3016 550 3064 edd.
616 3012 636 3078 ¹)
650 3014 796 3076 iiicgitimsm
816 3014 864 3079 (nei
879 3017 1006 3075 legitimam
1023 3017 1083 3066 Cdd.
1098 3028 1119 3066 tt.

171 3098 205 3137 1³.
219 3096 253 3136 tte.
268 3083 313 3147 tte.)
333 3086 463 3134 insectandi
479 3085 578 3134 alicuius
592 3099 688 3134 sarisam
703 3086 789 3148 quidue
804 3086 867 3134 siind
885 3087 931 3134 aiio
950 3101 1035 3148 genere
1054 3100 1122 3135 cotn-

170 3156 245 3219 ponit.
272 3155 306 3203 lie
321 3156 412 3204 ratione
429 3156 490 3205 Cdd.
501 3156 558 3205 edd.
571 3155 656 3204 Cuiac.
668 3162 745 3205 totam
755 3159 906 3205 sententiam
921 3159 982 3207 inde
994 3173 1011 3207 a
1024 3173 1048 3206 o.
1063 3157 1122 3206 Cor·

171 3240 224 3274 men
239 3226 296 3273 iacit
311 3241 361 3287 pro
376 3229 467 3289 spuria
481 3232 528 3275 aut
541 3240 593 3289 pro
608 3227 820 3288 interpretatione
838 3227 933 3275 debuit.
962 3226 1059 3278 Sennis.
1074 3231 1123 3291 ci:

170 3296 252 3344 sedet
270 3295 416 3358 illegitimum
436 3298 452 3346 i.
472 3312 494 3348 a.
514 3311 585 3344 causa
604 3296 661 3358 quid
680 3295 743 3343 aiitrd
763 3312 783 3344 s.
799 3313 821 3358 g.
840 3299 961 3359 componit
979 3306 1036 3356 etc,
1055 3299 1124 3362 quod

169 3367 235 3416 satis
248 3381 298 3415 non
310 3368 386 3430 saeit.
415 3367 471 3432 Epo
491 3368 569 3417 totius
588 3367 639 3415 toci
657 3369 805 3415 sententiam
820 3376 957 3430 reputans,
975 3370 1015 3417 sic
1028 3375 1123 3427 statuo,

170 3438 306 3487 redeuntia
320 3437 397 3487 uerba
411 3439 507 3486 similia
522 3438 642 3499 componit
652 3436 680 3484 de
691 3444 715 3486 et
726 3439 857 3500 composita
868 3454 893 3487 o·
905 3441 931 3487 in
942 3454 1022 3488 causa
1029 3440 1122 3501 fuisse,

170 3516 198 3556 ut
211 3508 275 3557 liaeo
289 3510 346 3570 ipsa
361 3516 385 3556 et
399 3522 464 3571 quae
477 3507 629 3556 intermedia
642 3515 710 3569 sunt,
725 3508 876 3557 exciderent
885 3517 910 3558 et
919 3510 1012 3558 deinde
1022 3512 1124 3560 omissis

169 3586 252 3627 tamen
267 3580 321 3627 iilis
334 3579 465 3640 composite
480 3594 494 3625 o
508 3584 627 3641 tanquam
640 3578 711 3639 salsa
726 3580 885 3640 repetitione,
900 3581 986 3629 atiena
997 3583 1053 3631 ioco
1063 3588 1123 3630 ante

169 3648 226 3710 quid
236 3646 291 3713 (udi
305 3655 329 3696 et
342 3649 382 3711 qui
390 3646 581 3712 geminandum)
592 3648 777 3709 insererentur,
787 3664 836 3712 quo
849 3651 922 3711 sacto
933 3651 1078 3711 iiiegitimam
1090 3660 1122 3689 -'

169 3732 265 3766 causam
280 3726 304 3767 et
318 3718 405 3781 quidue
419 3720 544 3780 seriptum
558 3725 603 3766 est.
636 3717 789 3781 Lepitimam
808 3721 855 3768 ias.
871 3722 904 3769 ai.
921 3737 943 3772 e.
959 3724 1123 3784 compositam

169 3790 310 3838 orationem
324 3789 439 3852 inteiiipe
453 3789 564 3850 exempli
575 3790 665 3851 pratia
680 3789 706 3837 in
721 3796 811 3837 senatu
826 3799 917 3840 contra
936 3794 1028 3839 rnaiurn
1043 3795 1122 3841 ciuem

168 3857 286 3906 debitam.
