<?xml version="1.0" encoding="UTF-8"?>
<!DOCTYPE html PUBLIC "-//W3C//DTD XHTML 1.0 Transitional//EN"
    "http://www.w3.org/TR/xhtml1/DTD/xhtml1-transitional.dtd">
<html xmlns="http://www.w3.org/1999/xhtml" xml:lang="en" lang="en">
 <head>
  <title>
</title>
<meta http-equiv="Content-Type" content="text/html;charset=utf-8" />
  <meta name='ocr-system' content='tesseract 3.04.00' />
  <meta name='ocr-capabilities' content='ocr_page ocr_carea ocr_par ocr_line ocrx_word'/>
</head>
<body>
  <div class='ocr_page' id='page_1' title='image "./iurisprvdentiae00huscgoog_0488.png"; bbox 0 0 2378 4386; ppageno 0'>
   <div class='ocr_carea' id='block_1_1' title="bbox 424 525 1024 588">
    <p class='ocr_par' dir='ltr' id='par_1_1' title="bbox 424 525 1024 588">
     <span class='ocr_line' id='line_1_1' title="bbox 424 525 1024 588; baseline 0.025 -15"><span class='ocrx_word' id='word_1_1' title='bbox 424 539 516 574; x_wconf 72' lang='lat' dir='ltr'>waiva</span> <span class='ocrx_word' id='word_1_2' title='bbox 534 538 661 576; x_wconf 68' lang='lat' dir='ltr'>PAVLLVS·</span> <span class='ocrx_word' id='word_1_3' title='bbox 962 525 1024 588; x_wconf 72' lang='grc'>453</span> 
     </span>
    </p>
   </div>
   <div class='ocr_carea' id='block_1_2' title="bbox 10 671 1025 3715">
    <p class='ocr_par' dir='ltr' id='par_1_2' title="bbox 61 671 1023 741">
     <span class='ocr_line' id='line_1_2' title="bbox 61 671 1023 741; baseline 0.004 -16"><span class='ocrx_word' id='word_1_4' title='bbox 61 672 121 737; x_wconf 84' lang='lat' dir='ltr'>tur,</span> <span class='ocrx_word' id='word_1_5' title='bbox 143 686 199 725; x_wconf 90' lang='lat' dir='ltr'>non</span> <span class='ocrx_word' id='word_1_6' title='bbox 217 672 277 725; x_wconf 87' lang='lat' dir='ltr'>tam</span> <span class='ocrx_word' id='word_1_7' title='bbox 299 671 439 741; x_wconf 75' lang='lat' dir='ltr'><strong>corrigere</strong></span> <span class='ocrx_word' id='word_1_8' title='bbox 458 688 536 737; x_wconf 87' lang='lat' dir='ltr'>eum,</span> <span class='ocrx_word' id='word_1_9' title='bbox 581 689 645 727; x_wconf 91' lang='lat' dir='ltr'>uam</span> <span class='ocrx_word' id='word_1_10' title='bbox 668 674 703 728; x_wconf 87' lang='lat' dir='ltr'>de</span> <span class='ocrx_word' id='word_1_11' title='bbox 725 689 822 728; x_wconf 76' lang='lat' dir='ltr'>muare</span> <span class='ocrx_word' id='word_1_12' title='bbox 840 674 1023 739; x_wconf 87' lang='lat' dir='ltr'>maluerunt&#39;,</span> 
     </span>
    </p>

    <p class='ocr_par' dir='ltr' id='par_1_3' title="bbox 61 690 1024 810">
     <span class='ocr_line' id='line_1_3' title="bbox 61 690 1024 810; baseline 0.005 -17"><span class='ocrx_word' id='word_1_13' title='bbox 61 739 170 794; x_wconf 78' lang='lat' dir='ltr'>aboleri</span> <span class='ocrx_word' id='word_1_14' title='bbox 208 740 284 793; x_wconf 88' lang='lat' dir='ltr'>raeci</span> <span class='ocrx_word' id='word_1_15' title='bbox 306 741 367 793; x_wconf 88' lang='lat' dir='ltr'>crat</span> <span class='ocrx_word' id='word_1_16' title='bbox 389 739 434 804; x_wconf 83' lang='lat' dir='ltr'>(ci.</span> <span class='ocrx_word' id='word_1_17' title='bbox 455 739 484 792; x_wconf 85' lang='lat' dir='ltr'>L.</span> <span class='ocrx_word' id='word_1_18' title='bbox 504 758 547 797; x_wconf 86' lang='lat' dir='ltr'>uu¹</span> <span class='ocrx_word' id='word_1_19' title='bbox 560 690 618 795; x_wconf 42' lang='lat' dir='ltr'>alh.</span> <span class='ocrx_word' id='word_1_20' title='bbox 638 742 668 796; x_wconf 85' lang='lat' dir='ltr'>C.</span> <span class='ocrx_word' id='word_1_21' title='bbox 713 758 728 795; x_wconf 89' lang='lat' dir='ltr'>e</span> <span class='ocrx_word' id='word_1_22' title='bbox 752 745 824 796; x_wconf 89' lang='lat' dir='ltr'>sent.</span> <span class='ocrx_word' id='word_1_23' title='bbox 846 757 919 810; x_wconf 89' lang='lat' dir='ltr'>pass.</span> <span class='ocrx_word' id='word_1_24' title='bbox 939 747 964 807; x_wconf 80' lang='grc'>9,</span> <span class='ocrx_word' id='word_1_25' title='bbox 981 748 1024 799; x_wconf 81' lang='grc'>43.</span> 
     </span>
    </p>

    <p class='ocr_par' dir='ltr' id='par_1_4' title="bbox 61 757 1025 888">
     <span class='ocr_line' id='line_1_4' title="bbox 61 757 1025 888; baseline 0.003 -28"><span class='ocrx_word' id='word_1_26' title='bbox 61 806 92 861; x_wconf 88' lang='lat' dir='ltr'>L.</span> <span class='ocrx_word' id='word_1_27' title='bbox 112 814 135 861; x_wconf 93' lang='lat'>1.</span> <span class='ocrx_word' id='word_1_28' title='bbox 159 757 210 864; x_wconf 68' lang='lat' dir='ltr'>Ti.</span> <span class='ocrx_word' id='word_1_29' title='bbox 229 806 258 865; x_wconf 84' lang='lat' dir='ltr'>C</span> <span class='ocrx_word' id='word_1_30' title='bbox 282 757 317 861; x_wconf 67' lang='lat' dir='ltr'>de</span> <span class='ocrx_word' id='word_1_31' title='bbox 340 822 412 883; x_wconf 81' lang='lat' dir='ltr'>resp.</span> <span class='ocrx_word' id='word_1_32' title='bbox 436 809 517 886; x_wconf 79' lang='lat' dir='ltr'>prud.</span> <span class='ocrx_word' id='word_1_33' title='bbox 541 816 565 885; x_wconf 68' lang='lat' dir='ltr'>J,</span> <span class='ocrx_word' id='word_1_34' title='bbox 588 811 623 876; x_wconf 78' lang='grc'>4),</span> <span class='ocrx_word' id='word_1_35' title='bbox 661 809 742 873; x_wconf 79' lang='lat' dir='ltr'>Quod</span> <span class='ocrx_word' id='word_1_36' title='bbox 764 810 832 863; x_wconf 90' lang='lat' dir='ltr'>item</span> <span class='ocrx_word' id='word_1_37' title='bbox 858 809 970 888; x_wconf 81' lang='lat' dir='ltr'>deinde,</span> <span class='ocrx_word' id='word_1_38' title='bbox 993 813 1025 863; x_wconf 89' lang='lat' dir='ltr'>ut·</span> 
     </span>
    </p>

    <p class='ocr_par' dir='ltr' id='par_1_5' title="bbox 61 874 1024 946">
     <span class='ocr_line' id='line_1_5' title="bbox 61 874 1024 946; baseline 0.003 -18"><span class='ocrx_word' id='word_1_39' title='bbox 61 877 142 929; x_wconf 88' lang='lat' dir='ltr'>tanto</span> <span class='ocrx_word' id='word_1_40' title='bbox 159 892 188 928; x_wconf 94' lang='lat' dir='ltr'>m</span> <span class='ocrx_word' id='word_1_41' title='bbox 238 876 346 928; x_wconf 88' lang='lat' dir='ltr'>smodo</span> <span class='ocrx_word' id='word_1_42' title='bbox 359 891 388 927; x_wconf 88' lang='lat' dir='ltr'>rn</span> <span class='ocrx_word' id='word_1_43' title='bbox 399 874 548 942; x_wconf 82' lang='lat' dir='ltr'>Papiniani</span> <span class='ocrx_word' id='word_1_44' title='bbox 566 875 701 929; x_wconf 85' lang='lat' dir='ltr'>honorem</span> <span class='ocrx_word' id='word_1_45' title='bbox 719 877 902 946; x_wconf 84' lang='lat' dir='ltr'>praeceptum</span> <span class='ocrx_word' id='word_1_46' title='bbox 915 876 1024 932; x_wconf 80' lang='lat' dir='ltr'>rudere·</span> 
     </span>
    </p>

    <p class='ocr_par' dir='ltr' id='par_1_6' title="bbox 10 891 1025 2760">
     <span class='ocr_line' id='line_1_6' title="bbox 10 891 1024 1021; baseline 0.004 -27"><span class='ocrx_word' id='word_1_47' title='bbox 10 945 116 1009; x_wconf 75' lang='lat' dir='ltr'>scitur,</span> <span class='ocrx_word' id='word_1_48' title='bbox 140 941 176 996; x_wconf 86' lang='lat' dir='ltr'>ad</span> <span class='ocrx_word' id='word_1_49' title='bbox 190 891 330 996; x_wconf 50' lang='lat' dir='ltr'>limiam</span> <span class='ocrx_word' id='word_1_50' title='bbox 348 942 377 994; x_wconf 90' lang='lat' dir='ltr'>in</span> <span class='ocrx_word' id='word_1_51' title='bbox 396 959 461 996; x_wconf 89' lang='lat' dir='ltr'>eum</span> <span class='ocrx_word' id='word_1_52' title='bbox 484 944 570 1019; x_wconf 40' lang='lat' dir='ltr'>notas·</span> <span class='ocrx_word' id='word_1_53' title='bbox 588 944 755 1021; x_wconf 80' lang='lat' dir='ltr'>translatum</span> <span class='ocrx_word' id='word_1_54' title='bbox 778 947 820 998; x_wconf 87' lang='lat' dir='ltr'>est</span> <span class='ocrx_word' id='word_1_55' title='bbox 842 944 945 1010; x_wconf 84' lang='lat' dir='ltr'>(Cenat.</span> <span class='ocrx_word' id='word_1_56' title='bbox 965 944 1024 999; x_wconf 89' lang='lat' dir='ltr'>Deo</span> 
     </span>
     <span class='ocr_line' id='line_1_7' title="bbox 62 1009 1024 1078; baseline 0.002 -14"><span class='ocrx_word' id='word_1_57' title='bbox 62 1012 176 1064; x_wconf 88' lang='lat' dir='ltr'>auctore</span> <span class='ocrx_word' id='word_1_58' title='bbox 194 1014 216 1075; x_wconf 68' lang='grc' dir='ltr'>ξ.</span> <span class='ocrx_word' id='word_1_59' title='bbox 230 1015 266 1071; x_wconf 82' lang='grc'>6).</span> <span class='ocrx_word' id='word_1_60' title='bbox 296 1009 352 1063; x_wconf 85' lang='lat' dir='ltr'>Sed</span> <span class='ocrx_word' id='word_1_61' title='bbox 368 1009 454 1064; x_wconf 90' lang='lat' dir='ltr'>hoco</span> <span class='ocrx_word' id='word_1_62' title='bbox 476 1010 620 1078; x_wconf 84' lang='lat' dir='ltr'>probrrum</span> <span class='ocrx_word' id='word_1_63' title='bbox 639 1029 668 1063; x_wconf 86' lang='lat' dir='ltr'>ur</span> <span class='ocrx_word' id='word_1_64' title='bbox 685 1011 847 1065; x_wconf 83' lang='lat' dir='ltr'>universum</span> <span class='ocrx_word' id='word_1_65' title='bbox 860 1011 958 1065; x_wconf 80' lang='lat' dir='ltr'>Paullo</span> <span class='ocrx_word' id='word_1_66' title='bbox 977 1011 1024 1066; x_wconf 89' lang='lat' dir='ltr'>de-</span> 
     </span>
     <span class='ocr_line' id='line_1_8' title="bbox 61 1027 1025 1144; baseline 0.001 -12"><span class='ocrx_word' id='word_1_67' title='bbox 61 1078 181 1132; x_wconf 81' lang='lat' dir='ltr'>traxisse</span> <span class='ocrx_word' id='word_1_68' title='bbox 199 1077 320 1144; x_wconf 83' lang='lat' dir='ltr'>videtur,</span> <span class='ocrx_word' id='word_1_69' title='bbox 341 1080 373 1130; x_wconf 87' lang='lat' dir='ltr'>ut</span> <span class='ocrx_word' id='word_1_70' title='bbox 391 1078 436 1132; x_wconf 90' lang='lat' dir='ltr'>vel</span> <span class='ocrx_word' id='word_1_71' title='bbox 449 1027 657 1132; x_wconf 50' lang='lat' dir='ltr'>gententiarum</span> <span class='ocrx_word' id='word_1_72' title='bbox 677 1079 837 1143; x_wconf 88' lang='lat' dir='ltr'>auctoritas,</span> <span class='ocrx_word' id='word_1_73' title='bbox 856 1081 973 1134; x_wconf 77' lang='lat' dir='ltr'>sortasse</span> <span class='ocrx_word' id='word_1_74' title='bbox 992 1081 1025 1133; x_wconf 92' lang='lat' dir='ltr'>ut</span> 
     </span>
     <span class='ocr_line' id='line_1_9' title="bbox 62 1145 1024 1214; baseline 0 -14"><span class='ocrx_word' id='word_1_75' title='bbox 62 1147 100 1200; x_wconf 89' lang='lat' dir='ltr'>ab</span> <span class='ocrx_word' id='word_1_76' title='bbox 119 1145 200 1200; x_wconf 85' lang='lat' dir='ltr'>exule</span> <span class='ocrx_word' id='word_1_77' title='bbox 219 1145 373 1199; x_wconf 85' lang='lat' dir='ltr'>editarum¹</span> <span class='ocrx_word' id='word_1_78' title='bbox 394 1145 468 1199; x_wconf 87' lang='lat' dir='ltr'>etin</span> <span class='ocrx_word' id='word_1_79' title='bbox 488 1145 589 1214; x_wconf 89' lang='lat' dir='ltr'>quibus</span> <span class='ocrx_word' id='word_1_80' title='bbox 608 1163 642 1201; x_wconf 87' lang='lat' dir='ltr'>ex</span> <span class='ocrx_word' id='word_1_81' title='bbox 659 1148 787 1201; x_wconf 89' lang='lat' dir='ltr'>instituto</span> <span class='ocrx_word' id='word_1_82' title='bbox 809 1146 904 1200; x_wconf 89' lang='lat' dir='ltr'>nullus</span> <span class='ocrx_word' id='word_1_83' title='bbox 927 1149 1024 1202; x_wconf 87' lang='lat' dir='ltr'>auctor</span> 
     </span>
     <span class='ocr_line' id='line_1_10' title="bbox 61 1212 1025 1282; baseline 0.001 -14"><span class='ocrx_word' id='word_1_84' title='bbox 61 1230 153 1282; x_wconf 87' lang='lat' dir='ltr'>neque</span> <span class='ocrx_word' id='word_1_85' title='bbox 171 1212 340 1267; x_wconf 78' lang='lat' dir='ltr'>laudabatur</span> <span class='ocrx_word' id='word_1_86' title='bbox 359 1229 448 1281; x_wconf 90' lang='lat' dir='ltr'>neque</span> <span class='ocrx_word' id='word_1_87' title='bbox 468 1214 741 1281; x_wconf 82' lang='lat' dir='ltr'>reprehendebatur,</span> <span class='ocrx_word' id='word_1_88' title='bbox 760 1216 816 1268; x_wconf 91' lang='lat' dir='ltr'>iam</span> <span class='ocrx_word' id='word_1_89' title='bbox 835 1216 920 1268; x_wconf 88' lang='lat' dir='ltr'>antea</span> <span class='ocrx_word' id='word_1_90' title='bbox 938 1214 1025 1269; x_wconf 85' lang='lat' dir='ltr'>dubia</span> 
     </span>
     <span class='ocr_line' id='line_1_11' title="bbox 61 1280 1024 1351; baseline 0 -16"><span class='ocrx_word' id='word_1_91' title='bbox 61 1298 158 1336; x_wconf 88' lang='lat' dir='ltr'>rursus</span> <span class='ocrx_word' id='word_1_92' title='bbox 183 1282 212 1333; x_wconf 89' lang='lat' dir='ltr'>in</span> <span class='ocrx_word' id='word_1_93' title='bbox 240 1280 358 1334; x_wconf 90' lang='lat' dir='ltr'>dubium</span> <span class='ocrx_word' id='word_1_94' title='bbox 386 1283 543 1335; x_wconf 78' lang='lat' dir='ltr'>uocaretur.</span> <span class='ocrx_word' id='word_1_95' title='bbox 585 1283 674 1351; x_wconf 78' lang='lat' dir='ltr'>Igitur</span> <span class='ocrx_word' id='word_1_96' title='bbox 700 1282 832 1335; x_wconf 85' lang='lat' dir='ltr'>sexennio</span> <span class='ocrx_word' id='word_1_97' title='bbox 859 1282 923 1351; x_wconf 87' lang='lat' dir='ltr'>pest</span> <span class='ocrx_word' id='word_1_98' title='bbox 947 1281 1024 1335; x_wconf 89' lang='lat' dir='ltr'>idem</span> 
     </span>
     <span class='ocr_line' id='line_1_12' title="bbox 61 1347 1023 1418; baseline -0.002 -15"><span class='ocrx_word' id='word_1_99' title='bbox 61 1351 100 1403; x_wconf 93' lang='lat' dir='ltr'>im</span> <span class='ocrx_word' id='word_1_100' title='bbox 123 1350 216 1402; x_wconf 86' lang='lat' dir='ltr'>arator</span> <span class='ocrx_word' id='word_1_101' title='bbox 233 1347 269 1402; x_wconf 90' lang='lat' dir='ltr'>ad</span> <span class='ocrx_word' id='word_1_102' title='bbox 288 1348 410 1402; x_wconf 90' lang='lat' dir='ltr'>eundem</span> <span class='ocrx_word' id='word_1_103' title='bbox 428 1347 591 1410; x_wconf 78' lang='lat' dir='ltr'>Maximum.</span> <span class='ocrx_word' id='word_1_104' title='bbox 611 1354 671 1402; x_wconf 91' lang='lat' dir='ltr'>tum</span> <span class='ocrx_word' id='word_1_105' title='bbox 689 1351 864 1418; x_wconf 83' lang='lat' dir='ltr'>praelectum</span> <span class='ocrx_word' id='word_1_106' title='bbox 882 1348 1023 1415; x_wconf 89' lang='lat' dir='ltr'>praetorio</span> 
     </span>
     <span class='ocr_line' id='line_1_13' title="bbox 62 1415 1023 1485; baseline -0.001 -14"><span class='ocrx_word' id='word_1_107' title='bbox 62 1416 106 1471; x_wconf 82' lang='lat' dir='ltr'>Ga</span> <span class='ocrx_word' id='word_1_108' title='bbox 130 1416 232 1480; x_wconf 76' lang='lat' dir='ltr'>arum,</span> <span class='ocrx_word' id='word_1_109' title='bbox 250 1415 422 1480; x_wconf 78' lang='lat' dir='ltr'>dividetur,</span> <span class='ocrx_word' id='word_1_110' title='bbox 441 1416 564 1470; x_wconf 83' lang='lat' dir='ltr'>Treviris</span> <span class='ocrx_word' id='word_1_111' title='bbox 582 1417 673 1485; x_wconf 89' lang='lat' dir='ltr'>legem</span> <span class='ocrx_word' id='word_1_112' title='bbox 692 1424 716 1470; x_wconf 74' lang='lat'>2.</span> <span class='ocrx_word' id='word_1_113' title='bbox 734 1416 785 1473; x_wconf 84' lang='lat' dir='ltr'>Th.</span> <span class='ocrx_word' id='word_1_114' title='bbox 804 1416 834 1470; x_wconf 87' lang='lat' dir='ltr'>C.</span> <span class='ocrx_word' id='word_1_115' title='bbox 855 1416 916 1470; x_wconf 91' lang='lat' dir='ltr'>eod.</span> <span class='ocrx_word' id='word_1_116' title='bbox 937 1416 1023 1480; x_wconf 88' lang='lat' dir='ltr'>misit,</span> 
     </span>
     <span class='ocr_line' id='line_1_14' title="bbox 62 1482 1024 1553; baseline -0.002 -16"><span class='ocrx_word' id='word_1_117' title='bbox 62 1499 120 1553; x_wconf 86' lang='lat' dir='ltr'>qua</span> <span class='ocrx_word' id='word_1_118' title='bbox 136 1482 293 1553; x_wconf 81' lang='lat' dir='ltr'>praefatus,</span> <span class='ocrx_word' id='word_1_119' title='bbox 314 1484 534 1552; x_wconf 86' lang='lat' dir='ltr'>universaquae</span> <span class='ocrx_word' id='word_1_120' title='bbox 552 1484 691 1552; x_wconf 91' lang='lat' dir='ltr'>scriptura</span> <span class='ocrx_word' id='word_1_121' title='bbox 709 1484 800 1538; x_wconf 85' lang='lat' dir='ltr'>Paulli</span> <span class='ocrx_word' id='word_1_122' title='bbox 818 1483 1024 1548; x_wconf 84' lang='lat' dir='ltr'>contineantur,</span> 
     </span>
     <span class='ocr_line' id='line_1_15' title="bbox 61 1550 1025 1618; baseline 0.001 -13"><span class='ocrx_word' id='word_1_123' title='bbox 61 1555 179 1618; x_wconf 88' lang='lat' dir='ltr'>recepta</span> <span class='ocrx_word' id='word_1_124' title='bbox 196 1550 362 1604; x_wconf 88' lang='lat' dir='ltr'>auctoritate</span> <span class='ocrx_word' id='word_1_125' title='bbox 381 1550 519 1604; x_wconf 87' lang='lat' dir='ltr'>firmanda</span> <span class='ocrx_word' id='word_1_126' title='bbox 531 1553 560 1605; x_wconf 91' lang='lat' dir='ltr'>et</span> <span class='ocrx_word' id='word_1_127' title='bbox 572 1552 646 1605; x_wconf 92' lang='lat' dir='ltr'>omni</span> <span class='ocrx_word' id='word_1_128' title='bbox 660 1552 842 1607; x_wconf 88' lang='lat' dir='ltr'>veneratione</span> <span class='ocrx_word' id='word_1_129' title='bbox 856 1551 1025 1606; x_wconf 90' lang='lat' dir='ltr'>celebranda</span> 
     </span>
     <span class='ocr_line' id='line_1_16' title="bbox 60 1615 1024 1754; baseline -0.001 -15"><span class='ocrx_word' id='word_1_130' title='bbox 60 1615 1024 1754; x_wconf 50' lang='lat' dir='ltr'>restittit{illitterati..interf-teiln?nl.</span> 
     </span>
     <span class='ocr_line' id='line_1_17' title="bbox 61 1751 1021 1823; baseline 0 -17"><span class='ocrx_word' id='word_1_131' title='bbox 61 1753 171 1807; x_wconf 91' lang='lat' dir='ltr'>ratione</span> <span class='ocrx_word' id='word_1_132' title='bbox 189 1751 352 1815; x_wconf 85' lang='lat' dir='ltr'>succinctos,</span> <span class='ocrx_word' id='word_1_133' title='bbox 370 1755 399 1806; x_wconf 93' lang='lat' dir='ltr'>in</span> <span class='ocrx_word' id='word_1_134' title='bbox 417 1754 527 1807; x_wconf 85' lang='lat' dir='ltr'>iudiciis</span> <span class='ocrx_word' id='word_1_135' title='bbox 544 1755 668 1823; x_wconf 87' lang='lat' dir='ltr'>prolatos</span> <span class='ocrx_word' id='word_1_136' title='bbox 682 1757 774 1809; x_wconf 81' lang='lat' dir='ltr'>valere</span> <span class='ocrx_word' id='word_1_137' title='bbox 787 1772 842 1809; x_wconf 91' lang='lat' dir='ltr'>uon</span> <span class='ocrx_word' id='word_1_138' title='bbox 855 1755 1021 1808; x_wconf 64' lang='lat' dir='ltr'>dubitatur)</span> 
     </span>
     <span class='ocr_line' id='line_1_18' title="bbox 62 1819 1024 1888; baseline 0 -14"><span class='ocrx_word' id='word_1_139' title='bbox 62 1821 141 1886; x_wconf 82' lang='lat' dir='ltr'>Quae</span> <span class='ocrx_word' id='word_1_140' title='bbox 159 1819 273 1888; x_wconf 90' lang='lat' dir='ltr'>quidem</span> <span class='ocrx_word' id='word_1_141' title='bbox 297 1821 383 1875; x_wconf 81' lang='lat' dir='ltr'>verba</span> <span class='ocrx_word' id='word_1_142' title='bbox 406 1838 468 1874; x_wconf 92' lang='lat' dir='ltr'>cum</span> <span class='ocrx_word' id='word_1_143' title='bbox 493 1839 527 1875; x_wconf 85' lang='lat' dir='ltr'>er</span> <span class='ocrx_word' id='word_1_144' title='bbox 551 1823 588 1875; x_wconf 93' lang='lat' dir='ltr'>im</span> <span class='ocrx_word' id='word_1_145' title='bbox 611 1824 729 1877; x_wconf 86' lang='lat' dir='ltr'>eratoris</span> <span class='ocrx_word' id='word_1_146' title='bbox 751 1823 891 1877; x_wconf 89' lang='lat' dir='ltr'>sententia</span> <span class='ocrx_word' id='word_1_147' title='bbox 913 1823 1024 1875; x_wconf 89' lang='lat' dir='ltr'>tantum</span> 
     </span>
     <span class='ocr_line' id='line_1_19' title="bbox 62 1840 1023 1959; baseline -0.001 -17"><span class='ocrx_word' id='word_1_148' title='bbox 62 1889 98 1942; x_wconf 87' lang='lat' dir='ltr'>ad</span> <span class='ocrx_word' id='word_1_149' title='bbox 117 1887 371 1944; x_wconf 87' lang='lat' dir='ltr'>commendandam</span> <span class='ocrx_word' id='word_1_150' title='bbox 390 1890 462 1943; x_wconf 88' lang='lat' dir='ltr'>inter</span> <span class='ocrx_word' id='word_1_151' title='bbox 480 1894 576 1944; x_wconf 90' lang='lat' dir='ltr'>cetera</span> <span class='ocrx_word' id='word_1_152' title='bbox 591 1840 683 1944; x_wconf 61' lang='lat' dir='ltr'>iarun</span> <span class='ocrx_word' id='word_1_153' title='bbox 700 1891 803 1959; x_wconf 88' lang='lat' dir='ltr'>scripta</span> <span class='ocrx_word' id='word_1_154' title='bbox 816 1889 1023 1944; x_wconf 80' lang='lat' dir='ltr'>Sententiarum</span> 
     </span>
     <span class='ocr_line' id='line_1_20' title="bbox 62 1955 1023 2026; baseline -0.001 -17"><span class='ocrx_word' id='word_1_155' title='bbox 62 1957 259 2011; x_wconf 88' lang='lat' dir='ltr'>auctoritatem</span> <span class='ocrx_word' id='word_1_156' title='bbox 286 1955 357 2009; x_wconf 85' lang='lat' dir='ltr'>forte</span> <span class='ocrx_word' id='word_1_157' title='bbox 385 1957 451 2009; x_wconf 91' lang='lat' dir='ltr'>tuuc</span> <span class='ocrx_word' id='word_1_158' title='bbox 478 1957 634 2012; x_wconf 81' lang='lat' dir='ltr'>lacessitam</span> <span class='ocrx_word' id='word_1_159' title='bbox 666 1959 832 2026; x_wconf 78' lang='lat' dir='ltr'>pertinuisse</span> <span class='ocrx_word' id='word_1_160' title='bbox 866 1957 1023 2023; x_wconf 83' lang='lat' dir='ltr'>videantur,</span> 
     </span>
     <span class='ocr_line' id='line_1_21' title="bbox 62 2022 1023 2095; baseline 0.001 -19"><span class='ocrx_word' id='word_1_161' title='bbox 62 2025 195 2092; x_wconf 87' lang='lat' dir='ltr'>poterant</span> <span class='ocrx_word' id='word_1_162' title='bbox 211 2025 307 2077; x_wconf 84' lang='lat' dir='ltr'>tamen</span> <span class='ocrx_word' id='word_1_163' title='bbox 326 2022 411 2076; x_wconf 85' lang='lat' dir='ltr'>etiam</span> <span class='ocrx_word' id='word_1_164' title='bbox 430 2024 471 2078; x_wconf 90' lang='lat' dir='ltr'>ita</span> <span class='ocrx_word' id='word_1_165' title='bbox 489 2026 591 2094; x_wconf 83' lang='lat' dir='ltr'>accipi,</span> <span class='ocrx_word' id='word_1_166' title='bbox 615 2030 647 2079; x_wconf 92' lang='lat' dir='ltr'>ut</span> <span class='ocrx_word' id='word_1_167' title='bbox 665 2027 791 2095; x_wconf 84' lang='lat' dir='ltr'>singulae</span> <span class='ocrx_word' id='word_1_168' title='bbox 810 2041 938 2094; x_wconf 87' lang='lat' dir='ltr'>quaeque</span> <span class='ocrx_word' id='word_1_169' title='bbox 962 2039 1023 2078; x_wconf 90' lang='lat' dir='ltr'>sen·</span> 
     </span>
     <span class='ocr_line' id='line_1_22' title="bbox 61 2091 1023 2173; baseline -0.001 -28"><span class='ocrx_word' id='word_1_170' title='bbox 61 2091 167 2146; x_wconf 87' lang='lat' dir='ltr'>tentiae</span> <span class='ocrx_word' id='word_1_171' title='bbox 186 2092 221 2146; x_wconf 89' lang='lat' dir='ltr'>ab</span> <span class='ocrx_word' id='word_1_172' title='bbox 239 2091 411 2168; x_wconf 85' lang='lat' dir='ltr'>imperatore</span> <span class='ocrx_word' id='word_1_173' title='bbox 435 2093 616 2147; x_wconf 88' lang='lat' dir='ltr'>confirmatae</span> <span class='ocrx_word' id='word_1_174' title='bbox 639 2097 743 2148; x_wconf 90' lang='lat' dir='ltr'>essent:</span> <span class='ocrx_word' id='word_1_175' title='bbox 768 2095 935 2173; x_wconf 86' lang='lat' dir='ltr'>praesertim</span> <span class='ocrx_word' id='word_1_176' title='bbox 959 2109 1023 2146; x_wconf 90' lang='lat' dir='ltr'>cum</span> 
     </span>
     <span class='ocr_line' id='line_1_23' title="bbox 61 2158 1025 2232; baseline 0.002 -22"><span class='ocrx_word' id='word_1_177' title='bbox 61 2158 104 2212; x_wconf 91' lang='lat' dir='ltr'>ita</span> <span class='ocrx_word' id='word_1_178' title='bbox 121 2159 232 2213; x_wconf 86' lang='lat' dir='ltr'>demum</span> <span class='ocrx_word' id='word_1_179' title='bbox 251 2158 431 2226; x_wconf 83' lang='lat' dir='ltr'>pnviiegium</span> <span class='ocrx_word' id='word_1_180' title='bbox 443 2159 543 2213; x_wconf 89' lang='lat' dir='ltr'>Paullo</span> <span class='ocrx_word' id='word_1_181' title='bbox 562 2162 590 2214; x_wconf 94' lang='lat' dir='ltr'>in</span> <span class='ocrx_word' id='word_1_182' title='bbox 610 2179 665 2216; x_wconf 93' lang='lat' dir='ltr'>uno</span> <span class='ocrx_word' id='word_1_183' title='bbox 683 2163 754 2216; x_wconf 88' lang='lat' dir='ltr'>libro</span> <span class='ocrx_word' id='word_1_184' title='bbox 767 2163 922 2232; x_wconf 82' lang='lat' dir='ltr'>irrogatum</span> <span class='ocrx_word' id='word_1_185' title='bbox 939 2160 1025 2229; x_wconf 83' lang='lat' dir='ltr'>privi-</span> 
     </span>
     <span class='ocr_line' id='line_1_24' title="bbox 63 2225 1024 2297; baseline 0.002 -19"><span class='ocrx_word' id='word_1_186' title='bbox 63 2226 140 2294; x_wconf 88' lang='lat' dir='ltr'>legio</span> <span class='ocrx_word' id='word_1_187' title='bbox 162 2226 192 2279; x_wconf 92' lang='lat' dir='ltr'>in</span> <span class='ocrx_word' id='word_1_188' title='bbox 217 2225 307 2280; x_wconf 87' lang='lat' dir='ltr'>altero</span> <span class='ocrx_word' id='word_1_189' title='bbox 331 2226 397 2279; x_wconf 91' lang='lat' dir='ltr'>dato</span> <span class='ocrx_word' id='word_1_190' title='bbox 420 2231 631 2297; x_wconf 87' lang='lat' dir='ltr'>compensatum</span> <span class='ocrx_word' id='word_1_191' title='bbox 660 2234 688 2284; x_wconf 89' lang='lat' dir='ltr'>et</span> <span class='ocrx_word' id='word_1_192' title='bbox 711 2231 813 2284; x_wconf 90' lang='lat' dir='ltr'>iniuria</span> <span class='ocrx_word' id='word_1_193' title='bbox 834 2245 942 2283; x_wconf 88' lang='lat' dir='ltr'>summo</span> <span class='ocrx_word' id='word_1_194' title='bbox 965 2227 1024 2282; x_wconf 87' lang='lat' dir='ltr'>viro</span> 
     </span>
     <span class='ocr_line' id='line_1_25' title="bbox 63 2293 1024 2363; baseline 0.003 -17"><span class='ocrx_word' id='word_1_195' title='bbox 63 2293 140 2346; x_wconf 87' lang='lat' dir='ltr'>facta</span> <span class='ocrx_word' id='word_1_196' title='bbox 163 2296 320 2363; x_wconf 84' lang='lat' dir='ltr'>exaequata</span> <span class='ocrx_word' id='word_1_197' title='bbox 342 2310 401 2348; x_wconf 88' lang='lat' dir='ltr'>esse</span> <span class='ocrx_word' id='word_1_198' title='bbox 425 2296 576 2350; x_wconf 85' lang='lat' dir='ltr'>videretur.</span> <span class='ocrx_word' id='word_1_199' title='bbox 613 2297 649 2349; x_wconf 87' lang='lat' dir='ltr'>Et</span> <span class='ocrx_word' id='word_1_200' title='bbox 675 2298 716 2351; x_wconf 90' lang='lat' dir='ltr'>ita</span> <span class='ocrx_word' id='word_1_201' title='bbox 739 2314 838 2351; x_wconf 86' lang='lat' dir='ltr'>revera</span> <span class='ocrx_word' id='word_1_202' title='bbox 864 2298 918 2350; x_wconf 89' lang='lat' dir='ltr'>isto</span> <span class='ocrx_word' id='word_1_203' title='bbox 944 2312 1024 2359; x_wconf 87' lang='lat' dir='ltr'>aevo,</span> 
     </span>
     <span class='ocr_line' id='line_1_26' title="bbox 63 2360 1024 2434; baseline 0.002 -20"><span class='ocrx_word' id='word_1_204' title='bbox 63 2360 172 2429; x_wconf 89' lang='lat' dir='ltr'>amplas</span> <span class='ocrx_word' id='word_1_205' title='bbox 190 2377 258 2431; x_wconf 87' lang='lat' dir='ltr'>opes</span> <span class='ocrx_word' id='word_1_206' title='bbox 281 2361 433 2416; x_wconf 83' lang='lat' dir='ltr'>litterariae</span> <span class='ocrx_word' id='word_1_207' title='bbox 455 2363 484 2415; x_wconf 91' lang='lat' dir='ltr'>in</span> <span class='ocrx_word' id='word_1_208' title='bbox 512 2363 571 2417; x_wconf 90' lang='lat' dir='ltr'>dies</span> <span class='ocrx_word' id='word_1_209' title='bbox 598 2366 689 2434; x_wconf 83' lang='lat' dir='ltr'>magis</span> <span class='ocrx_word' id='word_1_210' title='bbox 717 2365 892 2431; x_wconf 82' lang='lat' dir='ltr'>fastidiente,</span> <span class='ocrx_word' id='word_1_211' title='bbox 922 2364 1024 2433; x_wconf 87' lang='lat' dir='ltr'>cupide</span> 
     </span>
     <span class='ocr_line' id='line_1_27' title="bbox 63 2430 1024 2498; baseline 0 -15"><span class='ocrx_word' id='word_1_212' title='bbox 63 2431 181 2498; x_wconf 86' lang='lat' dir='ltr'>accepta</span> <span class='ocrx_word' id='word_1_213' title='bbox 206 2432 280 2483; x_wconf 88' lang='lat' dir='ltr'>eunt.</span> <span class='ocrx_word' id='word_1_214' title='bbox 315 2430 387 2483; x_wconf 86' lang='lat' dir='ltr'>Nam</span> <span class='ocrx_word' id='word_1_215' title='bbox 415 2430 589 2485; x_wconf 86' lang='lat' dir='ltr'>Theodosius</span> <span class='ocrx_word' id='word_1_216' title='bbox 617 2431 650 2489; x_wconf 88' lang='lat' dir='ltr'>ll.</span> <span class='ocrx_word' id='word_1_217' title='bbox 680 2434 710 2486; x_wconf 90' lang='lat' dir='ltr'>et</span> <span class='ocrx_word' id='word_1_218' title='bbox 734 2432 949 2486; x_wconf 84' lang='lat' dir='ltr'>Valentinianus</span> <span class='ocrx_word' id='word_1_219' title='bbox 977 2431 1024 2484; x_wconf 87' lang='grc' dir='ltr'><strong>ΙΙΙ.</strong></span> 
     </span>
     <span class='ocr_line' id='line_1_28' title="bbox 62 2496 1024 2567; baseline 0 -17"><span class='ocrx_word' id='word_1_220' title='bbox 62 2496 126 2567; x_wconf 88' lang='lat' dir='ltr'>lege</span> <span class='ocrx_word' id='word_1_221' title='bbox 145 2504 169 2554; x_wconf 86' lang='grc'>3.</span> <span class='ocrx_word' id='word_1_222' title='bbox 188 2496 238 2555; x_wconf 83' lang='lat' dir='ltr'>Tb.</span> <span class='ocrx_word' id='word_1_223' title='bbox 258 2497 287 2552; x_wconf 84' lang='lat' dir='ltr'>C.</span> <span class='ocrx_word' id='word_1_224' title='bbox 307 2498 367 2555; x_wconf 85' lang='lat' dir='ltr'>eod.</span> <span class='ocrx_word' id='word_1_225' title='bbox 391 2497 427 2552; x_wconf 87' lang='lat' dir='ltr'>ad</span> <span class='ocrx_word' id='word_1_226' title='bbox 451 2500 580 2551; x_wconf 89' lang='lat' dir='ltr'>senatum</span> <span class='ocrx_word' id='word_1_227' title='bbox 603 2500 679 2552; x_wconf 91' lang='lat' dir='ltr'>urbis</span> <span class='ocrx_word' id='word_1_228' title='bbox 697 2499 802 2552; x_wconf 88' lang='lat' dir='ltr'>Romae</span> <span class='ocrx_word' id='word_1_229' title='bbox 826 2515 850 2553; x_wconf 89' lang='lat' dir='ltr'>a.</span> <span class='ocrx_word' id='word_1_230' title='bbox 874 2505 933 2552; x_wconf 80' lang='lat'><strong>426.</strong></span> <span class='ocrx_word' id='word_1_231' title='bbox 955 2499 1024 2551; x_wconf 89' lang='lat' dir='ltr'>data</span> 
     </span>
     <span class='ocr_line' id='line_1_29' title="bbox 62 2564 1023 2641; baseline -0.003 -22"><span class='ocrx_word' id='word_1_232' title='bbox 62 2564 89 2619; x_wconf 87' lang='lat' dir='ltr'>le</span> <span class='ocrx_word' id='word_1_233' title='bbox 112 2580 141 2619; x_wconf 89' lang='lat' dir='ltr'>es</span> <span class='ocrx_word' id='word_1_234' title='bbox 168 2571 191 2619; x_wconf 92' lang='lat'>1.</span> <span class='ocrx_word' id='word_1_235' title='bbox 210 2567 239 2619; x_wconf 90' lang='lat' dir='ltr'>et</span> <span class='ocrx_word' id='word_1_236' title='bbox 261 2572 285 2618; x_wconf 80' lang='lat'>2.</span> <span class='ocrx_word' id='word_1_237' title='bbox 314 2566 372 2622; x_wconf 88' lang='lat' dir='ltr'>citt.</span> <span class='ocrx_word' id='word_1_238' title='bbox 401 2569 561 2634; x_wconf 85' lang='lat' dir='ltr'>repetentes</span> <span class='ocrx_word' id='word_1_239' title='bbox 588 2565 679 2619; x_wconf 90' lang='lat' dir='ltr'>Paulli</span> <span class='ocrx_word' id='word_1_240' title='bbox 707 2566 860 2620; x_wconf 85' lang='lat' dir='ltr'>sententias</span> <span class='ocrx_word' id='word_1_241' title='bbox 888 2581 956 2641; x_wconf 83' lang='lat' dir='ltr'>sem</span> <span class='ocrx_word' id='word_1_242' title='bbox 975 2581 1023 2641; x_wconf 73' lang='lat' dir='ltr'>¹er</span> 
     </span>
     <span class='ocr_line' id='line_1_30' title="bbox 62 2580 1023 2715; baseline -0.005 -27"><span class='ocrx_word' id='word_1_243' title='bbox 62 2580 157 2688; x_wconf 54' lang='lat' dir='ltr'>valere</span> <span class='ocrx_word' id='word_1_244' title='bbox 172 2634 369 2715; x_wconf 81' lang='lat' dir='ltr'>praecipiunt,</span> <span class='ocrx_word' id='word_1_245' title='bbox 388 2634 442 2686; x_wconf 92' lang='lat' dir='ltr'>hoc</span> <span class='ocrx_word' id='word_1_246' title='bbox 461 2635 503 2688; x_wconf 89' lang='lat' dir='ltr'>est</span> <span class='ocrx_word' id='word_1_247' title='bbox 520 2633 637 2702; x_wconf 88' lang='lat' dir='ltr'>perinde</span> <span class='ocrx_word' id='word_1_248' title='bbox 658 2635 702 2687; x_wconf 78' lang='lat' dir='ltr'>‘ao</span> <span class='ocrx_word' id='word_1_249' title='bbox 720 2633 820 2686; x_wconf 85' lang='lat' dir='ltr'>divalia</span> <span class='ocrx_word' id='word_1_250' title='bbox 838 2583 1023 2695; x_wconf 71' lang='lat' dir='ltr'>coustituiio&#39;,</span> 
     </span>
     <span class='ocr_line' id='line_1_31' title="bbox 61 2701 422 2760; baseline 0 -6"><span class='ocrx_word' id='word_1_251' title='bbox 61 2702 95 2755; x_wconf 89' lang='lat' dir='ltr'>ut</span> <span class='ocrx_word' id='word_1_252' title='bbox 112 2701 192 2755; x_wconf 84' lang='lat' dir='ltr'>addit</span> <span class='ocrx_word' id='word_1_253' title='bbox 211 2701 334 2755; x_wconf 90' lang='lat' dir='ltr'>Consult.</span> <span class='ocrx_word' id='word_1_254' title='bbox 357 2707 379 2760; x_wconf 87' lang='grc'>7,</span> <span class='ocrx_word' id='word_1_255' title='bbox 398 2710 422 2756; x_wconf 85' lang='grc'>3.</span> 
     </span>
    </p>

    <p class='ocr_par' dir='ltr' id='par_1_7' title="bbox 61 2765 1025 3715">
     <span class='ocr_line' id='line_1_32' title="bbox 131 2765 1022 2834; baseline -0.006 -12"><span class='ocrx_word' id='word_1_256' title='bbox 131 2768 192 2824; x_wconf 88' lang='lat' dir='ltr'>Hac</span> <span class='ocrx_word' id='word_1_257' title='bbox 215 2769 322 2822; x_wconf 88' lang='lat' dir='ltr'>ratione</span> <span class='ocrx_word' id='word_1_258' title='bbox 351 2768 482 2823; x_wconf 85' lang='lat' dir='ltr'>effectum</span> <span class='ocrx_word' id='word_1_259' title='bbox 509 2770 565 2834; x_wconf 87' lang='lat' dir='ltr'>est,</span> <span class='ocrx_word' id='word_1_260' title='bbox 592 2770 625 2821; x_wconf 92' lang='lat' dir='ltr'>ut</span> <span class='ocrx_word' id='word_1_261' title='bbox 650 2769 678 2821; x_wconf 92' lang='lat' dir='ltr'>in</span> <span class='ocrx_word' id='word_1_262' title='bbox 727 2767 834 2820; x_wconf 81' lang='lat' dir='ltr'>artibus</span> <span class='ocrx_word' id='word_1_263' title='bbox 860 2765 1022 2829; x_wconf 89' lang='lat' dir='ltr'>occidentis,</span> 
     </span>
     <span class='ocr_line' id='line_1_33' title="bbox 61 2785 1024 2904; baseline -0.005 -15"><span class='ocrx_word' id='word_1_264' title='bbox 61 2836 185 2890; x_wconf 82' lang='lat' dir='ltr'>maxime</span> <span class='ocrx_word' id='word_1_265' title='bbox 207 2837 237 2889; x_wconf 91' lang='lat' dir='ltr'>in</span> <span class='ocrx_word' id='word_1_266' title='bbox 256 2835 410 2889; x_wconf 86' lang='lat' dir='ltr'>Galliarum</span> <span class='ocrx_word' id='word_1_267' title='bbox 434 2836 624 2904; x_wconf 82' lang='lat' dir='ltr'>praefectura,</span> <span class='ocrx_word' id='word_1_268' title='bbox 649 2785 740 2890; x_wconf 70' lang='lat' dir='ltr'>Paulli</span> <span class='ocrx_word' id='word_1_269' title='bbox 758 2833 921 2888; x_wconf 84' lang='lat' dir='ltr'>Sententiae</span> <span class='ocrx_word' id='word_1_270' title='bbox 944 2833 1024 2899; x_wconf 89' lang='lat' dir='ltr'>quasi</span> 
     </span>
     <span class='ocr_line' id='line_1_34' title="bbox 62 2903 1023 3025; baseline -0.002 -70"><span class='ocrx_word' id='word_1_271' title='bbox 62 2903 277 3025; x_wconf 47' lang='lat' dir='ltr'>{icutgonlariliissre</span> <span class='ocrx_word' id='word_1_272' title='bbox 296 2911 429 3024; x_wconf 57' lang='lat' dir='ltr'>receptge</span> <span class='ocrx_word' id='word_1_273' title='bbox 441 2920 508 3025; x_wconf 51' lang='lat'>5³⁸⁸?</span> <span class='ocrx_word' id='word_1_274' title='bbox 528 2907 712 3025; x_wconf 48' lang='lat' dir='ltr'>censffrtenturt</span> <span class='ocrx_word' id='word_1_275' title='bbox 725 2906 755 2957; x_wconf 89' lang='lat' dir='ltr'>et</span> <span class='ocrx_word' id='word_1_276' title='bbox 777 2905 892 3024; x_wconf 52' lang='lat' dir='ltr'>ctigncttots</span> <span class='ocrx_word' id='word_1_277' title='bbox 915 2904 1023 3021; x_wconf 61' lang='lat' dir='ltr'>cteteros</span> 
     </span>
     <span class='ocr_line' id='line_1_35' title="bbox 62 2984 1024 3118; baseline -0.004 -26"><span class='ocrx_word' id='word_1_278' title='bbox 62 2984 1024 3118; x_wconf 50' lang='lat' dir='ltr'>..citt..intenditretinnitdtttntzitta</span> 
     </span>
     <span class='ocr_line' id='line_1_36' title="bbox 63 3057 1024 3185; baseline -0.002 -26"><span class='ocrx_word' id='word_1_279' title='bbox 63 3109 310 3174; x_wconf 82' lang='lat' dir='ltr'>cognominaretur</span> <span class='ocrx_word' id='word_1_280' title='bbox 328 3057 460 3169; x_wconf 63' lang='lat' dir='ltr'>(Consult.</span> <span class='ocrx_word' id='word_1_281' title='bbox 475 3114 497 3167; x_wconf 78' lang='lat'>7.</span> <span class='ocrx_word' id='word_1_282' title='bbox 510 3114 533 3161; x_wconf 83' lang='grc'>3.</span> <span class='ocrx_word' id='word_1_283' title='bbox 552 3107 647 3166; x_wconf 81' lang='lat' dir='ltr'>isidor,</span> <span class='ocrx_word' id='word_1_284' title='bbox 663 3108 739 3185; x_wconf 83' lang='lat' dir='ltr'>Ong.</span> <span class='ocrx_word' id='word_1_285' title='bbox 752 3115 776 3169; x_wconf 82' lang='lat' dir='ltr'>t,</span> <span class='ocrx_word' id='word_1_286' title='bbox 790 3113 831 3162; x_wconf 73' lang='lat'>⁸24.</span> <span class='ocrx_word' id='word_1_287' title='bbox 845 3106 868 3165; x_wconf 65' lang='grc' dir='ltr'>ἓ.</span> <span class='ocrx_word' id='word_1_288' title='bbox 878 3106 931 3170; x_wconf 82' lang='grc'><strong>30).</strong></span> <span class='ocrx_word' id='word_1_289' title='bbox 944 3104 1024 3158; x_wconf 82' lang='lat' dir='ltr'>Circa</span> 
     </span>
     <span class='ocr_line' id='line_1_37' title="bbox 63 3171 1023 3242; baseline -0.003 -15"><span class='ocrx_word' id='word_1_290' title='bbox 63 3173 147 3228; x_wconf 87' lang='lat' dir='ltr'>linem</span> <span class='ocrx_word' id='word_1_291' title='bbox 166 3174 241 3229; x_wconf 88' lang='lat' dir='ltr'>enim</span> <span class='ocrx_word' id='word_1_292' title='bbox 255 3174 342 3228; x_wconf 88' lang='lat' dir='ltr'>seculi</span> <span class='ocrx_word' id='word_1_293' title='bbox 355 3174 447 3242; x_wconf 91' lang='lat' dir='ltr'>quinti</span> <span class='ocrx_word' id='word_1_294' title='bbox 456 3178 514 3228; x_wconf 88' lang='lat' dir='ltr'>tam</span> <span class='ocrx_word' id='word_1_295' title='bbox 524 3175 553 3227; x_wconf 93' lang='lat' dir='ltr'>iu</span> <span class='ocrx_word' id='word_1_296' title='bbox 563 3176 775 3229; x_wconf 86' lang='lat' dir='ltr'>Consultatroue</span> <span class='ocrx_word' id='word_1_297' title='bbox 788 3175 818 3227; x_wconf 91' lang='lat' dir='ltr'>et</span> <span class='ocrx_word' id='word_1_298' title='bbox 829 3173 859 3226; x_wconf 91' lang='lat' dir='ltr'>in</span> <span class='ocrx_word' id='word_1_299' title='bbox 868 3172 933 3241; x_wconf 87' lang='lat' dir='ltr'>lege</span> <span class='ocrx_word' id='word_1_300' title='bbox 943 3171 1023 3225; x_wconf 90' lang='lat' dir='ltr'>Rom.</span> 
     </span>
     <span class='ocr_line' id='line_1_38' title="bbox 63 3239 1023 3310; baseline -0.003 -15"><span class='ocrx_word' id='word_1_301' title='bbox 63 3239 120 3295; x_wconf 88' lang='lat' dir='ltr'>Bur</span> <span class='ocrx_word' id='word_1_302' title='bbox 160 3242 305 3303; x_wconf 90' lang='lat' dir='ltr'>ndionum,</span> <span class='ocrx_word' id='word_1_303' title='bbox 317 3259 401 3310; x_wconf 87' lang='lat' dir='ltr'>quam</span> <span class='ocrx_word' id='word_1_304' title='bbox 412 3243 439 3294; x_wconf 91' lang='lat' dir='ltr'>in</span> <span class='ocrx_word' id='word_1_305' title='bbox 451 3242 543 3296; x_wconf 85' lang='lat' dir='ltr'>edicto</span> <span class='ocrx_word' id='word_1_306' title='bbox 555 3242 723 3297; x_wconf 85' lang='lat' dir='ltr'>Theoderici</span> <span class='ocrx_word' id='word_1_307' title='bbox 732 3243 806 3295; x_wconf 92' lang='lat' dir='ltr'>hunc</span> <span class='ocrx_word' id='word_1_308' title='bbox 816 3241 906 3295; x_wconf 90' lang='lat' dir='ltr'>solum</span> <span class='ocrx_word' id='word_1_309' title='bbox 918 3239 1023 3293; x_wconf 89' lang='lat' dir='ltr'>librum</span> 
     </span>
     <span class='ocr_line' id='line_1_39' title="bbox 64 3309 1024 3379; baseline -0.002 -17"><span class='ocrx_word' id='word_1_310' title='bbox 64 3309 129 3363; x_wconf 89' lang='lat' dir='ltr'>adhr</span> <span class='ocrx_word' id='word_1_311' title='bbox 149 3311 219 3364; x_wconf 89' lang='lat' dir='ltr'>itum</span> <span class='ocrx_word' id='word_1_312' title='bbox 237 3309 373 3372; x_wconf 83' lang='lat' dir='ltr'>videmus,</span> <span class='ocrx_word' id='word_1_313' title='bbox 393 3326 428 3363; x_wconf 88' lang='lat' dir='ltr'>ex</span> <span class='ocrx_word' id='word_1_314' title='bbox 447 3310 563 3379; x_wconf 89' lang='lat' dir='ltr'>quoius</span> <span class='ocrx_word' id='word_1_315' title='bbox 585 3311 667 3365; x_wconf 80' lang='lat' dir='ltr'>ciuile</span> <span class='ocrx_word' id='word_1_316' title='bbox 690 3313 804 3379; x_wconf 89' lang='lat' dir='ltr'>praeter</span> <span class='ocrx_word' id='word_1_317' title='bbox 821 3310 1024 3378; x_wconf 87' lang='lat' dir='ltr'>imperatorum</span> 
     </span>
     <span class='ocr_line' id='line_1_40' title="bbox 64 3375 1025 3446; baseline -0.004 -15"><span class='ocrx_word' id='word_1_318' title='bbox 64 3378 278 3431; x_wconf 83' lang='lat' dir='ltr'>constitutiones</span> <span class='ocrx_word' id='word_1_319' title='bbox 304 3379 456 3445; x_wconf 90' lang='lat' dir='ltr'>peteretur.</span> <span class='ocrx_word' id='word_1_320' title='bbox 492 3378 620 3446; x_wconf 91' lang='lat' dir='ltr'>Denique</span> <span class='ocrx_word' id='word_1_321' title='bbox 647 3395 710 3431; x_wconf 89' lang='lat' dir='ltr'>cum</span> <span class='ocrx_word' id='word_1_322' title='bbox 737 3378 835 3445; x_wconf 89' lang='lat' dir='ltr'>paucis</span> <span class='ocrx_word' id='word_1_323' title='bbox 858 3375 938 3430; x_wconf 90' lang='lat' dir='ltr'>aunis</span> <span class='ocrx_word' id='word_1_324' title='bbox 959 3376 1025 3444; x_wconf 89' lang='lat' dir='ltr'>poet</span> 
     </span>
     <span class='ocr_line' id='line_1_41' title="bbox 63 3444 1023 3513; baseline -0.002 -16"><span class='ocrx_word' id='word_1_325' title='bbox 63 3444 190 3499; x_wconf 81' lang='lat' dir='ltr'>Alaricus</span> <span class='ocrx_word' id='word_1_326' title='bbox 208 3445 242 3498; x_wconf 88' lang='lat' dir='ltr'>II.</span> <span class='ocrx_word' id='word_1_327' title='bbox 263 3447 343 3498; x_wconf 87' lang='lat' dir='ltr'>vetus</span> <span class='ocrx_word' id='word_1_328' title='bbox 360 3447 402 3498; x_wconf 89' lang='lat' dir='ltr'>ius</span> <span class='ocrx_word' id='word_1_329' title='bbox 420 3444 449 3497; x_wconf 91' lang='lat' dir='ltr'>in</span> <span class='ocrx_word' id='word_1_330' title='bbox 468 3445 610 3512; x_wconf 89' lang='lat' dir='ltr'>epitomen</span> <span class='ocrx_word' id='word_1_331' title='bbox 630 3446 785 3513; x_wconf 86' lang='lat' dir='ltr'>redigendo</span> <span class='ocrx_word' id='word_1_332' title='bbox 808 3446 904 3513; x_wconf 87' lang='lat' dir='ltr'>legem</span> <span class='ocrx_word' id='word_1_333' title='bbox 923 3445 1023 3497; x_wconf 82' lang='lat' dir='ltr'>itoma-</span> 
     </span>
     <span class='ocr_line' id='line_1_42' title="bbox 63 3510 1023 3589; baseline -0.003 -24"><span class='ocrx_word' id='word_1_334' title='bbox 63 3529 127 3566; x_wconf 88' lang='lat' dir='ltr'>nam</span> <span class='ocrx_word' id='word_1_335' title='bbox 140 3512 221 3580; x_wconf 85' lang='lat' dir='ltr'>regni</span> <span class='ocrx_word' id='word_1_336' title='bbox 234 3511 446 3589; x_wconf 76' lang='lat' dir='ltr'>visigothorum</span> <span class='ocrx_word' id='word_1_337' title='bbox 459 3514 650 3580; x_wconf 84' lang='lat' dir='ltr'>componeret,</span> <span class='ocrx_word' id='word_1_338' title='bbox 669 3513 744 3567; x_wconf 87' lang='lat' dir='ltr'>idem</span> <span class='ocrx_word' id='word_1_339' title='bbox 758 3530 792 3567; x_wconf 88' lang='lat' dir='ltr'>ex</span> <span class='ocrx_word' id='word_1_340' title='bbox 805 3513 863 3565; x_wconf 90' lang='lat' dir='ltr'>inre</span> <span class='ocrx_word' id='word_1_341' title='bbox 877 3511 936 3565; x_wconf 82' lang='lat' dir='ltr'>lere</span> <span class='ocrx_word' id='word_1_342' title='bbox 949 3510 1023 3562; x_wconf 88' lang='lat' dir='ltr'>solos</span> 
     </span>
     <span class='ocr_line' id='line_1_43' title="bbox 64 3578 1022 3647; baseline -0.004 -14"><span class='ocrx_word' id='word_1_343' title='bbox 64 3578 272 3635; x_wconf 79' lang='lat' dir='ltr'>Sententiarum</span> <span class='ocrx_word' id='word_1_344' title='bbox 290 3579 376 3632; x_wconf 91' lang='lat' dir='ltr'>hbros</span> <span class='ocrx_word' id='word_1_345' title='bbox 395 3580 504 3647; x_wconf 81' lang='lat' dir='ltr'>corpori</span> <span class='ocrx_word' id='word_1_346' title='bbox 523 3595 572 3632; x_wconf 92' lang='lat' dir='ltr'>suo</span> <span class='ocrx_word' id='word_1_347' title='bbox 591 3579 632 3633; x_wconf 88' lang='lat' dir='ltr'>ita</span> <span class='ocrx_word' id='word_1_348' title='bbox 649 3581 775 3642; x_wconf 85' lang='lat' dir='ltr'>inseruit,</span> <span class='ocrx_word' id='word_1_349' title='bbox 794 3581 827 3632; x_wconf 90' lang='lat' dir='ltr'>ut</span> <span class='ocrx_word' id='word_1_350' title='bbox 845 3595 880 3632; x_wconf 87' lang='lat' dir='ltr'>ex</span> <span class='ocrx_word' id='word_1_351' title='bbox 893 3579 935 3632; x_wconf 85' lang='lat' dir='ltr'>hia</span> <span class='ocrx_word' id='word_1_352' title='bbox 954 3593 1022 3644; x_wconf 92' lang='lat' dir='ltr'>quo·</span> 
     </span>
     <span class='ocr_line' id='line_1_44' title="bbox 63 3644 1023 3715; baseline -0.004 -15"><span class='ocrx_word' id='word_1_353' title='bbox 63 3662 117 3715; x_wconf 89' lang='lat' dir='ltr'>que</span> <span class='ocrx_word' id='word_1_354' title='bbox 145 3647 208 3701; x_wconf 88' lang='lat' dir='ltr'>lites</span> <span class='ocrx_word' id='word_1_355' title='bbox 235 3646 446 3711; x_wconf 89' lang='lat' dir='ltr'>dirimerentur;</span> <span class='ocrx_word' id='word_1_356' title='bbox 476 3645 538 3700; x_wconf 85' lang='lat' dir='ltr'>Gaii</span> <span class='ocrx_word' id='word_1_357' title='bbox 565 3649 639 3700; x_wconf 88' lang='lat' dir='ltr'>enim</span> <span class='ocrx_word' id='word_1_358' title='bbox 659 3647 851 3700; x_wconf 75' lang='lat' dir='ltr'>institutiones</span> <span class='ocrx_word' id='word_1_359' title='bbox 878 3646 968 3714; x_wconf 89' lang='lat' dir='ltr'>magis</span> <span class='ocrx_word' id='word_1_360' title='bbox 995 3644 1023 3696; x_wconf 93' lang='lat' dir='ltr'>in</span> 
     </span>
    </p>
   </div>
   <div class='ocr_carea' id='block_1_3' title="bbox 61 3762 274 3774">
    <p class='ocr_par' dir='ltr' id='par_1_8' title="bbox 61 3762 274 3774">
     <span class='ocr_line' id='line_1_45' title="bbox 61 3762 274 3774; baseline 0 -2"><span class='ocrx_word' id='word_1_361' title='bbox 61 3762 274 3774; x_wconf 71' lang='lat'>——————-</span> 
     </span>
    </p>
   </div>
   <div class='ocr_carea' id='block_1_4' title="bbox 62 3823 1023 3960">
    <p class='ocr_par' dir='ltr' id='par_1_9' title="bbox 62 3823 1023 3960">
     <span class='ocr_line' id='line_1_46' title="bbox 135 3823 1023 3890; baseline -0.009 -15"><span class='ocrx_word' id='word_1_362' title='bbox 135 3823 155 3890; x_wconf 86' lang='lat'>¹)</span> <span class='ocrx_word' id='word_1_363' title='bbox 170 3826 247 3874; x_wconf 81' lang='lat' dir='ltr'>Etiam</span> <span class='ocrx_word' id='word_1_364' title='bbox 263 3840 432 3888; x_wconf 85' lang='lat' dir='ltr'>responsorum</span> <span class='ocrx_word' id='word_1_365' title='bbox 448 3825 521 3873; x_wconf 86' lang='lat' dir='ltr'>libros</span> <span class='ocrx_word' id='word_1_366' title='bbox 534 3823 637 3872; x_wconf 84' lang='lat' dir='ltr'>Paullum</span> <span class='ocrx_word' id='word_1_367' title='bbox 649 3839 695 3873; x_wconf 89' lang='lat' dir='ltr'>non</span> <span class='ocrx_word' id='word_1_368' title='bbox 711 3831 764 3872; x_wconf 81' lang='lat' dir='ltr'>ante</span> <span class='ocrx_word' id='word_1_369' title='bbox 780 3823 899 3884; x_wconf 79' lang='lat' dir='ltr'>Elagabali</span> <span class='ocrx_word' id='word_1_370' title='bbox 916 3829 1023 3882; x_wconf 81' lang='lat' dir='ltr'>tempore</span> 
     </span>
     <span class='ocr_line' id='line_1_47' title="bbox 62 3890 1022 3960; baseline -0.004 -18"><span class='ocrx_word' id='word_1_371' title='bbox 62 3896 176 3958; x_wconf 84' lang='lat' dir='ltr'>edidisse,</span> <span class='ocrx_word' id='word_1_372' title='bbox 187 3897 289 3945; x_wconf 74' lang='lat' dir='ltr'>eflicitur</span> <span class='ocrx_word' id='word_1_373' title='bbox 299 3897 324 3944; x_wconf 87' lang='lat' dir='ltr'>L.</span> <span class='ocrx_word' id='word_1_374' title='bbox 336 3909 361 3947; x_wconf 80' lang='lat' dir='ltr'>aa</span> <span class='ocrx_word' id='word_1_375' title='bbox 373 3895 398 3943; x_wconf 86' lang='lat' dir='ltr'>l).</span> <span class='ocrx_word' id='word_1_376' title='bbox 415 3895 443 3942; x_wconf 91' lang='lat' dir='ltr'>de</span> <span class='ocrx_word' id='word_1_377' title='bbox 455 3895 525 3943; x_wconf 80' lang='lat' dir='ltr'>solut.</span> <span class='ocrx_word' id='word_1_378' title='bbox 537 3895 581 3960; x_wconf 79' lang='lat' dir='ltr'>(re,</span> <span class='ocrx_word' id='word_1_379' title='bbox 592 3890 616 3959; x_wconf 82' lang='lat'>³)</span> <span class='ocrx_word' id='word_1_380' title='bbox 628 3895 681 3945; x_wconf 84' lang='lat' dir='ltr'>coll.</span> <span class='ocrx_word' id='word_1_381' title='bbox 697 3894 816 3957; x_wconf 81' lang='lat' dir='ltr'>lamprid.</span> <span class='ocrx_word' id='word_1_382' title='bbox 828 3892 1022 3942; x_wconf 65' lang='lat' dir='ltr'>srvcrnleaae.</span> 
     </span>
    </p>
   </div>
   <div class='ocr_carea' id='block_1_5' title="bbox 0 0 1196 4386">
    <p class='ocr_par' dir='ltr' id='par_1_10' title="bbox 0 0 1196 4386">
     <span class='ocr_line' id='line_1_48' title="bbox 0 0 1196 4386; baseline 0 0"><span class='ocrx_word' id='word_1_383' title='bbox 0 0 1196 4386; x_wconf 95' lang='lat' dir='ltr'> </span> 
     </span>
    </p>
   </div>
  </div>
 </body>
</html>
