2378 4386
345 144 377 161 ῃ,
389 148 396 155 .

256 170 296 183 ..o-
351 176 385 183 —-.
397 180 411 189 ν,

65 4008 115 4080 h

168 520 232 586 696
367 536 425 576 uos.
444 538 478 572 rer
496 538 559 573 nou.
579 539 673 577 usuam
692 539 801 576 coenae.
819 518 891 577 XVI,
911 524 935 574 2.

168 681 331 739 nataturus
352 679 537 736 estDominus
559 680 644 756 dioysi
664 682 770 739 dicens:
800 675 830 736 θ.
854 679 954 735 ‘Recte
979 677 1056 735 filiae
1081 679 1143 736 Sal·

170 765 244 822 iadae
259 765 365 821 locutae
381 774 459 820 sunt:
476 773 503 820 et
519 766 580 822 ideo
596 767 692 822 dabitis
705 768 744 822 eis
756 765 959 838 possessionem
973 764 1144 821 hereditatis

169 852 196 906 iu
212 848 299 906 medio
316 849 429 904 fratrum
444 850 529 922 patris
545 867 647 908 earum.
683 846 710 911 7.
734 849 766 904 iit
787 850 860 905 dices
876 849 942 904 haec
958 847 1023 904 liliis
1037 848 1142 907 israel:

169 933 256 990 Homo
272 933 295 989 si
311 933 474 1004 decesserit,
491 944 518 990 et
534 932 605 992 titios
621 953 675 992 uon
693 935 825 1004 habuerit,
844 925 973 1011 '(dabitts
989 934 1143 991 heredita·

170 1026 224 1075 tem
244 1022 306 1075 eiua
325 1021 406 1091 filiae
428 1023 501 1076 eius.
547 1017 575 1076 8.
600 1021 633 1077 Si
652 1023 743 1093 titiam
766 1036 823 1075 noa
849 1018 1002 1089 babuerit,
1034 1021 1145 1075 dabitis

167 1104 314 1176 fratribus
328 1107 399 1160 etas.
437 1100 466 1160 9.
484 1103 516 1160 Si
533 1104 650 1176 fratres
664 1122 721 1162 non
736 1104 877 1172 habuerit,
900 1103 1007 1158 dabitis
1020 1109 1145 1174 patruis

169 1192 239 1245 eius.
282 1185 332 1246 lo.
356 1188 389 1245 St
405 1197 532 1261 patruos
552 1208 607 1246 non
628 1181 812 1266 habuerit‚)¹
836 1187 933 1243 dabitis
955 1186 1141 1244 hereditatem
1157 1201 1186 1254 [so

169 1273 293 1347 proximo
316 1266 440 1329 ’eorum²
463 1274 496 1329 de
519 1274 591 1333 tribu
614 1277 685 1330 eius:
714 1283 741 1330 et
770 1271 919 1347 possidebit
948 1276 1041 1327 omnia
1071 1275 1141 1330 cius.

169 1356 202 1414 m
218 1358 351 1414 erithace
366 1355 428 1414 titiis
444 1356 525 1413 lsrael
541 1357 697 1416 iustificatio
713 1358 884 1427 iudiciorum,
899 1356 1054 1414 secuudum
1072 1375 1144 1432 quae

170 1443 313 1500 constituit
328 1444 456 1499 Dominus
473 1443 580 1516 Moysi)

256 1526 321 1600 Kap.
345 1526 375 1584 tt.
421 1527 521 1583 Gaius
544 1525 920 1585 institutionumiibro
943 1542 992 1586 111.
1017 1524 1144 1601 legiti-

170 1629 238 1667 mas
271 1613 321 1668 sio
354 1613 494 1668 ordinat
528 1603 814 1669 successionesz³
870 1607 894 1668 1.
930 1603 1143 1666 ⁴intestatorum

169 1694 336 1752 hereditates
357 1687 445 1775 (ea)⁵
467 1697 528 1769 iege
549 1697 691 1752 duodecim
712 1695 865 1751 tabularum
887 1695 1004 1768 primum
1021 1695 1056 1750 ael
1073 1712 1139 1751 suos

169 1780 284 1836 heredes
311 1784 457 1853 pertinent.
501 1776 529 1838 2.
554 1774 620 1835 “Sui
646 1790 735 1836 auteur
762 1780 875 1836 heredes
896 1779 1089 1835 existimantur
1109 1779 1141 1835 ti-

170 1863 238 1934 beri,
260 1866 307 1939 qui
328 1867 354 1920 in
375 1874 514 1940 potestate
529 1866 669 1921 morientis
687 1865 816 1932 feceruut,
838 1862 923 1919 ueluti
946 1861 1018 1918 filius
1035 1861 1140 1938 diiaue,

171 1966 256 2024 nepos
278 1951 404 2022 neptisue
424 1942 478 2025 (eae
498 1946 585 2022 filio),
613 1965 750 2022 pronepos
778 1948 953 2023 proneptisue
982 1965 1014 2003 es
1037 1958 1140 2022 nepote

171 2034 227 2090 fitia
250 2043 313 2090 nato
335 2042 484 2107 prognatus
507 2043 685 2107 prognataue.
721 2031 774 2088 Nec
797 2034 924 2103 interest,
949 2027 1075 2107 (utrum)
1092 2050 1140 2087 na·

173 2119 273 2175 turaics
299 2109 384 2195 (sint)
411 2117 501 2186 littori,
530 2135 563 2173 an
585 2117 712 2191 adoptiui.
747 2118 785 2172 lta
807 2116 913 2172 demum
940 2125 1026 2172 tamen
1049 2132 1139 2188 nepos

172 2205 297 2276 neptisue
322 2210 349 2256 et
371 2217 508 2274 pronepos
535 2204 713 2275 pronepttsue
734 2218 846 2257 suorum
869 2200 1000 2256 heredum
1022 2216 1139 2256 numero

120 2318 126 2329 ·
171 2294 252 2356 suut,
278 2285 302 2341 si
328 2284 493 2357 praecedens
515 2303 630 2359 persona
650 2287 761 2342 desierit
780 2283 822 2361 (in
842 2293 986 2356 potestate
1005 2289 1142 2357 parentis

173 2385 255 2439 esse,
282 2372 344 2426 siae
368 2377 459 2426 morte
488 2372 519 2427 id
542 2365 710 2451 acciderit),
738 2373 797 2427 siue
823 2369 872 2426 alia
899 2372 1026 2439 ratione,
1054 2371 1141 2426 ueluti

173 2455 394 2528 emancipatione.
435 2453 500 2511 Nam
527 2457 551 2511 si
576 2472 624 2531 per
651 2457 678 2512 id
702 2465 825 2529 tempus,
850 2470 905 2527 quo
926 2456 987 2526 quis
1013 2456 1141 2526 moritur,

173 2537 244 2596 fliius
275 2541 301 2597 in
328 2549 464 2613 potestate
489 2542 548 2597 eius
574 2543 623 2604 sit,
650 2558 736 2615 nepos
763 2557 794 2595 er
822 2556 855 2595 eo
878 2555 945 2594 suus
971 2539 1054 2594 heres
1081 2556 1142 2596 esse

175 2641 230 2682 non
252 2632 353 2699 potest.
388 2624 453 2682 item
475 2627 548 2682 etin
570 2628 668 2681 ceteris
695 2625 822 2699 deinceps
842 2623 989 2680 liberorum
1013 2626 1142 2697 personis

173 2711 275 2768 dictum
304 2709 504 2785 intellegemus.
559 2706 590 2768 8.
624 2707 712 2766 'Uxor
742 2725 871 2783 quoque,
902 2725 971 2780 quae
1001 2711 1027 2764 iu
1061 2725 1142 2765 manu

173 2795 252 2866 eius,
269 2792 333 2870 (qut
342 2788 492 2874 morttar)⁹
507 2804 560 2865 est,
576 2795 600 2851 ci
614 2812 662 2850 sua
675 2794 755 2850 ireres
770 2804 821 2865 est,
838 2794 901 2866 quia
916 2790 987 2848 dliae
1003 2793 1066 2849 ioco
1084 2801 1140 2850 est:

172 2881 235 2937 item
255 2897 357 2952 nurus,
380 2896 449 2953 quae
470 2883 497 2935 in
519 2878 566 2936 idii
588 2897 668 2936 manu
690 2887 747 2949 est,
767 2896 827 2934 nam
843 2877 951 2934 ethaeo
967 2878 1059 2950 neptis
1080 2879 1141 2935 ioco

173 2974 231 3035 est;
253 2965 300 3022 sed
317 2968 353 3021 ita
369 2964 476 3020 demum
492 2965 543 3020 erit
559 2964 713 3034 suaderes,
729 2958 781 3040 (si)
798 2963 884 3029 fitius,
904 2963 982 3019 cuius
997 2964 1025 3017 in
1049 2963 1141 3019 ‘manu

173 3045 246 3121 est,⁹
266 3066 328 3106 eum
348 3057 423 3124 pater
439 3050 570 3118 moritur,
592 3051 619 3104 in
642 3057 777 3121 potestate
793 3049 851 3104 etus
866 3063 921 3103 non
936 3049 980 3104 sit.
1013 3047 1142 3123 idemque

248 3190 268 3257 ¹)
283 3192 357 3240 Haec
371 3192 407 3239 ad
419 3206 520 3240 sensum
534 3197 558 3238 et
573 3197 716 3238 ceterorum
726 3190 918 3239 similitudinem
927 3192 1053 3252 supplevi.
1084 3190 1141 3239 Ea:-

173 3264 270 3312 er'disse
284 3263 350 3310 enim
364 3276 395 3309 ea
410 3269 434 3309 et
448 3261 550 3325 quidem
560 3268 670 3323 propter
681 3256 899 3326 dpotore'ieurov,
914 3264 971 3311 tuce
981 3263 1085 3311 otarius
1094 3269 1140 3311 est.

175 3329 195 3397 ¹)
212 3333 373 3394 Cart-uptam.
404 3331 525 3380 Fortasse
544 3332 608 3395 lep:
631 3331 777 3395 reliquorum
796 3335 835 3381 oet
857 3341 1010 3394 cognatorum
1030 3330 1142 3398 (Heia.⁸

174 3399 309 3467 ἐάαν).
330 3400 365 3449 Et
368 3408 441 3463 puto,
454 3402 618 3452 Pariatorem
629 3404 656 3451 in
666 3403 790 3452 diaetiam
797 3406 932 3469 pertritum
941 3405 1140 3453 similitudinem

173 3475 301 3524 invenisse
315 3472 366 3521 sibi
380 3474 460 3521 uirum
475 3488 537 3522 esse.
597 3469 618 3536 8)
636 3496 669 3515 =
686 3474 742 3525 Gai.
758 3485 778 3536 a,
795 3487 886 3537 t-1r.‚
901 3475 948 3524 sed
961 3476 1001 3536 ἐξ,
1018 3486 1088 3527 1-5.
1104 3491 1140 3524 ex

173 3545 197 3594 a.
214 3547 230 3593 t.
245 3545 380 3593 restitutae
393 3553 462 3593 eant.
532 3541 554 3609 ⁴)
570 3547 594 3607 ᾖ,
610 3558 628 3596 1.
649 3544 671 3594 I.
687 3545 718 3595 de
732 3545 819 3594 iered.
835 3562 857 3610 q.
873 3545 905 3594 ab
919 3547 965 3595 int.
982 3545 1016 3609 (a,
1032 3543 1065 3609 1).

174 3613 196 3680 ὁ)
212 3630 239 3664 ex
253 3617 396 3679 suppletam
410 3631 445 3665 ex
458 3618 481 3678 ξ.
497 3628 517 3668 a.
588 3613 609 3682 ⁶)
626 3639 659 3658 =
673 3619 696 3679 ξ.
713 3629 732 3668 2.
757 3616 779 3665 I.
799 3619 869 3676 eod,
888 3633 922 3667 ear
941 3632 991 3680 aaa
1011 3617 1139 3680 quaedam

172 3689 291 3750 suppleta
307 3688 345 3735 uel
359 3696 480 3738 correcta
494 3695 561 3738 sunt.
642 3684 663 3753 ἵ)
678 3687 716 3748 Of.
735 3687 791 3737 Gai.
807 3702 826 3749 1,
843 3701 889 3739 tlt.
907 3680 969 3740 115⁵.
989 3699 1073 3747 2189.
1090 3698 1137 3738 159.

172 3769 194 3821 a,
207 3770 243 3809 to.
267 3757 322 3821 Ittp.
337 3770 372 3822 ro,
389 3771 421 3809 ra.
437 3771 471 3821 ss,
486 3772 506 3810 a.
521 3772 555 3821 ro,
571 3772 589 3810 1.
620 3759 683 3808 Gett.
700 3771 733 3819 ro,
748 3771 768 3809 o.
835 3757 856 3825 8)
872 3760 923 3809 eius
941 3759 1002 3809 caat.
1019 3759 1078 3808 edd.
1095 3773 1140 3807 ne-

174 3832 289 3880 cessario
302 3831 428 3893 suppteot.
459 3830 497 3890 Cf.
512 3832 535 3891 5.
551 3841 571 3881 a.
588 3832 645 3879 init.
724 3827 746 3895 ο)
761 3844 844 3879 manus
863 3832 914 3881 eius
933 3829 964 3878 B.
985 3843 1069 3878 manus
1087 3829 1142 3877 eius

179 3900 224 3953 Ve.
245 3901 285 3952 Vi.
306 3907 366 3950 aota
381 3909 393 3949 e
405 3917 457 3965 pro
473 3902 493 3949 e'
509 3909 624 3964 accepta.
649 3916 720 3950 manu
735 3901 780 3949 erit
794 3901 852 3950 edd.
