2378 4386
692 432 696 441 ι

411 583 447 618 ne
464 582 576 619 morans
594 583 672 618 ussa
689 584 709 620 1.
998 577 1038 636 31

136 706 189 770 ab.
212 710 254 770 M.
276 707 359 765 llecte
374 707 453 779 dicis,
475 717 503 764 et
524 726 568 764 res
590 725 620 765 se
635 711 675 765 sic
690 707 780 765 habet.
810 725 904 766 nerum
920 710 1040 784 philoso-

71 799 194 873 phorum
210 809 296 863 moro,
319 809 374 849 non
395 801 516 848 ueterum
538 793 645 866 quidem
667 792 785 865 illorum,
805 793 853 849 sed
868 809 975 868 eorum,
995 798 1041 870 qni

72 881 152 957 quasi
177 874 303 935 officinas
325 877 513 932 instruxerunt
534 878 698 951 sapientiae,
728 893 796 950 quae
818 877 879 933 inse
901 879 965 936 olim
987 879 1041 935 dis·

72 964 244 1040 putabantur
267 977 298 1017 ac
319 958 412 1030 libere,
437 975 468 1015 ea
490 976 562 1016 nunc
583 959 742 1016 articulatim
758 960 884 1018 distincta
899 963 1039 1030 dicuntum

72 1066 124 1107 nec
139 1049 213 1104 enlm
229 1045 294 1100 satis
311 1041 368 1099 lieri
383 1052 494 1099 censent
510 1044 572 1099 hnic
587 1043 658 1113 loco,
675 1046 721 1117 qni
734 1061 804 1100 nunc
816 1053 857 1100 est
869 1047 896 1101 ln
908 1047 1040 1131 panibus,

73 1135 128 1192 nisi
144 1130 291 1205 separatim
308 1127 361 1183 hoc
375 1127 472 1200 ipsum,
488 1128 585 1183 n'atura
600 1143 660 1184 esse
675 1129 726 1199 ius,
741 1127 913 1202 disputarint.

138 1255 174 1313 A.
197 1253 233 1311 lit
246 1253 352 1310 seilicet
367 1261 411 1309 tua
426 1250 537 1308 libertas
551 1252 701 1308 disserendi
717 1255 813 1310 amissa
832 1263 890 1326 est,
911 1264 957 1311 ant
972 1263 1003 1312 tu
1018 1258 1041 1314 ls

74 1358 114 1412 eo,
130 1345 179 1415 qui
192 1341 222 1395 in
237 1336 400 1411 disputando
416 1352 470 1392 non
486 1345 561 1392 tunm
581 1336 710 1392 iudicium
725 1353 847 1412 sequare,
869 1345 911 1395 set
926 1342 1042 1396 auctori-

74 1426 124 1482 tati
139 1424 256 1480 aliorum
269 1436 376 1495 pareas.

137 1544 186 1607 37.
208 1546 249 1603 Μ.
271 1545 332 1602 llon
353 1561 475 1618 semper,
496 1545 571 1615 Tite,
592 1545 639 1600 sed
658 1546 710 1601 lter
725 1546 806 1600 buius
821 1547 953 1601 sermonis
970 1547 1043 1620 quod

77 1633 113 1689 alt
135 1632 229 1698 nides;
252 1629 286 1685 ad
308 1645 354 1685 res
375 1628 494 1702 publicas
518 1627 659 1682 firmandas
681 1636 708 1683 ct
729 1628 760 1683 ad
776 1627 946 1684 stabiliendas
962 1629 1042 1687 urbes

78 1710 290 1788 sanandos(que)
306 1712 423 1786 populos
446 1715 534 1767 omnis
556 1721 649 1767 nostra
671 1713 762 1785 pergit
785 1712 880 1769 oratio.
916 1716 1042 1787 quocirca

77 1814 178 1855 uereor
192 1798 375 1868 committere,
390 1803 421 1850 nl
433 1812 486 1851 nou
500 1796 566 1852 bcne
578 1797 687 1869 prouisa
699 1803 727 1850 et
745 1795 891 1869 diligenter
907 1797 1043 1870 explorata

78 1882 207 1956 principia
227 1888 381 1955 ponantur,
402 1895 452 1935 nec
466 1887 554 1936 tamen
570 1887 601 1935 ut
616 1879 740 1936 omnibus
755 1879 922 1954 probentur,
944 1897 1004 1936 nam
1015 1881 1042 1936 id

79 1964 135 2022 lieri
149 1981 207 2022 non
222 1972 326 2039 potest,
340 1962 388 2018 sed
405 1971 434 2018 ut
449 1964 498 2033 eis,
514 1966 560 2036 qni
576 1966 665 2019 omnia
679 1971 752 2020 recta
768 1972 849 2037 atque
865 1962 979 2020 honesta
993 1982 1039 2039 per

80 2066 109 2106 se
123 2047 274 2123 expetenda
296 2047 433 2103 duxerunt
454 2055 481 2101 et
497 2056 543 2103 ant
558 2047 623 2103 nibil
639 2049 748 2104 omnino
763 2049 791 2103 in
808 2047 884 2103 bonis
900 2065 1041 2105 numeran-

80 2132 153 2204 dum,
168 2133 220 2188 nisi
237 2130 310 2204 qnod
326 2147 375 2204 per
389 2147 418 2187 se
433 2132 521 2204 ipsum
536 2130 667 2186 laudabile
683 2138 766 2203 esset,
788 2138 835 2186 out
848 2138 923 2186 certe
938 2133 1042 2188 nullum

80 2215 231 2273 babendum
247 2230 373 2288 maguum
388 2213 505 2284 bonum,
526 2216 576 2269 nisi
597 2215 670 2287 quod
687 2231 750 2270 nere
764 2214 866 2269 laudari
882 2230 930 2268 sna
945 2224 1042 2286 sponte

80 2307 189 2372 posset:
204 2295 251 2356 88.
261 2300 293 2355 iis
306 2297 440 2369 omnibus,
454 2297 693 2354 siueinacadernia
706 2307 799 2354 uetere
810 2296 1042 2370 cnmSpensippo‚

80 2381 248 2453 Xenocrate,
267 2380 414 2437 Polemone
437 2390 603 2451 manserunt,
628 2382 686 2436 siue
709 2382 881 2438 Aristotelem
905 2388 933 2436 et
954 2381 1043 2437 Theo·

81 2466 238 2538 phrastnm,
259 2481 320 2521 cum
343 2464 395 2521 illis
418 2466 594 2538 congruentis
616 2481 654 2533 re,
679 2481 778 2538 genere
799 2464 912 2520 docendi
935 2466 1042 2538 paulum

82 2548 242 2620 differentis,
262 2550 348 2605 secuti
369 2555 442 2617 sunt,
461 2551 531 2617 sina,
554 2554 584 2602 nt
599 2547 700 2603 Zenoni
715 2550 803 2603 uisnm
819 2557 871 2615 est,
892 2548 972 2603 rebus
989 2566 1043 2605 nou

84 2634 254 2689 commutatis
273 2634 476 2689 inmutauernnt
492 2630 633 2700 uocabula,
655 2633 713 2685 siue
729 2633 809 2685 etlam
824 2632 958 2684 Aristonis
974 2631 1044 2685 diffi-

83 2715 160 2772 cilem
171 2725 253 2790 atque
263 2716 382 2786 arduam,
398 2715 446 2771 sed
458 2717 508 2771 iam
522 2723 609 2769 tamen
621 2712 732 2767 fractam
744 2721 771 2767 et
781 2712 932 2767 conuictam
945 2721 1044 2767 sectam

84 2802 170 2856 secuti
183 2809 256 2870 sunt,
273 2807 303 2855 ut
318 2798 465 2855 uirtutibus
480 2799 598 2871 exceptis
614 2805 696 2868 atque
712 2796 785 2852 uitiis
803 2802 892 2849 cetera
904 2795 931 2849 in
943 2811 1045 2852 summa
1061 2812 1070 2825 ·

84 2883 245 2955 aequalitate
266 2891 412 2957 ponerent,
434 2884 467 2937 iis
483 2883 606 2936 omnibus
623 2881 698 2950 baec,
721 2895 789 2954 quae
805 2877 870 2949 diri,
886 2876 1044 2951 probentur.

84 2962 135 3024 89.
151 2965 201 3023 sibi
216 2976 305 3024 antem
319 2967 486 3038 indulgentis
501 2974 528 3021 et
543 2966 649 3039 corpori
665 2964 843 3021 deseruientis
856 2970 937 3036 atque
947 2966 1045 3038 omnia,

84 3066 151 3124 quae
165 3059 318 3125 sequautur
332 3052 361 3106 in
376 3052 431 3105 uita
448 3066 570 3122 quaeque
586 3050 701 3121 fugiant,
718 3047 903 3122 uoluptatibus
925 3057 953 3103 et
968 3048 1044 3105 dolo·

84 3132 156 3191 rlbus
178 3127 364 3209 ponderantis,
388 3135 468 3189 etiarn
490 3134 513 3188 si
537 3133 718 3202 noradinum,
743 3132 811 3188 nihil
833 3134 902 3186 enim
919 3148 989 3206 opus
1004 3142 1045 3189 ost

85 3216 135 3275 boc
148 3217 211 3275 loco
226 3216 329 3288 litibus,
350 3219 379 3273 in
393 3217 510 3272 hortulis
525 3219 581 3272 suis
596 3217 732 3272 iubeamus
749 3216 849 3285 dicere,
872 3224 953 3289 atquc
965 3218 1045 3273 etiam

85 3299 115 3356 ab
130 3304 203 3358 omni
219 3302 348 3358 societate
360 3302 398 3356 rel
410 3300 541 3373 publicae,
558 3302 654 3372 quoius
667 3310 771 3374 partem
786 3317 835 3355 nec
847 3308 949 3354 norunt
964 3299 1045 3356 ullam

85 3400 171 3460 neque
186 3402 314 3459 umquam
330 3401 411 3441 nosse
428 3384 583 3455 uoluerunt,
604 3383 740 3457 paulisper
761 3384 893 3440 lacessant
907 3400 1045 3457 rogemus.

85 3469 305 3541 perturbatricem
321 3475 410 3525 autem
426 3468 520 3523 barum
536 3469 655 3523 omniurn
673 3484 763 3523 rernm
778 3464 955 3536 Academiam,
978 3467 1045 3523 banc

86 3551 116 3607 ab
130 3554 251 3610 Arcesila
267 3558 295 3608 et
311 3551 443 3608 Carneade
459 3560 604 3620 recentem,
626 3567 766 3606 exoremus
782 3560 813 3605 ut
827 3549 920 3617 sileat;
942 3565 1003 3604 narn
1023 3552 1044 3605 si

84 3636 215 3693 inusserit
228 3639 256 3693 in
271 3637 348 3706 baec,
365 3651 433 3708 quae
449 3637 514 3691 satis
530 3636 596 3691 scite
611 3633 688 3689 nobis
704 3636 837 3689 instructa
854 3642 882 3688 et
897 3634 1046 3705 composita

85 3720 221 3792 uidentur,
235 3721 331 3777 nimias
346 3718 409 3775 edet
424 3720 528 3774 ruinas:
549 3734 627 3791 qnam
645 3717 751 3790 quidem
768 3734 819 3790 ego
835 3717 940 3789 placare
955 3717 1045 3787 cupio,

84 3819 256 3862 summouere
279 3819 334 3859 non
356 3801 451 3858 audeo.
494 3801 559 3857 lllV.
581 3797 632 3856 40.
655 3818 720 3858 *a*
742 3817 801 3855 nam
827 3807 855 3854 et
880 3802 906 3855 iu
933 3799 964 3853 iis
989 3800 1046 3852 sine

85 3887 155 3947 illius
175 3887 341 3945 suffimentis
356 3887 454 3959 expiati
468 3900 575 3940 sumus:
597 3893 624 3940 at
646 3901 712 3940 uero
733 3883 865 3940 scelernm
882 3884 909 3936 in
924 3881 1045 3934 homines
