2378 4386
155 523 196 582 98
499 533 522 569 c.
540 531 635 566 annuus
653 529 761 566 annuns.

156 661 210 730 lex,
231 661 254 713 si
275 657 355 712 modo
374 657 453 712 iustis
475 655 590 710 comitiis
610 663 707 726 rogata
728 653 791 710 est'.
811 683 846 694 -
869 654 941 711 lest.
958 671 984 710 v.
999 654 1113 729 Rogatio

154 761 180 815 p.
198 741 268 797 266.

213 845 258 904 18.
281 845 372 900 Gallus
383 843 474 900 Aelius
487 847 533 915 ait,
550 860 655 900 sacrum
666 861 734 916 csse,
752 842 846 919 (quod)
860 862 1022 919 quocunque
1032 848 1113 903 modo

154 942 235 1006 atquc
256 929 380 984 instituto
402 928 517 983 civitatis
538 937 724 985 consecratum
740 932 786 1001 sit,
808 932 866 985 siue
882 930 962 992 aedis,
984 933 1043 986 siue
1059 948 1114 1002 ara,

154 1017 213 1070 siue
234 1015 350 1087 signum,
375 1013 433 1066 siue
455 1011 541 1087 locus,
562 1013 621 1068 siue
636 1015 760 1086 pecunia,
782 1015 839 1068 siue
862 1013 925 1086 quid
941 1013 1020 1078 aliud,
1041 1015 1114 1088 quod

153 1098 204 1154 diis
224 1098 375 1152 dedicatum
395 1103 476 1168 atquc
498 1106 685 1152 consecratum
701 1098 746 1153 sit.
781 1092 893 1170 'quom¹
911 1105 1000 1152 autem
1016 1101 1114 1170 priuati

154 1197 218 1237 suae
234 1179 373 1252 religionis
389 1194 468 1234 causa
480 1179 579 1253 aliquid
592 1197 683 1236 earum
694 1197 784 1236 rerum
796 1181 848 1236 cleo
860 1180 996 1251 dedicent,
1008 1181 1034 1236 id
1047 1199 1115 1254 porr·

153 1262 238 1320 tificcs
258 1264 391 1318 Romanos
412 1278 467 1318 non
487 1265 639 1320 existimare
660 1281 774 1320 sacrum.
809 1266 878 1320 atsi
898 1281 949 1337 qua
971 1282 1045 1321 sacra
1061 1268 1114 1338 pri-

152 1357 215 1405 uata
237 1355 365 1420 suscepta
379 1356 454 1418 sunt,
476 1364 545 1420 quac
560 1364 592 1404 ex
607 1349 733 1404 instituto
749 1346 908 1421 pontificum
923 1356 995 1403 stato
1011 1349 1053 1403 die
1069 1358 1114 1403 aut

153 1441 227 1488 corto
242 1431 303 1487 loco
319 1430 438 1487 iacienda
448 1433 513 1502 sint,
529 1447 559 1487 ea
571 1448 645 1489 sacra
657 1432 784 1506 appellari
797 1441 922 1506 tanquam
935 1431 1077 1488 'sacrificia
1086 1426 1114 1499 3²

151 1516 199 1572 ille
214 1516 301 1587 locus,
318 1515 362 1571 ubi
379 1533 409 1570 ea
425 1532 499 1572 sacra
515 1517 620 1589 priuata
636 1515 756 1573 iacienda
772 1526 846 1586 sunt,
861 1517 906 1572 uix
922 1515 1030 1572 uidetur
1041 1532 1115 1571 sacer

153 1616 223 1656 esse.
239 1629 280 1640 —
296 1599 368 1655 Fest.
384 1617 409 1659 v.
426 1599 506 1656 Sacer
522 1616 599 1655 mons
614 1618 641 1675 p.
658 1600 730 1658 319.

216 1706 259 1768 19.
283 1708 399 1764 Senatus
421 1708 560 1763 decretum
576 1724 590 1762 a
606 1710 732 1765 consulto
749 1709 839 1766 Aelius
855 1709 948 1766 Gallus
964 1712 1003 1765 sic
1018 1708 1114 1764 distin·

153 1795 225 1868 guil,
249 1800 280 1848 ut
300 1792 326 1846 id
342 1790 411 1845 dicat
427 1785 584 1863 particulam
600 1791 732 1864 quandam
748 1810 809 1849 csse
823 1792 1064 1863 senatusconsulti,
1085 1801 1115 1846 ut

153 1895 213 1934 oum
237 1875 377 1951 provincia
397 1873 475 1929 alicui
495 1873 658 1944 decernitur,
681 1876 753 1947 quod
775 1885 862 1930 tamen
883 1879 971 1948 ipsum
992 1884 1115 1931 senatus·

153 1961 271 2018 consulti
287 1967 338 2018 est.
355 1986 393 1997 -
409 1957 480 2016 Fest.
495 1973 520 2012 1.
537 1955 652 2012 Senatus
668 1956 806 2013 decretum
822 1976 848 2030 p.
865 1959 936 2017 339.

215 2065 265 2129 20,
290 2066 461 2141 ‘Sepulcrum
476 2063 543 2136 est’‚
557 2075 588 2121 ut
603 2067 640 2121 ait
660 2065 751 2122 Gallus
767 2066 871 2137 Aelius,
889 2063 994 2137 ς100110,
1016 2068 1042 2121 111
1060 2082 1114 2138 quo

153 2162 278 2210 mortuus
293 2150 417 2225 sepultus
432 2158 484 2219 ast,
501 2149 573 2222 quod
588 2151 693 2223 antiqui
704 2152 816 2206 bustum
827 2150 1014 2222 appellabant.
1037 2150 1114 2221 isque
1122 2161 1164 2209 [sa]

155 2238 240 2311 cippis
262 2245 308 2293 aut
328 2236 421 2308 aliqua
443 2236 502 2289 alia
522 2248 555 2288 re
574 2235 676 2291 mortui
697 2250 778 2290 causa
793 2233 951 2308 designatus
967 2241 1023 2303 cst,
1044 2235 1114 2288 intra

154 2337 225 2394 qaas
239 2323 313 2392 fines
329 2317 470 2391 sepultura
485 2325 527 2373 cst
543 2316 630 2373 lacta’.
646 2347 689 2358 -
703 2316 775 2374 Fest.
793 2336 816 2373 r.
830 2317 988 2391 Sepulcrum
1000 2334 1028 2390 p.
1041 2317 1113 2373 339.

215 2425 256 2485 21.
281 2426 424 2483 ‘Sobrinus
444 2426 504 2498 est‘‚
526 2435 557 2482 ut
578 2430 615 2483 ait
631 2425 722 2483 Gallus
738 2427 844 2502 Aelius,
866 2426 962 2501 ‘patris
983 2429 1034 2481 mci
1050 2440 1114 2482 con-

153 2512 257 2569 sobrini
273 2510 355 2584 lilius,
371 2520 398 2568 et
414 2512 507 2566 matris
522 2525 597 2566 meae
612 2511 789 2568 consobrinae
805 2510 885 2567 lilius.
910 2511 1006 2566 femina
1020 2510 1113 2567 iisdem

153 2597 293 2654 decausis
314 2595 433 2671 appellat
454 2595 563 2651 fratrem
584 2604 611 2651 ot
631 2596 740 2652 fratrem
762 2596 912 2670 patruelem
933 2603 961 2651 et
975 2594 1114 2651 consobri-

152 2698 217 2738 num
238 2691 265 2737 et
286 2682 412 2755 proprius
434 2673 784 2736 ’1011110001001111011111.3
816 2680 896 2735 iidem
911 2677 1011 2753 gradus
1027 2680 1055 2733 in
1070 2696 1114 2735 so·

152 2766 229 2823 brlna
244 2782 354 2840 quoque
369 2763 455 2820 sunt'.
472 2793 510 2804 -
529 2763 600 2819 l'est.
618 2781 641 2819 v.
659 2762 789 2819 sobrinus
804 2781 831 2837 p.
849 2763 919 2820 297.

216 2870 263 2931 22.
288 2917 295 2933 .
309 2889 407 2947 .quam
424 2867 471 2943 (sc.
479 2869 600 2944 stirpem)
618 2872 713 2929 Gallus
725 2874 824 2929 Aelius
838 2875 879 2928 sic
891 2871 998 2928 definit:
1015 2870 1114 2945 ‘Stirps

154 2966 196 3012 est
217 2960 309 3028 gentis
327 2958 515 3027 propapatio‚
535 2962 565 3009 ut
586 2957 632 3027 qui
652 2973 666 3010 a
687 2973 796 3029 quoquc
817 2954 1112 3029 0101090009.-

154 3038 227 3095 Fest.
244 3055 267 3097 v.
282 3039 370 3111 Stirps
386 3055 412 3110 p.
430 3036 501 3097 313.

218 3141 267 3204 28.
300 3145 392 3201 Aelius
416 3145 505 3201 Gallus
529 3146 562 3202 de
584 3146 675 3202 uerbis
698 3147 729 3202 ad
753 3150 794 3202 ius
816 3149 895 3204 ciuile
918 3146 1115 3221 pertinentibus

154 3229 242 3288 uallos
265 3229 371 3303 tegulas
388 3229 516 3303 grandes,
533 3246 600 3303 quae
616 3246 696 3303 supra
711 3231 828 3286 collicias
843 3230 950 3289 infimae
964 3239 1114 3305 ponuntur,

156 3313 284 3388 appellat.
299 3343 341 3354 -
356 3312 431 3369 Serv.
448 3312 480 3368 ad
497 3313 590 3388 virgil.
609 3313 707 3385 Georg.
726 3315 755 3385 l,
770 3310 861 3373 261*

155 3471 355 3482 ————-.-

229 3560 247 3628 ¹)
263 3563 325 3627 quod
343 3563 386 3612 ca.
401 3563 458 3612 edd.
490 3560 510 3626 ¹)
525 3564 668 3613 sacrificium
687 3563 730 3612 Cd.
750 3565 807 3613 edd.
829 3563 949 3613 Fortasse
963 3567 1027 3629 lep:
1041 3564 1115 3614 sacri·

154 3635 221 3695 licia;
237 3641 389 3683 atalanten
408 3640 432 3681 ei
447 3649 499 3697 pro
514 3642 544 3682 at.
584 3631 604 3696 ³)
618 3635 760 3682 consobrino
775 3643 797 3683 et
812 3636 909 3683 sobrina
925 3636 969 3684 Cd.
984 3636 1042 3684 edd.
1058 3650 1116 3683 con-

154 3705 252 3754 sobrino
267 3705 317 3753 ium
336 3705 453 3753 correxit
468 3704 635 3769 Aepustr'nus.
674 3701 695 3766 ⁴)
718 3703 787 3764 Quae
799 3712 937 3768 praeterea
956 3704 1117 3769 abantiquis

153 3774 328 3838 scriptoribus
337 3774 488 3837 referuntur
498 3775 569 3823 Aelii
575 3776 724 3833 sententiae,
735 3783 779 3824 11111
793 3783 863 3826 certo
871 3774 980 3824 Stilonis
987 3791 1115 3840 promana-

155 3848 202 3898 tt‘ct'
215 3852 282 3906 sunt,
296 3853 342 3895 ant
356 3846 480 3894 incertam
494 3861 528 3894 aa
546 3844 620 3894 (latta
