2378 4386
99 824 282 889 VLPIANI
305 825 503 901 RELIQVA
527 826 805 892 FRAGMENTA
827 828 1012 896 MINORA.

10 980 65 1031 [⁶¹8]
139 973 165 1032 1.
191 969 338 1048 ¹Ulpianus
358 972 427 1031 libro
448 974 481 1029 etl
500 973 617 1030 edietum
639 982 717 1029 sexto
740 972 790 1029 suls
814 973 894 1029 titulo
909 970 959 1040 Qut
981 991 1031 1048 pro

75 1059 136 1116 aliis
151 1074 185 1115 ne
200 1058 341 1133 postulent
356 1059 395 1114 sio
410 1057 507 1115 refert:
529 1057 697 1114 ‘inuenimns
713 1056 783 1130 apud
800 1065 916 1127 ueteres,
938 1057 1032 1114 mulie-

75 1147 113 1199 ris
129 1142 309 1216 appellatione
325 1143 403 1198 etiarn
419 1142 552 1215 uirginem
567 1140 723 1197 contineri?

138 1221 166 1282 2.
191 1220 333 1299 ²Ulpianus
356 1227 384 1281 lu
406 1225 474 1281 libro
491 1224 576 1280 llLlll.
600 1222 632 1279 ad
656 1221 838 1280 edietums‘Sl
860 1226 921 1296 quis
941 1226 1032 1297 proni-

76 1311 146 1365 mior
161 1317 293 1382 cognatus
308 1310 381 1365 trasei
397 1314 544 1382 speretur!

140 1388 169 1452 8.
185 1385 328 1465 ³lllpianns
345 1400 432 1448 tamen
447 1390 479 1446 ad
491 1389 617 1447 Sabinum
633 1391 755 1447 loturum
771 1388 939 1447 ‘fruiturum'
956 1389 1031 1447 elisit.

150 1538 233 1589 ‘liber
247 1540 276 1589 de
295 1541 373 1590 oilleio
393 1537 565 1603 proconsulis',
584 1540 624 1604 qni
643 1541 666 1589 in
685 1541 804 1590 veteribus
823 1540 958 1604 glossariis,
978 1549 1032 1604 post

77 1612 137 1662 elios
152 1626 164 1660 a
179 1611 204 1660 C.
221 1610 330 1660 lebbaeo
350 1611 394 1659 snb
413 1611 480 1659 titulo
497 1607 600 1673 ‘Cerilli
621 1611 741 1660 Philoxeni
755 1611 907 1677 liliorumque
922 1612 1032 1661 Veterum

77 1683 198 1732 Glossaria
219 1681 406 1731 Latino-Graece
426 1689 449 1730 et
468 1679 666 1731 Graeco-Latina’
687 1682 827 1745 compositis
847 1690 871 1730 et
886 1682 960 1731 Paris.
980 1694 1032 1734 1878

77 1753 147 1802 editis
166 1753 246 1801 statim
265 1752 295 1800 ab
314 1753 381 1801 initio
400 1753 499 1801 uocibus
514 1752 603 1802 latinis
623 1753 824 1817 sequentibusque
841 1752 939 1801 Graecis
958 1754 1032 1802 inter·

76 1823 250 1886 pretationlltus
269 1823 394 1886 aliquoties
412 1823 550 1872 interiectus
565 1823 663 1885 legitur,
683 1830 720 1871 est
738 1823 790 1871 sine
809 1822 881 1871 dnbio
896 1822 989 1885 Ulpiani
1005 1837 1032 1872 ex

77 1893 180 1954 Digestis
200 1899 223 1939 et
242 1892 335 1940 aliunde
354 1894 491 1941 notissimus
511 1893 577 1942 liber.
616 1893 664 1943 Neo
684 1901 762 1942 tomen
782 1899 848 1941 certo
869 1899 981 1956 apparet,
1001 1893 1052 1945 ad.

76 1977 135 2027 quas
150 1975 230 2017 voees,
249 1962 417 2010 antecedentes
436 1977 465 2011 an
485 1972 610 2027 sequentes
630 1971 652 2012 et
671 1971 728 2027 quot
747 1977 773 2011 ex
793 1963 823 2010 iis
843 1962 905 2011 liber
924 1962 962 2011 ille
977 1962 1054 2025 per-'

77 2035 160 2090 tinent,
179 2038 204 2080 nt
219 2030 274 2079 inde
293 2031 380 2092 petitae
395 2031 442 2079 diei
458 2034 556 2093 possint.
586 2033 703 2090 Quocum
719 2033 824 2089 accedat,
839 2040 865 2080 nt
880 2032 945 2096 ipsae
960 2046 1031 2081 voces

77 2101 332 2166 interpretationesque
348 2114 429 2148 earum
443 2101 570 2164 pleraeque
585 2117 666 2165 perum
687 2105 794 2153 utilitatis
813 2109 946 2168 praestent,
961 2104 1031 2151 omit·

77 2173 161 2222 tendes
177 2187 216 2222 ess
231 2171 294 2220 (luxi.
322 2168 356 2219 lie
370 2171 430 2234 ipsis
449 2170 495 2218 illis
510 2171 632 2232 glossariis
646 2189 722 2238 nuper
736 2174 805 2224 docte
821 2173 950 2239 disputavit
963 2174 989 2221 li.
1005 2174 1030 2222 l'.

78 2242 212 2292 liudorllus.
232 2240 309 2291 lierol.
324 2251 383 2292 1888.
402 2250 423 2291 t.

152 2397 172 2466 ¹)
186 2400 272 2463 Haec,
287 2415 351 2465 quae
365 2406 519 2464 sequuntur,
534 2406 636 2456 entant,
651 2407 774 2464 corrupto
793 2409 889 2461 tomen,
910 2404 937 2452 in
956 2401 1031 2460 libro,

78 2474 122 2522 eui
136 2473 288 2534 inscriptum
302 2478 338 2520 est
359 2468 538 2534 ‘Spieilepium
551 2467 708 2518 Solesmerrse
723 2506 729 2518 .
745 2506 750 2517 .
767 2507 773 2518 .
789 2507 794 2518 .
811 2479 919 2521 eurania
933 2472 1031 2523 Dommo

78 2542 100 2590 1.
115 2541 146 2591 B.
162 2541 247 2591 Piera.
270 2540 297 2590 Τ.
314 2540 335 2589 1.
353 2541 439 2590 Puris.
455 2537 526 2591 1852!
543 2556 569 2603 p.
586 2550 647 2598 282,
666 2538 749 2603 ibique
767 2539 917 2590 tribuuntur
937 2542 1032 2590 Puentt'

78 2612 145 2662 libro
156 2611 177 2660 I.
193 2613 317 2661 aduersus
329 2612 510 2676 Porphyrium.
535 2610 664 2666 Correaeit,
678 2610 855 2674 diuersumque
868 2611 937 2660 lunc
950 2613 1032 2660 locum

78 2699 95 2732 a
111 2685 246 2739 consimili,
261 2684 306 2746 pni
320 2698 355 2731 ece
369 2681 411 2731 lib.
432 2680 492 2731 VII.
507 2682 543 2730 acl
556 2681 664 2729 edietum
679 2679 795 2741 refertur
809 2681 836 2728 im
851 2679 883 2728 L.
900 2692 924 2731 18
934 2695 978 2742 pr.
998 2681 1031 2729 D.

78 2753 111 2802 de
130 2753 197 2802 verb.
217 2755 283 2818 ripn.
304 2751 353 2818 (tto,
374 2751 423 2816 18),
443 2753 478 2800 od
497 2767 540 2813 ea,
559 2767 624 2816 quoe
647 2749 771 2814 Illpriunna
788 2749 821 2798 L.
835 2765 855 2801 ι.
874 2752 897 2812 θ.
913 2761 933 2801 o.
953 2750 985 2799 Ι).
1000 2751 1032 2800 de

74 2824 170 2887 postul.
186 2822 217 2888 (8,
232 2823 255 2886 1)
269 2830 374 2881 tractat,
385 2825 518 2887 pertinere
533 2822 621 2872 docuit
634 2823 670 2881 is,
684 2823 729 2885 qui
738 2821 841 2884 primus
854 2836 909 2870 eum
925 2823 951 2868 im
969 2819 1031 2870 Ger·

78 2895 165 2942 marsia
180 2893 282 2956 publici
296 2895 362 2943 iuris
378 2895 456 2956 feeit,
470 2892 610 2958 Boeelrimp.
625 2893 665 2941 ed.
684 2891 739 2955 Uip.
752 2891 848 2956 srnpm.
864 2902 924 2943 1888.
940 2907 968 2955 p.
984 2902 1030 2942 ttt.

80 2960 101 3029 ²)
117 2963 199 3013 Extat
213 2965 285 3027 apud
299 2964 428 3013 Priscian.
444 2976 465 3021 8,
479 2975 513 3014 81.
525 2980 551 3027 p.
568 2975 606 3015 out
622 2962 726 3013 Puteoli.
738 2978 765 3025 p.
780 2973 815 3013 ot.
829 2962 869 3012 ed.
884 2961 973 3011 Hertz.
989 2960 1033 3010 ubi

77 3042 117 3085 est
131 3042 276 3084 nasceretur.
307 3035 419 3085 Correxi
432 3051 466 3084 en
480 3034 511 3083 L.
527 3048 546 3085 1.
566 3037 589 3097 §-
604 3046 625 3085 s.
649 3034 680 3083 D.
696 3033 763 3083 unde
777 3049 850 3098 cogn.
869 3033 918 3096 (88,
932 3031 969 3099 8),
988 3031 1032 3081 ulii

79 3107 179 3170 inteper
198 3108 270 3155 loons
289 3107 391 3170 lepitur.
461 3102 482 3170 ⁸)
502 3104 584 3155 Extat
601 3105 672 3169 npnei
691 3104 821 3154 Priscian.
843 3115 881 3164 ιο,
901 3115 934 3155 it.
949 3119 977 3168 p.
992 3113 1032 3155 888

80 3175 185 3227 Puteoli.
199 3191 224 3239 p.
235 3186 281 3226 588.
297 3176 336 3225 ecl.
347 3175 436 3225 Hertz.
466 3176 564 3225 Vereor
574 3183 664 3234 lumem,
680 3191 711 3224 ne
725 3177 748 3224 is
762 3175 937 3240 huncquoque
947 3189 1031 3224 uocem

78 3254 176 3295 tuntum
194 3260 228 3294 ex
248 3245 362 3309 Digestis
380 3244 422 3309 (L.
438 3257 470 3295 18.
495 3247 526 3293 D.
548 3247 629 3308 risufr.
650 3247 787 3311 quemadm.
808 3262 862 3296 cnr.
878 3258 902 3305 t,
917 3258 938 3297 tt.
959 3242 1030 3309 ‘Uip

79 3316 122 3365 lib.
140 3315 168 3364 X
173 3314 248 3363 ΗΠ.
269 3316 304 3364 ud
321 3313 468 3379 Sabinum')
485 3319 617 3373 sumserit,
634 3317 746 3380 perinde
764 3333 796 3366 ue
815 3317 906 3382 Lydus
926 3317 1030 3373 similia,

78 3402 145 3451 quoe
159 3401 193 3436 en·
207 3386 321 3449 antiquit
335 3387 517 3434 iureconsultis
530 3388 633 3449 ullepnt.

448 3615 657 3624 ————-

134 3950 236 3982 mim.
251 3950 332 3983 ᾸΠΙῘ.
346 3953 398 3984 un.
418 3952 455 3983 ln.
480 3952 502 3983 v.
