2378 4386
154 522 195 581 68
494 533 521 569 ιι,
540 531 650 567 rumve
669 531 771 568 cacano.

153 660 220 734 pla.
255 659 348 734 uias,
391 674 515 731 aquas,
546 657 713 712 aerarium
751 656 943 730 uectigalia
978 664 1116 729 tuento,

153 740 346 815 populique
368 741 477 814 partis
500 741 533 795 in
556 738 676 795 trlhus
699 739 938 812 discrihunto,
961 741 1039 796 exin
1061 758 1117 814 pe·

153 826 291 894 eunias,
328 824 516 895 acuitatis,
553 822 691 879 ordinis
725 825 927 897 partiunto,
962 825 1117 896 equitum

153 907 380 982 peditumque
407 907 540 980 prolem
573 905 820 978 describunto,
853 905 1006 963 caelibes
1039 923 1117 963 esse

152 988 384 1065 prohllaeuto‚
412 1006 525 1046 mores
551 991 673 1064 populi
699 998 869 1063 regnato,
898 991 1061 1063 probrum
1083 994 1118 1048 in

152 1082 277 1130 senatu
299 1090 339 1129 ne
361 1074 610 1147 relinquoutc:
639 1072 713 1130 hini
735 1081 856 1145 sunto,
878 1076 1117 1147 magistratum

154 1159 426 1231 quinquennium
449 1157 614 1214 habento:
649 1157 778 1232 reliqui
803 1158 1031 1231 magistratus
1060 1176 1116 1214 an-

153 1242 212 1296 nui
234 1248 354 1296 sunto:
377 1256 484 1314 eaque
507 1249 670 1316 potestas
692 1257 827 1314 semper
849 1249 936 1300 esto.

217 1339 247 1398 8.
270 1340 360 1397 luris
383 1342 618 1416 disceptator,
642 1343 699 1416 qui
722 1343 859 1415 priuata
880 1339 1116 1397 iudicetiudi·

153 1427 273 1482 carine
299 1424 435 1498 iubeat,
463 1434 605 1500 praetor
632 1434 721 1482 esto:
750 1426 780 1481 ie
802 1426 892 1481 luris
915 1424 1036 1481 ciuilis
1058 1440 1116 1481 cu·

153 1516 231 1564 etos
254 1517 350 1565 esto:
372 1511 454 1566 huic
474 1517 652 1584 potestate
671 1510 745 1584 parl
761 1517 995 1583 quotcumque
1019 1524 1117 1564 sena·

154 1600 209 1648 tus
231 1596 388 1648 creuerit
410 1594 606 1667 populusne
628 1594 789 1665 iusserit,
812 1601 866 1649 tot
887 1600 1003 1648 sunto.

217 1691 326 1766 llegio
354 1695 498 1766 imperio
525 1693 591 1750 duo
625 1701 742 1763 sunto,
779 1696 873 1768 iique
901 1693 1118 1768 praeeundo,

153 1776 357 1842 indicando,
385 1776 605 1833 consulendo
633 1784 837 1850 praetores,
864 1776 1013 1848 iudices,
1036 1794 1119 1833 con·

153 1858 513 1934 sulesappellamino:
538 1859 686 1915 militiae
706 1859 1118 1932 summumiushabento,

154 1946 282 2000 nemini
303 1951 468 2016 parente:
496 1940 580 1998 ollis
609 1943 702 1999 salus
730 1943 861 2016 populi
882 1958 1042 2015 suprema
1064 1944 1119 2000 lex

154 2035 242 2084 esto.

217 2125 248 2186 θ.
270 2126 427 2184 liumdem
458 2129 714 2201 magistratum,
742 2126 776 2182 ul
803 2124 1041 2181 interfuerint
1062 2127 1118 2182 de·

155 2228 223 2269 cem
246 2213 340 2283 anni,
369 2225 408 2266 nc
434 2212 513 2285 qule
536 2212 666 2284 capito:
690 2211 876 2267 acuitatem
899 2209 1016 2264 annali
1038 2209 1119 2285 lege

154 2304 330 2352 seruante.

219 2397 280 2451 Ast
306 2394 442 2468 quando
470 2394 622 2452 duellum
651 2395 799 2470 grauius
822 2389 1119 2471 discordiaelue)¹

155 2480 283 2536 ciuium
305 2486 445 2543 escunt,
476 2495 582 2536 oenus
604 2496 644 2536 ne
667 2478 815 2554 amplius
838 2495 897 2535 sex
919 2495 1069 2550 menses,
1090 2481 1120 2535 si

159 2572 304 2643 squatus
326 2565 497 2636 creuerit,
525 2563 612 2620 idem
640 2564 729 2620 iuris
753 2562 843 2638 quod
865 2563 932 2620 duo
954 2562 1120 2619 consules

156 2656 295 2720 teneto,
318 2649 419 2721 isque
441 2645 935 2720 anesinietradiotuspopuli
951 2649 1121 2719 magister

156 2741 249 2790 esto:
281 2734 548 2806 equitatumque
579 2734 637 2804 qul
659 2739 761 2804 regat
787 2730 913 2785 habeto
942 2733 1016 2802 pari
1043 2731 1120 2786 iure

157 2833 232 2872 cum
254 2833 310 2885 eo,
333 2817 539 2888 quicumque
562 2817 632 2870 erit
652 2815 742 2868 iuris
765 2811 997 2884 disceptator.
1035 2815 1119 2870 reli·

157 2901 216 2971 qui
242 2899 473 2969 magistratus
501 2912 541 2951 ne
563 2890 693 2951 sunto.²
727 2901 779 2950 ast
806 2894 941 2966 quando
964 2897 1119 2951 consulis

157 2982 371 3053 magisterne
398 2977 520 3052 populi
542 2993 601 3035 nec
623 2969 777 3048 escunt,³
803 2979 960 3049 auspicia
987 2986 1119 3050 patrum

157 3070 276 3131 sunto,
310 3060 444 3133 ollique
481 3077 517 3117 ec
548 3077 586 3117 se
614 3061 808 3135 produnto,
847 3061 903 3132 qui
936 3061 1121 3118 comitiatu

158 3161 276 3203 creare
298 3142 465 3200 consules
487 3145 556 3200 rite
577 3136 742 3217 possint.⁴

222 3244 382 3318 lmpcria,
405 3251 622 3316 potestates,
644 3243 861 3317 legationes,
884 3260 956 3299 cum
977 3252 1119 3301 senatus

158 3329 319 3385 creuerit
348 3327 548 3402 populusne
575 3328 742 3398 iusserit,
775 3343 814 3382 ex
843 3325 927 3384 urbe
956 3336 1119 3401 exeunte,

158 3411 277 3468 duella
304 3412 401 3468 lueta
428 3413 522 3467 iuste
544 3421 714 3484 gerunto,
741 3411 849 3466 sociis
877 3421 1062 3484 parcunto‚
1085 3430 1119 3469 se

158 3504 194 3551 et
215 3512 299 3551 suos
323 3497 545 3567 continente,
568 3494 690 3570 populi
713 3496 763 3551 sui
785 3494 932 3568 gloriam
948 3505 1119 3571 augente,

233 3700 252 3768 ¹)
267 3703 375 3752 Addidi.
407 3697 428 3765 ¹)
448 3701 535 3751 Verba
548 3703 633 3767 reliqui
647 3703 836 3763 magistratusue
847 3710 916 3751 sunto
927 3704 953 3751 in
965 3703 1020 3752 AB
1028 3712 1052 3754 et
1062 3705 1119 3753 edd.

154 3776 236 3837 poulo
247 3780 309 3837 post
324 3775 393 3822 inter
407 3787 451 3821 nec
461 3781 546 3823 escunt
555 3781 581 3823 et
589 3775 694 3838 auspicia
704 3782 797 3838 patrum
806 3776 935 3839 leguntur.
965 3771 987 3839 ⁸)
1001 3790 1052 3824 nec.
1067 3772 1079 3825 ἰ
1096 3775 1120 3824 Α

158 3844 184 3893 Β
196 3860 239 3894 neo
255 3851 323 3893 eruut
337 3844 395 3894 edd.
425 3840 448 3909 ⁴)
462 3843 518 3894 AB
530 3845 607 3909 possit
621 3846 660 3895 ed.
672 3845 703 3895 V.
