<?xml version="1.0" encoding="UTF-8"?>
<!DOCTYPE html PUBLIC "-//W3C//DTD XHTML 1.0 Transitional//EN"
    "http://www.w3.org/TR/xhtml1/DTD/xhtml1-transitional.dtd">
<html xmlns="http://www.w3.org/1999/xhtml" xml:lang="en" lang="en">
 <head>
  <title>
</title>
<meta http-equiv="Content-Type" content="text/html;charset=utf-8" />
  <meta name='ocr-system' content='tesseract 3.04.00' />
  <meta name='ocr-capabilities' content='ocr_page ocr_carea ocr_par ocr_line ocrx_word'/>
</head>
<body>
  <div class='ocr_page' id='page_1' title='image "./iurisprvdentiae00huscgoog_0838.png"; bbox 0 0 2378 4386; ppageno 0'>
   <div class='ocr_carea' id='block_1_1' title="bbox 329 549 1069 615">
    <p class='ocr_par' dir='ltr' id='par_1_1' title="bbox 329 549 1069 615">
     <span class='ocr_line' id='line_1_1' title="bbox 329 549 1069 615; baseline 0.014 -18"><span class='ocrx_word' id='word_1_1' title='bbox 329 564 364 599; x_wconf 77' lang='lat' dir='ltr'><strong>ne</strong></span> <span class='ocrx_word' id='word_1_2' title='bbox 378 563 574 599; x_wconf 74' lang='lat' dir='ltr'><strong>uorsrromovs</strong></span> <span class='ocrx_word' id='word_1_3' title='bbox 591 564 627 600; x_wconf 74' lang='lat' dir='ltr'><strong>no</strong></span> <span class='ocrx_word' id='word_1_4' title='bbox 646 564 734 601; x_wconf 72' lang='lat' dir='ltr'><strong>oraru</strong></span> <span class='ocrx_word' id='word_1_5' title='bbox 752 565 867 601; x_wconf 72' lang='lat' dir='ltr'><strong>cincus.</strong></span> <span class='ocrx_word' id='word_1_6' title='bbox 1009 549 1069 615; x_wconf 78' lang='grc'><strong>799</strong></span> 
     </span>
    </p>
   </div>
   <div class='ocr_carea' id='block_1_2' title="bbox 75 688 1179 2188">
    <p class='ocr_par' dir='ltr' id='par_1_2' title="bbox 75 688 1072 770">
     <span class='ocr_line' id='line_1_2' title="bbox 75 688 1072 770; baseline 0.001 -16"><span class='ocrx_word' id='word_1_7' title='bbox 75 713 107 762; x_wconf 75' lang='lat' dir='ltr'><strong>rs]</strong></span> <span class='ocrx_word' id='word_1_8' title='bbox 120 697 226 752; x_wconf 89' lang='lat' dir='ltr'><strong>sionem</strong></span> <span class='ocrx_word' id='word_1_9' title='bbox 247 694 395 764; x_wconf 76' lang='lat' dir='ltr'><strong>intinxisti,</strong></span> <span class='ocrx_word' id='word_1_10' title='bbox 413 694 560 767; x_wconf 72' lang='lat' dir='ltr'><strong>perfectam</strong></span> <span class='ocrx_word' id='word_1_11' title='bbox 575 711 605 752; x_wconf 86' lang='lat' dir='ltr'><strong>ac</strong></span> <span class='ocrx_word' id='word_1_12' title='bbox 620 688 757 752; x_wconf 81' lang='lat' dir='ltr'><strong>’solialom¹</strong></span> <span class='ocrx_word' id='word_1_13' title='bbox 775 696 821 752; x_wconf 85' lang='lat' dir='ltr'><strong>tibi</strong></span> <span class='ocrx_word' id='word_1_14' title='bbox 838 699 958 769; x_wconf 84' lang='lat' dir='ltr'><strong>praedii,</strong></span> <span class='ocrx_word' id='word_1_15' title='bbox 970 699 1005 754; x_wconf 81' lang='lat' dir='ltr'><strong>ale</strong></span> <span class='ocrx_word' id='word_1_16' title='bbox 1016 715 1072 770; x_wconf 83' lang='lat' dir='ltr'><strong>pao</strong></span> 
     </span>
    </p>

    <p class='ocr_par' dir='ltr' id='par_1_3' title="bbox 119 779 1149 1607">
     <span class='ocr_line' id='line_1_3' title="bbox 121 779 1073 854; baseline 0.002 -20"><span class='ocrx_word' id='word_1_17' title='bbox 121 780 226 852; x_wconf 76' lang='lat' dir='ltr'><strong>opiter,</strong></span> <span class='ocrx_word' id='word_1_18' title='bbox 241 780 420 835; x_wconf 80' lang='lat' dir='ltr'><em>donationem</em></span> <span class='ocrx_word' id='word_1_19' title='bbox 441 779 516 835; x_wconf 81' lang='lat' dir='ltr'><strong>olrici</strong></span> <span class='ocrx_word' id='word_1_20' title='bbox 529 795 583 834; x_wconf 89' lang='lat' dir='ltr'><strong>uon</strong></span> <span class='ocrx_word' id='word_1_21' title='bbox 599 795 690 852; x_wconf 85' lang='lat' dir='ltr'><strong>posse,</strong></span> <span class='ocrx_word' id='word_1_22' title='bbox 712 779 818 852; x_wconf 84' lang='lat' dir='ltr'><strong>quando</strong></span> <span class='ocrx_word' id='word_1_23' title='bbox 834 780 904 854; x_wconf 86' lang='lat' dir='ltr'><strong>apud</strong></span> <span class='ocrx_word' id='word_1_24' title='bbox 921 788 947 836; x_wconf 87' lang='lat' dir='ltr'><strong>te</strong></span> <span class='ocrx_word' id='word_1_25' title='bbox 962 782 1019 836; x_wconf 91' lang='lat' dir='ltr'><strong>eius</strong></span> <span class='ocrx_word' id='word_1_26' title='bbox 1034 781 1073 837; x_wconf 90' lang='lat' dir='ltr'><strong>rel</strong></span> 
     </span>
     <span class='ocr_line' id='line_1_4' title="bbox 120 856 1073 938; baseline 0.003 -21"><span class='ocrx_word' id='word_1_27' title='bbox 120 863 279 938; x_wconf 76' lang='lat' dir='ltr'><strong>proprietas</strong></span> <span class='ocrx_word' id='word_1_28' title='bbox 299 866 448 919; x_wconf 76' lang='lat' dir='ltr'><strong>remansit.</strong></span> <span class='ocrx_word' id='word_1_29' title='bbox 479 861 537 918; x_wconf 79' lang='lat' dir='ltr'><strong>Seri</strong></span> <span class='ocrx_word' id='word_1_30' title='bbox 549 879 603 918; x_wconf 88' lang='lat' dir='ltr'><strong>nee</strong></span> <span class='ocrx_word' id='word_1_31' title='bbox 619 863 802 934; x_wconf 85' lang='lat' dir='ltr'><strong>sanctionum</strong></span> <span class='ocrx_word' id='word_1_32' title='bbox 816 856 1014 936; x_wconf 79' lang='lat' dir='ltr'><strong>depensiones¹</strong></span> <span class='ocrx_word' id='word_1_33' title='bbox 1029 864 1073 921; x_wconf 90' lang='lat' dir='ltr'><strong>uel</strong></span> 
     </span>
     <span class='ocr_line' id='line_1_5' title="bbox 120 945 1074 1021; baseline 0.003 -19"><span class='ocrx_word' id='word_1_34' title='bbox 120 962 170 1020; x_wconf 91' lang='lat' dir='ltr'><strong>per</strong></span> <span class='ocrx_word' id='word_1_35' title='bbox 196 962 272 1012; x_wconf 86' lang='lat' dir='ltr'><strong>eum,</strong></span> <span class='ocrx_word' id='word_1_36' title='bbox 294 947 337 1002; x_wconf 91' lang='lat' dir='ltr'><strong>cui</strong></span> <span class='ocrx_word' id='word_1_37' title='bbox 358 945 462 1002; x_wconf 80' lang='lat' dir='ltr'><strong>donata</strong></span> <span class='ocrx_word' id='word_1_38' title='bbox 483 954 692 1017; x_wconf 70' lang='lat' dir='ltr'><strong>remunerat,</strong></span> <span class='ocrx_word' id='word_1_39' title='bbox 708 948 755 1003; x_wconf 86' lang='lat' dir='ltr'><strong>nel</strong></span> <span class='ocrx_word' id='word_1_40' title='bbox 769 948 806 1004; x_wconf 81' lang='lat' dir='ltr'><strong>ab</strong></span> <span class='ocrx_word' id='word_1_41' title='bbox 822 949 969 1005; x_wconf 81' lang='lat' dir='ltr'><strong>actoribus</strong></span> <span class='ocrx_word' id='word_1_42' title='bbox 983 951 1074 1021; x_wconf 79' lang='lat' dir='ltr'><strong>ipsim</strong></span> 
     </span>
     <span class='ocr_line' id='line_1_6' title="bbox 121 1022 1074 1104; baseline 0.005 -18"><span class='ocrx_word' id='word_1_43' title='bbox 121 1033 232 1087; x_wconf 91' lang='lat' dir='ltr'><strong>nomine</strong></span> <span class='ocrx_word' id='word_1_44' title='bbox 259 1026 408 1085; x_wconf 77' lang='lat' dir='ltr'><strong>celebratae</strong></span> <span class='ocrx_word' id='word_1_45' title='bbox 430 1022 535 1085; x_wconf 77' lang='lat' dir='ltr'><strong>&#39;nuno¹</strong></span> <span class='ocrx_word' id='word_1_46' title='bbox 558 1028 604 1084; x_wconf 87' lang='lat' dir='ltr'><strong>tibi</strong></span> <span class='ocrx_word' id='word_1_47' title='bbox 627 1029 723 1087; x_wconf 87' lang='lat' dir='ltr'><strong>obesse</strong></span> <span class='ocrx_word' id='word_1_48' title='bbox 744 1025 907 1088; x_wconf 56' lang='grc' dir='ltr'><strong>ἀιὶιιενειιε4</strong></span> <span class='ocrx_word' id='word_1_49' title='bbox 927 1047 991 1088; x_wconf 89' lang='lat' dir='ltr'><strong>enm</strong></span> <span class='ocrx_word' id='word_1_50' title='bbox 1008 1047 1074 1104; x_wconf 87' lang='lat' dir='ltr'><strong>pus·</strong></span> 
     </span>
     <span class='ocr_line' id='line_1_7' title="bbox 121 1111 1149 1186; baseline 0.003 -16"><span class='ocrx_word' id='word_1_51' title='bbox 121 1122 197 1172; x_wconf 90' lang='lat' dir='ltr'><strong>snnt.</strong></span> <span class='ocrx_word' id='word_1_52' title='bbox 234 1111 341 1180; x_wconf 80' lang='lat' dir='ltr'><strong>Quodsi</strong></span> <span class='ocrx_word' id='word_1_53' title='bbox 368 1113 474 1169; x_wconf 82' lang='lat' dir='ltr'><strong>absens</strong></span> <span class='ocrx_word' id='word_1_54' title='bbox 495 1116 579 1169; x_wconf 90' lang='lat' dir='ltr'><strong>etiam</strong></span> <span class='ocrx_word' id='word_1_55' title='bbox 603 1121 681 1170; x_wconf 90' lang='lat' dir='ltr'><strong>tnnm</strong></span> <span class='ocrx_word' id='word_1_56' title='bbox 700 1115 802 1169; x_wconf 88' lang='lat' dir='ltr'><strong>iustum</strong></span> <span class='ocrx_word' id='word_1_57' title='bbox 822 1115 982 1186; x_wconf 81' lang='lat' dir='ltr'><strong>magistrum</strong></span> <span class='ocrx_word' id='word_1_58' title='bbox 1002 1132 1074 1172; x_wconf 91' lang='lat' dir='ltr'><strong>sum·</strong></span> <span class='ocrx_word' id='word_1_59' title='bbox 1147 1173 1149 1178; x_wconf 76' lang='grc'>,</span> 
     </span>
     <span class='ocr_line' id='line_1_8' title="bbox 121 1196 1072 1271; baseline 0.001 -16"><span class='ocrx_word' id='word_1_60' title='bbox 121 1201 231 1255; x_wconf 87' lang='lat' dir='ltr'><strong>moneri</strong></span> <span class='ocrx_word' id='word_1_61' title='bbox 249 1200 281 1253; x_wconf 89' lang='lat' dir='ltr'><strong>ni</strong></span> <span class='ocrx_word' id='word_1_62' title='bbox 300 1198 335 1252; x_wconf 80' lang='lat' dir='ltr'><strong>ete</strong></span> <span class='ocrx_word' id='word_1_63' title='bbox 353 1199 533 1268; x_wconf 77' lang='lat' dir='ltr'><strong>possessione</strong></span> <span class='ocrx_word' id='word_1_64' title='bbox 550 1196 636 1267; x_wconf 82' lang='lat' dir='ltr'><strong>fecit,</strong></span> <span class='ocrx_word' id='word_1_65' title='bbox 650 1198 813 1268; x_wconf 73' lang='lat' dir='ltr'><strong>praesidem</strong></span> <span class='ocrx_word' id='word_1_66' title='bbox 824 1202 999 1268; x_wconf 85' lang='lat' dir='ltr'><strong>prouinciae</strong></span> <span class='ocrx_word' id='word_1_67' title='bbox 1014 1200 1072 1271; x_wconf 84' lang='lat' dir='ltr'><strong>odi,</strong></span> 
     </span>
     <span class='ocr_line' id='line_1_9' title="bbox 123 1279 1074 1347; baseline 0 -9"><span class='ocrx_word' id='word_1_68' title='bbox 123 1289 152 1338; x_wconf 90' lang='lat' dir='ltr'><strong>at</strong></span> <span class='ocrx_word' id='word_1_69' title='bbox 168 1286 192 1337; x_wconf 90' lang='lat' dir='ltr'><strong>is</strong></span> <span class='ocrx_word' id='word_1_70' title='bbox 212 1295 275 1336; x_wconf 90' lang='lat' dir='ltr'><strong>eam</strong></span> <span class='ocrx_word' id='word_1_71' title='bbox 290 1295 351 1336; x_wconf 91' lang='lat' dir='ltr'><strong>cum</strong></span> <span class='ocrx_word' id='word_1_72' title='bbox 366 1281 572 1336; x_wconf 83' lang='lat' dir='ltr'><strong>comminatione</strong></span> <span class='ocrx_word' id='word_1_73' title='bbox 590 1279 719 1336; x_wconf 87' lang='lat' dir='ltr'><strong>uidelicet</strong></span> <span class='ocrx_word' id='word_1_74' title='bbox 734 1283 834 1337; x_wconf 83' lang='lat' dir='ltr'><strong>uenire</strong></span> <span class='ocrx_word' id='word_1_75' title='bbox 849 1281 958 1347; x_wconf 81' lang='lat' dir='ltr'><strong>inient,</strong></span> <span class='ocrx_word' id='word_1_76' title='bbox 975 1288 1002 1336; x_wconf 92' lang='lat' dir='ltr'><strong>et</strong></span> <span class='ocrx_word' id='word_1_77' title='bbox 1018 1285 1074 1339; x_wconf 91' lang='lat' dir='ltr'><strong>nim</strong></span> 
     </span>
     <span class='ocr_line' id='line_1_10' title="bbox 119 1362 1075 1437; baseline -0.001 -16"><span class='ocrx_word' id='word_1_78' title='bbox 119 1366 232 1437; x_wconf 77' lang='lat' dir='ltr'><strong>factam</strong></span> <span class='ocrx_word' id='word_1_79' title='bbox 253 1366 385 1421; x_wconf 87' lang='lat' dir='ltr'><strong>ueniente</strong></span> <span class='ocrx_word' id='word_1_80' title='bbox 405 1365 451 1420; x_wconf 84' lang='lat' dir='ltr'><strong>die</strong></span> <span class='ocrx_word' id='word_1_81' title='bbox 477 1380 516 1419; x_wconf 87' lang='lat' dir='ltr'><strong>eac</strong></span> <span class='ocrx_word' id='word_1_82' title='bbox 531 1362 717 1436; x_wconf 80' lang='lat' dir='ltr'><strong>proeliuitione</strong></span> <span class='ocrx_word' id='word_1_83' title='bbox 732 1362 834 1437; x_wconf 83' lang='lat' dir='ltr'><strong>allega,</strong></span> <span class='ocrx_word' id='word_1_84' title='bbox 855 1370 886 1418; x_wconf 89' lang='lat' dir='ltr'><strong>ut</strong></span> <span class='ocrx_word' id='word_1_85' title='bbox 906 1365 928 1418; x_wconf 91' lang='lat' dir='ltr'><strong>si</strong></span> <span class='ocrx_word' id='word_1_86' title='bbox 948 1365 1075 1437; x_wconf 79' lang='lat' dir='ltr'><strong>praesidi</strong></span> 
     </span>
     <span class='ocr_line' id='line_1_11' title="bbox 122 1445 1072 1518; baseline -0.001 -15"><span class='ocrx_word' id='word_1_87' title='bbox 122 1463 182 1504; x_wconf 88' lang='lat' dir='ltr'><strong>rem</strong></span> <span class='ocrx_word' id='word_1_88' title='bbox 196 1447 380 1518; x_wconf 75' lang='lat' dir='ltr'><strong>probaveris,</strong></span> <span class='ocrx_word' id='word_1_89' title='bbox 400 1449 592 1503; x_wconf 80' lang='lat' dir='ltr'><strong>aduersarius</strong></span> <span class='ocrx_word' id='word_1_90' title='bbox 606 1455 633 1503; x_wconf 92' lang='lat' dir='ltr'><strong>te</strong></span> <span class='ocrx_word' id='word_1_91' title='bbox 648 1451 800 1503; x_wconf 83' lang='lat' dir='ltr'><strong>restituere</strong></span> <span class='ocrx_word' id='word_1_92' title='bbox 815 1447 1005 1518; x_wconf 86' lang='lat' dir='ltr'><strong>compellatur.</strong></span> <span class='ocrx_word' id='word_1_93' title='bbox 1021 1445 1072 1503; x_wconf 84' lang='lat' dir='ltr'><strong>PP.</strong></span> 
     </span>
     <span class='ocr_line' id='line_1_12' title="bbox 122 1524 730 1607; baseline 0.002 -22"><span class='ocrx_word' id='word_1_94' title='bbox 122 1531 164 1586; x_wconf 87' lang='lat' dir='ltr'><strong>Vl.</strong></span> <span class='ocrx_word' id='word_1_95' title='bbox 181 1529 232 1585; x_wconf 81' lang='lat' dir='ltr'><strong>kal.</strong></span> <span class='ocrx_word' id='word_1_96' title='bbox 249 1529 302 1590; x_wconf 84' lang='lat' dir='ltr'><strong>lan.</strong></span> <span class='ocrx_word' id='word_1_97' title='bbox 319 1528 439 1585; x_wconf 77' lang='lat' dir='ltr'><strong>Messala</strong></span> <span class='ocrx_word' id='word_1_98' title='bbox 454 1537 481 1586; x_wconf 87' lang='lat' dir='ltr'><strong>et</strong></span> <span class='ocrx_word' id='word_1_99' title='bbox 497 1530 586 1587; x_wconf 81' lang='lat' dir='ltr'><strong>Grato</strong></span> <span class='ocrx_word' id='word_1_100' title='bbox 602 1524 710 1590; x_wconf 78' lang='lat' dir='ltr'><strong>conss.¹</strong></span> <span class='ocrx_word' id='word_1_101' title='bbox 726 1524 730 1607; x_wconf 78' lang='grc' dir='ltr'>Ι</span> 
     </span>
    </p>

    <p class='ocr_par' dir='ltr' id='par_1_4' title="bbox 122 1606 1179 2092">
     <span class='ocr_line' id='line_1_13' title="bbox 183 1606 1175 1688; baseline -0.003 -19"><span class='ocrx_word' id='word_1_102' title='bbox 183 1609 254 1669; x_wconf 76' lang='grc'><strong>289.</strong></span> <span class='ocrx_word' id='word_1_103' title='bbox 278 1606 298 1667; x_wconf 79' lang='lat'><strong>⁶.</strong></span> <span class='ocrx_word' id='word_1_104' title='bbox 316 1655 323 1669; x_wconf 92' lang='lat'><em>.</em></span> <span class='ocrx_word' id='word_1_105' title='bbox 341 1658 349 1674; x_wconf 82' lang='lat'><strong>.</strong></span> <span class='ocrx_word' id='word_1_106' title='bbox 365 1650 373 1667; x_wconf 87' lang='lat'><strong>.</strong></span> <span class='ocrx_word' id='word_1_107' title='bbox 390 1612 490 1684; x_wconf 83' lang='lat' dir='ltr'><strong>Nepae</strong></span> <span class='ocrx_word' id='word_1_108' title='bbox 508 1617 538 1670; x_wconf 89' lang='lat' dir='ltr'><strong>in</strong></span> <span class='ocrx_word' id='word_1_109' title='bbox 553 1622 680 1685; x_wconf 74' lang='lat' dir='ltr'><strong>excepta</strong></span> <span class='ocrx_word' id='word_1_110' title='bbox 692 1629 820 1685; x_wconf 85' lang='lat' dir='ltr'><strong>persana</strong></span> <span class='ocrx_word' id='word_1_111' title='bbox 834 1630 887 1687; x_wconf 92' lang='lat' dir='ltr'><strong>per</strong></span> <span class='ocrx_word' id='word_1_112' title='bbox 901 1611 1175 1688; x_wconf 70' lang='lat' dir='ltr'><strong>stipendisrilrrmtte]</strong></span> 
     </span>
     <span class='ocr_line' id='line_1_14' title="bbox 122 1685 1174 1789; baseline 0.003 -36"><span class='ocrx_word' id='word_1_113' title='bbox 122 1695 167 1753; x_wconf 87' lang='lat' dir='ltr'><strong>uel</strong></span> <span class='ocrx_word' id='word_1_114' title='bbox 183 1694 322 1752; x_wconf 81' lang='lat' dir='ltr'><strong>tributarii</strong></span> <span class='ocrx_word' id='word_1_115' title='bbox 329 1698 448 1769; x_wconf 79' lang='lat' dir='ltr'><strong>praedii</strong></span> <span class='ocrx_word' id='word_1_116' title='bbox 465 1702 702 1770; x_wconf 72' lang='lat' dir='ltr'><strong>mancipationem</strong></span> <span class='ocrx_word' id='word_1_117' title='bbox 717 1702 779 1755; x_wconf 89' lang='lat' dir='ltr'><strong>sine</strong></span> <span class='ocrx_word' id='word_1_118' title='bbox 795 1703 971 1769; x_wconf 76' lang='lat' dir='ltr'><strong>possesiones</strong></span> <span class='ocrx_word' id='word_1_119' title='bbox 982 1700 1071 1756; x_wconf 82' lang='lat' dir='ltr'><strong>tradi·</strong></span> <span class='ocrx_word' id='word_1_120' title='bbox 1083 1685 1174 1789; x_wconf 47' lang='lat' dir='ltr'><strong>&#39;war</strong></span> 
     </span>
     <span class='ocr_line' id='line_1_15' title="bbox 122 1773 1179 1855; baseline 0.002 -18"><span class='ocrx_word' id='word_1_121' title='bbox 122 1784 198 1837; x_wconf 90' lang='lat' dir='ltr'><strong>tione</strong></span> <span class='ocrx_word' id='word_1_122' title='bbox 218 1781 333 1836; x_wconf 81' lang='lat' dir='ltr'><strong>donatio</strong></span> <span class='ocrx_word' id='word_1_123' title='bbox 353 1778 501 1853; x_wconf 88' lang='lat' dir='ltr'><strong>perficitur.</strong></span> <span class='ocrx_word' id='word_1_124' title='bbox 542 1782 614 1837; x_wconf 86' lang='lat' dir='ltr'><strong>Pone</strong></span> <span class='ocrx_word' id='word_1_125' title='bbox 629 1782 713 1855; x_wconf 80' lang='lat' dir='ltr'><strong>igitur</strong></span> <span class='ocrx_word' id='word_1_126' title='bbox 727 1780 949 1854; x_wconf 80' lang='lat' dir='ltr'><strong>sollicitudinem,</strong></span> <span class='ocrx_word' id='word_1_127' title='bbox 965 1787 991 1838; x_wconf 92' lang='lat' dir='ltr'><strong>si</strong></span> <span class='ocrx_word' id='word_1_128' title='bbox 1007 1801 1073 1841; x_wconf 91' lang='lat' dir='ltr'><strong>con·</strong></span> <span class='ocrx_word' id='word_1_129' title='bbox 1100 1793 1150 1831; x_wconf 65' lang='grc' dir='ltr'><strong>ΜΡ.</strong></span> <span class='ocrx_word' id='word_1_130' title='bbox 1172 1773 1179 1787; x_wconf 81' lang='grc'><strong>’</strong></span> 
     </span>
     <span class='ocr_line' id='line_1_16' title="bbox 122 1865 1074 1938; baseline 0.004 -18"><span class='ocrx_word' id='word_1_131' title='bbox 122 1870 188 1930; x_wconf 88' lang='lat' dir='ltr'><strong>stat,</strong></span> <span class='ocrx_word' id='word_1_132' title='bbox 205 1880 276 1933; x_wconf 87' lang='lat' dir='ltr'><strong>eum,</strong></span> <span class='ocrx_word' id='word_1_133' title='bbox 293 1867 384 1936; x_wconf 85' lang='lat' dir='ltr'><strong>quiin</strong></span> <span class='ocrx_word' id='word_1_134' title='bbox 399 1866 529 1935; x_wconf 83' lang='lat' dir='ltr'><strong>praediis</strong></span> <span class='ocrx_word' id='word_1_135' title='bbox 550 1873 597 1922; x_wconf 85' lang='lat' dir='ltr'><strong>tuo</strong></span> <span class='ocrx_word' id='word_1_136' title='bbox 613 1868 725 1922; x_wconf 88' lang='lat' dir='ltr'><strong>nomine</strong></span> <span class='ocrx_word' id='word_1_137' title='bbox 740 1865 834 1938; x_wconf 80' lang='lat' dir='ltr'><strong>degit,</strong></span> <span class='ocrx_word' id='word_1_138' title='bbox 856 1882 912 1922; x_wconf 84' lang='lat' dir='ltr'><strong>rron</strong></span> <span class='ocrx_word' id='word_1_139' title='bbox 933 1867 1074 1924; x_wconf 79' lang='lat' dir='ltr'><strong>tradidisse</strong></span> 
     </span>
     <span class='ocr_line' id='line_1_17' title="bbox 122 1946 1074 2021; baseline 0.003 -18"><span class='ocrx_word' id='word_1_140' title='bbox 122 1963 164 2016; x_wconf 87' lang='lat' dir='ltr'><strong>ea,</strong></span> <span class='ocrx_word' id='word_1_141' title='bbox 181 1946 224 2002; x_wconf 89' lang='lat' dir='ltr'><strong>uel</strong></span> <span class='ocrx_word' id='word_1_142' title='bbox 239 1963 307 2020; x_wconf 87' lang='lat' dir='ltr'><strong>quae</strong></span> <span class='ocrx_word' id='word_1_143' title='bbox 322 1949 398 2004; x_wconf 87' lang='lat' dir='ltr'><strong>altra</strong></span> <span class='ocrx_word' id='word_1_144' title='bbox 410 1948 494 2019; x_wconf 77' lang='lat' dir='ltr'><strong>fecit,</strong></span> <span class='ocrx_word' id='word_1_145' title='bbox 509 1963 548 2004; x_wconf 79' lang='lat' dir='ltr'><strong>ea</strong></span> <span class='ocrx_word' id='word_1_146' title='bbox 564 1950 698 2005; x_wconf 77' lang='lat' dir='ltr'><strong>mandato</strong></span> <span class='ocrx_word' id='word_1_147' title='bbox 711 1951 757 2005; x_wconf 88' lang='lat' dir='ltr'><strong>ael</strong></span> <span class='ocrx_word' id='word_1_148' title='bbox 769 1952 917 2006; x_wconf 83' lang='lat' dir='ltr'><strong>uoluntate</strong></span> <span class='ocrx_word' id='word_1_149' title='bbox 929 1957 978 2006; x_wconf 87' lang='lat' dir='ltr'><strong>tua</strong></span> <span class='ocrx_word' id='word_1_150' title='bbox 988 1950 1074 2021; x_wconf 85' lang='lat' dir='ltr'><strong>sacta</strong></span> 
     </span>
     <span class='ocr_line' id='line_1_18' title="bbox 122 2024 799 2092; baseline -0.003 -4"><span class='ocrx_word' id='word_1_151' title='bbox 122 2024 268 2088; x_wconf 85' lang='lat' dir='ltr'><strong>&#39;uocanda⁷</strong></span> <span class='ocrx_word' id='word_1_152' title='bbox 283 2046 339 2087; x_wconf 86' lang='lat' dir='ltr'><strong>uon</strong></span> <span class='ocrx_word' id='word_1_153' title='bbox 354 2040 426 2087; x_wconf 88' lang='lat' dir='ltr'><strong>sunt.</strong></span> <span class='ocrx_word' id='word_1_154' title='bbox 456 2030 506 2086; x_wconf 87' lang='lat' dir='ltr'><strong>PP.</strong></span> <span class='ocrx_word' id='word_1_155' title='bbox 524 2031 582 2089; x_wconf 80' lang='lat' dir='ltr'><strong>lton</strong></span> <span class='ocrx_word' id='word_1_156' title='bbox 597 2032 645 2088; x_wconf 83' lang='lat' dir='ltr'><strong>Oct</strong></span> <span class='ocrx_word' id='word_1_157' title='bbox 648 2072 799 2092; x_wconf 89' lang='grc'><strong>.......</strong></span> 
     </span>
    </p>

    <p class='ocr_par' dir='ltr' id='par_1_5' title="bbox 185 2108 1076 2188">
     <span class='ocr_line' id='line_1_19' title="bbox 185 2108 1076 2188; baseline 0.003 -16"><span class='ocrx_word' id='word_1_158' title='bbox 185 2110 260 2172; x_wconf 80' lang='grc'><strong>290.</strong></span> <span class='ocrx_word' id='word_1_159' title='bbox 284 2108 305 2169; x_wconf 86' lang='lat'><strong>⁸.</strong></span> <span class='ocrx_word' id='word_1_160' title='bbox 322 2154 331 2171; x_wconf 87' lang='lat'><em>.</em></span> <span class='ocrx_word' id='word_1_161' title='bbox 346 2160 354 2176; x_wconf 87' lang='lat'><strong>.</strong></span> <span class='ocrx_word' id='word_1_162' title='bbox 370 2156 377 2171; x_wconf 90' lang='lat'>.</span> <span class='ocrx_word' id='word_1_163' title='bbox 395 2114 506 2172; x_wconf 83' lang='lat' dir='ltr'><strong>Secura</strong></span> <span class='ocrx_word' id='word_1_164' title='bbox 522 2130 585 2172; x_wconf 89' lang='lat' dir='ltr'><strong>esse</strong></span> <span class='ocrx_word' id='word_1_165' title='bbox 595 2122 689 2188; x_wconf 88' lang='lat' dir='ltr'><strong>potes,</strong></span> <span class='ocrx_word' id='word_1_166' title='bbox 705 2133 769 2173; x_wconf 87' lang='lat' dir='ltr'><strong>enm</strong></span> <span class='ocrx_word' id='word_1_167' title='bbox 786 2116 899 2188; x_wconf 86' lang='lat' dir='ltr'><strong>’preces</strong></span> <span class='ocrx_word' id='word_1_168' title='bbox 912 2123 980 2174; x_wconf 85' lang='lat' dir='ltr'><strong>tuas</strong></span> <span class='ocrx_word' id='word_1_169' title='bbox 994 2110 1076 2175; x_wconf 78' lang='lat' dir='ltr'><strong>ides¹</strong></span> 
     </span>
    </p>
   </div>
   <div class='ocr_carea' id='block_1_3' title="bbox 123 2198 1076 2273">
    <p class='ocr_par' dir='ltr' id='par_1_6' title="bbox 123 2198 1076 2273">
     <span class='ocr_line' id='line_1_20' title="bbox 123 2198 1076 2273; baseline 0.004 -18"><span class='ocrx_word' id='word_1_170' title='bbox 123 2198 242 2255; x_wconf 82' lang='lat' dir='ltr'><strong>adiuuet.</strong></span> <span class='ocrx_word' id='word_1_171' title='bbox 270 2199 395 2256; x_wconf 86' lang='lat' dir='ltr'><strong>Ceterum</strong></span> <span class='ocrx_word' id='word_1_172' title='bbox 410 2200 487 2272; x_wconf 84' lang='lat' dir='ltr'><strong>qaod</strong></span> <span class='ocrx_word' id='word_1_173' title='bbox 496 2204 647 2271; x_wconf 87' lang='lat' dir='ltr'><strong>proponis,</strong></span> <span class='ocrx_word' id='word_1_174' title='bbox 667 2216 720 2257; x_wconf 90' lang='lat' dir='ltr'><strong>nec</strong></span> <span class='ocrx_word' id='word_1_175' title='bbox 730 2199 910 2257; x_wconf 77' lang='lat' dir='ltr'><strong>inhonestam</strong></span> <span class='ocrx_word' id='word_1_176' title='bbox 923 2203 1019 2273; x_wconf 87' lang='lat' dir='ltr'><strong>patris</strong></span> <span class='ocrx_word' id='word_1_177' title='bbox 1034 2204 1076 2259; x_wconf 88' lang='lat' dir='ltr'><strong>tni</strong></span> 
     </span>
    </p>
   </div>
   <div class='ocr_carea' id='block_1_4' title="bbox 122 2276 1141 2605">
    <p class='ocr_par' dir='ltr' id='par_1_7' title="bbox 122 2276 1141 2605">
     <span class='ocr_line' id='line_1_21' title="bbox 122 2276 1075 2357; baseline 0.004 -20"><span class='ocrx_word' id='word_1_178' title='bbox 122 2296 177 2337; x_wconf 86' lang='lat' dir='ltr'><strong>nec</strong></span> <span class='ocrx_word' id='word_1_179' title='bbox 192 2282 317 2339; x_wconf 84' lang='lat' dir='ltr'><strong>inutilem</strong></span> <span class='ocrx_word' id='word_1_180' title='bbox 332 2276 488 2339; x_wconf 77' lang='lat' dir='ltr'><strong>’declarat¹¹&gt;</strong></span> <span class='ocrx_word' id='word_1_181' title='bbox 508 2282 685 2354; x_wconf 83' lang='lat' dir='ltr'><strong>uoluntatem,</strong></span> <span class='ocrx_word' id='word_1_182' title='bbox 706 2300 771 2342; x_wconf 89' lang='lat' dir='ltr'><strong>cum</strong></span> <span class='ocrx_word' id='word_1_183' title='bbox 793 2290 824 2340; x_wconf 90' lang='lat' dir='ltr'><strong>tn</strong></span> <span class='ocrx_word' id='word_1_184' title='bbox 837 2284 1030 2357; x_wconf 76' lang='lat' dir='ltr'><strong>filiafamilias</strong></span> <span class='ocrx_word' id='word_1_185' title='bbox 1044 2292 1075 2343; x_wconf 88' lang='lat' dir='ltr'><strong>at</strong></span> 
     </span>
     <span class='ocr_line' id='line_1_22' title="bbox 123 2365 1074 2442; baseline 0.003 -21"><span class='ocrx_word' id='word_1_186' title='bbox 123 2381 255 2437; x_wconf 81' lang='lat' dir='ltr'><strong>mapnom</strong></span> <span class='ocrx_word' id='word_1_187' title='bbox 278 2380 407 2423; x_wconf 88' lang='lat' dir='ltr'><strong>mereres</strong></span> <span class='ocrx_word' id='word_1_188' title='bbox 428 2367 606 2422; x_wconf 77' lang='lat' dir='ltr'><strong>donationem</strong></span> <span class='ocrx_word' id='word_1_189' title='bbox 632 2365 664 2422; x_wconf 83' lang='lat' dir='ltr'><strong>ab</strong></span> <span class='ocrx_word' id='word_1_190' title='bbox 685 2383 717 2424; x_wconf 89' lang='lat' dir='ltr'><strong>eo</strong></span> <span class='ocrx_word' id='word_1_191' title='bbox 742 2366 893 2441; x_wconf 77' lang='lat' dir='ltr'><strong>perfecisti:</strong></span> <span class='ocrx_word' id='word_1_192' title='bbox 919 2369 942 2424; x_wconf 89' lang='lat' dir='ltr'><strong>si</strong></span> <span class='ocrx_word' id='word_1_193' title='bbox 966 2367 1074 2442; x_wconf 86' lang='lat' dir='ltr'><strong>quidem</strong></span> 
     </span>
     <span class='ocr_line' id='line_1_23' title="bbox 123 2441 1075 2523; baseline 0.003 -20"><span class='ocrx_word' id='word_1_194' title='bbox 123 2441 268 2504; x_wconf 87' lang='lat' dir='ltr'><strong>&#39;leminis¹¹</strong></span> <span class='ocrx_word' id='word_1_195' title='bbox 280 2464 392 2522; x_wconf 83' lang='lat' dir='ltr'><strong>quoqne</strong></span> <span class='ocrx_word' id='word_1_196' title='bbox 402 2449 502 2506; x_wconf 80' lang='lat' dir='ltr'><strong>liberis</strong></span> <span class='ocrx_word' id='word_1_197' title='bbox 511 2455 538 2506; x_wconf 89' lang='lat' dir='ltr'><strong>et</strong></span> <span class='ocrx_word' id='word_1_198' title='bbox 550 2451 646 2507; x_wconf 74' lang='lat' dir='ltr'><strong>calluc</strong></span> <span class='ocrx_word' id='word_1_199' title='bbox 662 2453 692 2506; x_wconf 89' lang='lat' dir='ltr'><strong>in</strong></span> <span class='ocrx_word' id='word_1_200' title='bbox 706 2454 848 2523; x_wconf 89' lang='lat' dir='ltr'><strong>potestate</strong></span> <span class='ocrx_word' id='word_1_201' title='bbox 861 2467 914 2507; x_wconf 86' lang='lat' dir='ltr'><strong>sna</strong></span> <span class='ocrx_word' id='word_1_202' title='bbox 927 2468 963 2508; x_wconf 91' lang='lat' dir='ltr'><strong>ac</strong></span> <span class='ocrx_word' id='word_1_203' title='bbox 972 2452 1075 2523; x_wconf 79' lang='lat' dir='ltr'><strong>familie</strong></span> 
     </span>
     <span class='ocr_line' id='line_1_24' title="bbox 124 2521 1141 2605; baseline 0.005 -19"><span class='ocrx_word' id='word_1_204' title='bbox 124 2531 283 2604; x_wconf 82' lang='lat' dir='ltr'><strong>degentibus</strong></span> <span class='ocrx_word' id='word_1_205' title='bbox 299 2541 376 2605; x_wconf 82' lang='lat' dir='ltr'><strong>pater</strong></span> <span class='ocrx_word' id='word_1_206' title='bbox 392 2531 559 2590; x_wconf 86' lang='lat' dir='ltr'><strong>donationes</strong></span> <span class='ocrx_word' id='word_1_207' title='bbox 578 2540 656 2590; x_wconf 89' lang='lat' dir='ltr'><strong>recte</strong></span> <span class='ocrx_word' id='word_1_208' title='bbox 671 2533 816 2604; x_wconf 80' lang='lat' dir='ltr'><strong>conferat,</strong></span> <span class='ocrx_word' id='word_1_209' title='bbox 834 2538 947 2590; x_wconf 86' lang='lat' dir='ltr'><strong>etiamsi</strong></span> <span class='ocrx_word' id='word_1_210' title='bbox 965 2536 996 2590; x_wconf 84' lang='lat' dir='ltr'><strong>id</strong></span> <span class='ocrx_word' id='word_1_211' title='bbox 1012 2542 1075 2591; x_wconf 90' lang='lat' dir='ltr'><strong>tan·</strong></span> <span class='ocrx_word' id='word_1_212' title='bbox 1132 2521 1141 2537; x_wconf 74' lang='lat'><em>⁰</em></span> 
     </span>
    </p>
   </div>
   <div class='ocr_carea' id='block_1_5' title="bbox 125 2616 1075 2689">
    <p class='ocr_par' dir='ltr' id='par_1_8' title="bbox 125 2616 1075 2689">
     <span class='ocr_line' id='line_1_25' title="bbox 125 2616 1075 2689; baseline 0.003 -19"><span class='ocrx_word' id='word_1_213' title='bbox 125 2618 238 2673; x_wconf 82' lang='lat' dir='ltr'><strong>tandem</strong></span> <span class='ocrx_word' id='word_1_214' title='bbox 253 2617 295 2672; x_wconf 87' lang='lat' dir='ltr'><strong>eis</strong></span> <span class='ocrx_word' id='word_1_215' title='bbox 306 2618 351 2672; x_wconf 89' lang='lat' dir='ltr'><strong>uel</strong></span> <span class='ocrx_word' id='word_1_216' title='bbox 361 2618 449 2686; x_wconf 87' lang='lat' dir='ltr'><strong>panto</strong></span> <span class='ocrx_word' id='word_1_217' title='bbox 462 2618 529 2689; x_wconf 88' lang='lat' dir='ltr'><strong>plns</strong></span> <span class='ocrx_word' id='word_1_218' title='bbox 545 2616 612 2672; x_wconf 86' lang='lat' dir='ltr'><strong>adea</strong></span> <span class='ocrx_word' id='word_1_219' title='bbox 624 2616 798 2672; x_wconf 86' lang='lat' dir='ltr'><strong>emolumenti</strong></span> <span class='ocrx_word' id='word_1_220' title='bbox 809 2616 918 2680; x_wconf 86' lang='lat' dir='ltr'><strong>tribuat,</strong></span> <span class='ocrx_word' id='word_1_221' title='bbox 932 2634 1017 2689; x_wconf 85' lang='lat' dir='ltr'><strong>qnam</strong></span> <span class='ocrx_word' id='word_1_222' title='bbox 1026 2617 1075 2688; x_wconf 80' lang='lat' dir='ltr'><strong>fo·</strong></span> 
     </span>
    </p>
   </div>
   <div class='ocr_carea' id='block_1_6' title="bbox 76 2693 1074 2831">
    <p class='ocr_par' dir='ltr' id='par_1_9' title="bbox 76 2693 1074 2831">
     <span class='ocr_line' id='line_1_26' title="bbox 76 2693 1074 2775; baseline 0 -21"><span class='ocrx_word' id='word_1_223' title='bbox 76 2700 204 2769; x_wconf 63' lang='lat' dir='ltr'><strong>ocpcinnt</strong></span> <span class='ocrx_word' id='word_1_224' title='bbox 221 2705 323 2770; x_wconf 86' lang='lat' dir='ltr'><strong>partes</strong></span> <span class='ocrx_word' id='word_1_225' title='bbox 343 2703 464 2756; x_wconf 88' lang='lat' dir='ltr'><strong>omnium</strong></span> <span class='ocrx_word' id='word_1_226' title='bbox 482 2701 638 2758; x_wconf 83' lang='lat' dir='ltr'><strong>liberorum</strong></span> <span class='ocrx_word' id='word_1_227' title='bbox 665 2700 817 2775; x_wconf 82' lang='lat' dir='ltr'><strong>aequales,</strong></span> <span class='ocrx_word' id='word_1_228' title='bbox 837 2693 1022 2774; x_wconf 78' lang='lat' dir='ltr'><strong>quod’ut112</strong></span> <span class='ocrx_word' id='word_1_229' title='bbox 1042 2716 1074 2757; x_wconf 81' lang='lat' dir='ltr'><strong>er</strong></span> 
     </span>
     <span class='ocr_line' id='line_1_27' title="bbox 208 2802 219 2831; baseline 0 0"><span class='ocrx_word' id='word_1_230' title='bbox 208 2802 219 2831; x_wconf 55' lang='grc' dir='ltr'>ἱ</span> 
     </span>
    </p>
   </div>
   <div class='ocr_carea' id='block_1_7' title="bbox 120 2917 1078 3966">
    <p class='ocr_par' dir='ltr' id='par_1_10' title="bbox 120 2917 1078 3966">
     <span class='ocr_line' id='line_1_28' title="bbox 199 2917 1076 2986; baseline 0.002 -18"><span class='ocrx_word' id='word_1_231' title='bbox 199 2917 218 2983; x_wconf 90' lang='lat'><strong>¹)</strong></span> <span class='ocrx_word' id='word_1_232' title='bbox 233 2920 308 2969; x_wconf 81' lang='lat' dir='ltr'><strong>solem</strong></span> <span class='ocrx_word' id='word_1_233' title='bbox 327 2919 385 2970; x_wconf 83' lang='lat' dir='ltr'><strong>Vct.</strong></span> <span class='ocrx_word' id='word_1_234' title='bbox 400 2920 458 2970; x_wconf 82' lang='lat' dir='ltr'><strong>edd.</strong></span> <span class='ocrx_word' id='word_1_235' title='bbox 479 2921 518 2983; x_wconf 79' lang='lat' dir='ltr'><strong>Cf.</strong></span> <span class='ocrx_word' id='word_1_236' title='bbox 534 2920 564 2969; x_wconf 75' lang='lat' dir='ltr'><strong>L.</strong></span> <span class='ocrx_word' id='word_1_237' title='bbox 581 2933 600 2970; x_wconf 90' lang='lat'><strong>1.</strong></span> <span class='ocrx_word' id='word_1_238' title='bbox 615 2922 669 2982; x_wconf 74' lang='lat' dir='ltr'><strong>§.s</strong></span> <span class='ocrx_word' id='word_1_239' title='bbox 693 2919 736 2969; x_wconf 70' lang='lat' dir='ltr'><strong>Ut.</strong></span> <span class='ocrx_word' id='word_1_240' title='bbox 753 2920 779 2970; x_wconf 82' lang='lat' dir='ltr'><strong>C.</strong></span> <span class='ocrx_word' id='word_1_241' title='bbox 794 2920 826 2970; x_wconf 86' lang='lat' dir='ltr'><strong>de</strong></span> <span class='ocrx_word' id='word_1_242' title='bbox 840 2927 898 2969; x_wconf 83' lang='lat' dir='ltr'><strong>mat.</strong></span> <span class='ocrx_word' id='word_1_243' title='bbox 913 2920 969 2970; x_wconf 87' lang='lat' dir='ltr'><strong>bon.</strong></span> <span class='ocrx_word' id='word_1_244' title='bbox 985 2918 1076 2986; x_wconf 82' lang='lat' dir='ltr'><strong>(e,1e):</strong></span> 
     </span>
     <span class='ocr_line' id='line_1_29' title="bbox 126 2986 1077 3055; baseline 0.001 -16"><span class='ocrx_word' id='word_1_245' title='bbox 126 2987 245 3040; x_wconf 84' lang='lat' dir='ltr'><strong>‘solidam</strong></span> <span class='ocrx_word' id='word_1_246' title='bbox 256 2990 448 3055; x_wconf 79' lang='lat' dir='ltr'><strong>perfectamque</strong></span> <span class='ocrx_word' id='word_1_247' title='bbox 463 2987 621 3041; x_wconf 84' lang='lat' dir='ltr'><strong>dominium’.</strong></span> <span class='ocrx_word' id='word_1_248' title='bbox 691 2986 712 3054; x_wconf 82' lang='lat'><strong>¹)</strong></span> <span class='ocrx_word' id='word_1_249' title='bbox 727 2990 797 3040; x_wconf 85' lang='lat' dir='ltr'><strong>Hinc</strong></span> <span class='ocrx_word' id='word_1_250' title='bbox 812 2992 903 3053; x_wconf 87' lang='lat' dir='ltr'><strong>incipit</strong></span> <span class='ocrx_word' id='word_1_251' title='bbox 917 2990 948 3038; x_wconf 81' lang='lat' dir='ltr'><strong>L.</strong></span> <span class='ocrx_word' id='word_1_252' title='bbox 961 3000 982 3040; x_wconf 84' lang='lat' dir='ltr'><strong>t.</strong></span> <span class='ocrx_word' id='word_1_253' title='bbox 1004 2990 1077 3040; x_wconf 77' lang='lat' dir='ltr'><strong>aare</strong></span> 
     </span>
     <span class='ocr_line' id='line_1_30' title="bbox 124 3057 1076 3128; baseline 0.001 -18"><span class='ocrx_word' id='word_1_254' title='bbox 124 3061 183 3111; x_wconf 82' lang='lat' dir='ltr'><strong>don.</strong></span> <span class='ocrx_word' id='word_1_255' title='bbox 204 3060 239 3126; x_wconf 83' lang='lat' dir='ltr'><strong>(e,</strong></span> <span class='ocrx_word' id='word_1_256' title='bbox 259 3060 304 3125; x_wconf 72' lang='lat' dir='ltr'><strong>ta).</strong></span> <span class='ocrx_word' id='word_1_257' title='bbox 334 3057 376 3110; x_wconf 86' lang='lat' dir='ltr'><strong>‘Si</strong></span> <span class='ocrx_word' id='word_1_258' title='bbox 390 3062 540 3122; x_wconf 78' lang='lat' dir='ltr'><strong>sanctiones</strong></span> <span class='ocrx_word' id='word_1_259' title='bbox 559 3060 721 3128; x_wconf 78' lang='lat' dir='ltr'><strong>[exactiones</strong></span> <span class='ocrx_word' id='word_1_260' title='bbox 739 3068 781 3110; x_wconf 85' lang='lat' dir='ltr'><strong>net</strong></span> <span class='ocrx_word' id='word_1_261' title='bbox 798 3057 907 3128; x_wconf 84' lang='lat' dir='ltr'><strong>tributa]</strong></span> <span class='ocrx_word' id='word_1_262' title='bbox 924 3097 930 3108; x_wconf 92' lang='lat'>.</span> <span class='ocrx_word' id='word_1_263' title='bbox 946 3099 952 3112; x_wconf 91' lang='lat'><strong>.</strong></span> <span class='ocrx_word' id='word_1_264' title='bbox 968 3095 974 3108; x_wconf 91' lang='lat'><strong>.</strong></span> <span class='ocrx_word' id='word_1_265' title='bbox 989 3096 996 3110; x_wconf 87' lang='lat'><strong>.</strong></span> <span class='ocrx_word' id='word_1_266' title='bbox 1011 3062 1076 3111; x_wconf 89' lang='lat' dir='ltr'><strong>eele-</strong></span> 
     </span>
     <span class='ocr_line' id='line_1_31' title="bbox 124 3129 1076 3195; baseline -0.001 -14"><span class='ocrx_word' id='word_1_267' title='bbox 124 3130 215 3181; x_wconf 81' lang='lat' dir='ltr'><strong>bratae</strong></span> <span class='ocrx_word' id='word_1_268' title='bbox 229 3138 296 3188; x_wconf 82' lang='lat' dir='ltr'><strong>sant,</strong></span> <span class='ocrx_word' id='word_1_269' title='bbox 311 3130 358 3180; x_wconf 83' lang='lat' dir='ltr'><strong>tibi</strong></span> <span class='ocrx_word' id='word_1_270' title='bbox 371 3129 457 3182; x_wconf 82' lang='lat' dir='ltr'><strong>abesse</strong></span> <span class='ocrx_word' id='word_1_271' title='bbox 472 3147 522 3182; x_wconf 89' lang='lat' dir='ltr'><strong>non</strong></span> <span class='ocrx_word' id='word_1_272' title='bbox 533 3129 639 3195; x_wconf 88' lang='lat' dir='ltr'><strong>potest&#39;.</strong></span> <span class='ocrx_word' id='word_1_273' title='bbox 668 3167 674 3179; x_wconf 92' lang='lat'>.</span> <span class='ocrx_word' id='word_1_274' title='bbox 690 3168 696 3181; x_wconf 89' lang='lat'>.</span> <span class='ocrx_word' id='word_1_275' title='bbox 712 3167 718 3179; x_wconf 89' lang='lat'>.</span> <span class='ocrx_word' id='word_1_276' title='bbox 735 3168 741 3180; x_wconf 91' lang='lat'>.</span> <span class='ocrx_word' id='word_1_277' title='bbox 756 3132 837 3180; x_wconf 85' lang='lat' dir='ltr'><strong>siones</strong></span> <span class='ocrx_word' id='word_1_278' title='bbox 855 3130 914 3179; x_wconf 86' lang='lat' dir='ltr'><strong>Vat.</strong></span> <span class='ocrx_word' id='word_1_279' title='bbox 931 3130 1076 3193; x_wconf 75' lang='lat' dir='ltr'><strong>functiones</strong></span> 
     </span>
     <span class='ocr_line' id='line_1_32' title="bbox 123 3200 1076 3266; baseline -0.001 -14"><span class='ocrx_word' id='word_1_280' title='bbox 123 3203 162 3252; x_wconf 82' lang='lat' dir='ltr'><strong>ed.</strong></span> <span class='ocrx_word' id='word_1_281' title='bbox 175 3201 266 3252; x_wconf 85' lang='lat' dir='ltr'><strong>Hollw.</strong></span> <span class='ocrx_word' id='word_1_282' title='bbox 294 3200 363 3261; x_wconf 84' lang='lat' dir='ltr'><strong>Quae</strong></span> <span class='ocrx_word' id='word_1_283' title='bbox 371 3210 521 3266; x_wconf 79' lang='lat' dir='ltr'><strong>sequnntur,</strong></span> <span class='ocrx_word' id='word_1_284' title='bbox 530 3209 649 3265; x_wconf 85' lang='lat' dir='ltr'><strong>spectare</strong></span> <span class='ocrx_word' id='word_1_285' title='bbox 659 3201 778 3250; x_wconf 83' lang='lat' dir='ltr'><strong>videntur</strong></span> <span class='ocrx_word' id='word_1_286' title='bbox 788 3203 916 3266; x_wconf 81' lang='lat' dir='ltr'><strong>querelam</strong></span> <span class='ocrx_word' id='word_1_287' title='bbox 927 3200 1076 3260; x_wconf 84' lang='lat' dir='ltr'><strong>lllossiciae,</strong></span> 
     </span>
     <span class='ocr_line' id='line_1_33' title="bbox 123 3270 1076 3336; baseline 0.001 -15"><span class='ocrx_word' id='word_1_288' title='bbox 123 3288 140 3321; x_wconf 87' lang='lat' dir='ltr'><strong>a</strong></span> <span class='ocrx_word' id='word_1_289' title='bbox 153 3287 181 3322; x_wconf 87' lang='lat' dir='ltr'><strong>se</strong></span> <span class='ocrx_word' id='word_1_290' title='bbox 195 3273 307 3336; x_wconf 79' lang='lat' dir='ltr'><strong>praedio</strong></span> <span class='ocrx_word' id='word_1_291' title='bbox 322 3274 484 3335; x_wconf 79' lang='lat' dir='ltr'><strong>praefectam</strong></span> <span class='ocrx_word' id='word_1_292' title='bbox 499 3274 585 3322; x_wconf 87' lang='lat' dir='ltr'><strong>iustum</strong></span> <span class='ocrx_word' id='word_1_293' title='bbox 604 3273 742 3334; x_wconf 77' lang='lat' dir='ltr'><strong>magistrum</strong></span> <span class='ocrx_word' id='word_1_294' title='bbox 760 3279 905 3322; x_wconf 82' lang='lat' dir='ltr'><strong>summotum</strong></span> <span class='ocrx_word' id='word_1_295' title='bbox 923 3286 977 3320; x_wconf 85' lang='lat' dir='ltr'><strong>esse</strong></span> <span class='ocrx_word' id='word_1_296' title='bbox 991 3270 1023 3320; x_wconf 81' lang='lat' dir='ltr'><strong>ab</strong></span> <span class='ocrx_word' id='word_1_297' title='bbox 1037 3287 1076 3331; x_wconf 84' lang='lat' dir='ltr'><strong>eo,</strong></span> 
     </span>
     <span class='ocr_line' id='line_1_34' title="bbox 124 3339 1077 3407; baseline 0.001 -15"><span class='ocrx_word' id='word_1_298' title='bbox 124 3349 215 3392; x_wconf 86' lang='lat' dir='ltr'><strong>contro</strong></span> <span class='ocrx_word' id='word_1_299' title='bbox 230 3358 302 3407; x_wconf 81' lang='lat' dir='ltr'><strong>anem</strong></span> <span class='ocrx_word' id='word_1_300' title='bbox 314 3343 484 3407; x_wconf 80' lang='lat' dir='ltr'><strong>supplicabat.</strong></span> <span class='ocrx_word' id='word_1_301' title='bbox 531 3339 608 3407; x_wconf 79' lang='lat' dir='ltr'><strong>⁸)Eae</strong></span> <span class='ocrx_word' id='word_1_302' title='bbox 622 3342 650 3392; x_wconf 88' lang='lat' dir='ltr'><em>V</em></span> <span class='ocrx_word' id='word_1_303' title='bbox 650 3341 670 3391; x_wconf 75' lang='lat'><strong>¹.</strong></span> <span class='ocrx_word' id='word_1_304' title='bbox 684 3343 724 3392; x_wconf 85' lang='lat' dir='ltr'><strong>ed.</strong></span> <span class='ocrx_word' id='word_1_305' title='bbox 737 3342 849 3392; x_wconf 85' lang='lat' dir='ltr'><strong>Momms.</strong></span> <span class='ocrx_word' id='word_1_306' title='bbox 860 3356 906 3391; x_wconf 87' lang='lat' dir='ltr'><strong>nou</strong></span> <span class='ocrx_word' id='word_1_307' title='bbox 922 3341 979 3390; x_wconf 86' lang='lat' dir='ltr'><strong>Vct.</strong></span> <span class='ocrx_word' id='word_1_308' title='bbox 999 3339 1077 3393; x_wconf 85' lang='lat' dir='ltr'><strong>Hanc</strong></span> 
     </span>
     <span class='ocr_line' id='line_1_35' title="bbox 124 3410 1076 3476; baseline 0.002 -15"><span class='ocrx_word' id='word_1_309' title='bbox 124 3428 176 3461; x_wconf 89' lang='lat' dir='ltr'><strong>rem</strong></span> <span class='ocrx_word' id='word_1_310' title='bbox 187 3422 278 3476; x_wconf 83' lang='lat' dir='ltr'><strong>postea</strong></span> <span class='ocrx_word' id='word_1_311' title='bbox 290 3414 388 3474; x_wconf 73' lang='lat' dir='ltr'><strong>factam</strong></span> <span class='ocrx_word' id='word_1_312' title='bbox 401 3415 513 3464; x_wconf 85' lang='lat' dir='ltr'><strong>nondum</strong></span> <span class='ocrx_word' id='word_1_313' title='bbox 528 3413 603 3464; x_wconf 85' lang='lat' dir='ltr'><strong>ICtos</strong></span> <span class='ocrx_word' id='word_1_314' title='bbox 616 3415 741 3464; x_wconf 81' lang='lat' dir='ltr'><strong>docuerat</strong></span> <span class='ocrx_word' id='word_1_315' title='bbox 755 3413 889 3463; x_wconf 86' lang='lat' dir='ltr'><strong>Massieia.</strong></span> <span class='ocrx_word' id='word_1_316' title='bbox 940 3410 962 3476; x_wconf 81' lang='lat'><strong>⁴)</strong></span> <span class='ocrx_word' id='word_1_317' title='bbox 976 3411 1008 3462; x_wconf 90' lang='lat' dir='ltr'><strong>In</strong></span> <span class='ocrx_word' id='word_1_318' title='bbox 1027 3412 1055 3461; x_wconf 90' lang='lat' dir='ltr'><em>V</em></span> <span class='ocrx_word' id='word_1_319' title='bbox 1055 3411 1076 3463; x_wconf 64' lang='grc' dir='ltr'><strong>ιι.</strong></span> 
     </span>
     <span class='ocr_line' id='line_1_36' title="bbox 120 3483 1072 3548; baseline 0.001 -17"><span class='ocrx_word' id='word_1_320' title='bbox 120 3490 251 3545; x_wconf 85' lang='lat' dir='ltr'><strong>postrema</strong></span> <span class='ocrx_word' id='word_1_321' title='bbox 270 3485 357 3532; x_wconf 80' lang='lat' dir='ltr'><strong>littero</strong></span> <span class='ocrx_word' id='word_1_322' title='bbox 376 3500 389 3532; x_wconf 79' lang='lat' dir='ltr'><strong>a</strong></span> <span class='ocrx_word' id='word_1_323' title='bbox 407 3492 452 3533; x_wconf 89' lang='lat' dir='ltr'><strong>est.</strong></span> <span class='ocrx_word' id='word_1_324' title='bbox 489 3483 558 3543; x_wconf 84' lang='lat' dir='ltr'><strong>Quae</strong></span> <span class='ocrx_word' id='word_1_325' title='bbox 577 3492 730 3548; x_wconf 84' lang='lat' dir='ltr'><strong>sequuntur,</strong></span> <span class='ocrx_word' id='word_1_326' title='bbox 750 3484 786 3532; x_wconf 84' lang='lat' dir='ltr'><strong>od</strong></span> <span class='ocrx_word' id='word_1_327' title='bbox 802 3485 954 3533; x_wconf 86' lang='lat' dir='ltr'><strong>sententiam</strong></span> <span class='ocrx_word' id='word_1_328' title='bbox 967 3484 1072 3532; x_wconf 86' lang='lat' dir='ltr'><strong>restitui</strong></span> 
     </span>
     <span class='ocr_line' id='line_1_37' title="bbox 126 3551 1077 3618; baseline 0.002 -18"><span class='ocrx_word' id='word_1_329' title='bbox 126 3552 164 3613; x_wconf 73' lang='lat' dir='ltr'><strong>Cf.</strong></span> <span class='ocrx_word' id='word_1_330' title='bbox 180 3551 210 3599; x_wconf 87' lang='lat' dir='ltr'><strong>L.</strong></span> <span class='ocrx_word' id='word_1_331' title='bbox 227 3563 260 3602; x_wconf 82' lang='lat' dir='ltr'><strong>tt.</strong></span> <span class='ocrx_word' id='word_1_332' title='bbox 275 3563 309 3603; x_wconf 77' lang='lat' dir='ltr'><strong>te.</strong></span> <span class='ocrx_word' id='word_1_333' title='bbox 329 3554 360 3602; x_wconf 87' lang='lat' dir='ltr'><strong>D.</strong></span> <span class='ocrx_word' id='word_1_334' title='bbox 375 3553 407 3603; x_wconf 82' lang='lat' dir='ltr'><strong>ele</strong></span> <span class='ocrx_word' id='word_1_335' title='bbox 422 3554 500 3602; x_wconf 85' lang='lat' dir='ltr'><strong>indie.</strong></span> <span class='ocrx_word' id='word_1_336' title='bbox 516 3551 546 3617; x_wconf 76' lang='lat' dir='ltr'><strong>(s.</strong></span> <span class='ocrx_word' id='word_1_337' title='bbox 563 3553 593 3616; x_wconf 90' lang='lat'><strong>1).</strong></span> <span class='ocrx_word' id='word_1_338' title='bbox 659 3552 679 3618; x_wconf 84' lang='lat'><strong>¹)</strong></span> <span class='ocrx_word' id='word_1_339' title='bbox 695 3569 719 3602; x_wconf 91' lang='lat' dir='ltr'><strong>a.</strong></span> <span class='ocrx_word' id='word_1_340' title='bbox 734 3565 781 3603; x_wconf 78' lang='lat' dir='ltr'><strong>eso.</strong></span> <span class='ocrx_word' id='word_1_341' title='bbox 846 3552 867 3617; x_wconf 79' lang='lat'><strong>⁶)</strong></span> <span class='ocrx_word' id='word_1_342' title='bbox 881 3552 987 3602; x_wconf 82' lang='lat' dir='ltr'><strong>Sensum</strong></span> <span class='ocrx_word' id='word_1_343' title='bbox 1002 3555 1077 3602; x_wconf 82' lang='lat' dir='ltr'><strong>resti·</strong></span> 
     </span>
     <span class='ocr_line' id='line_1_38' title="bbox 124 3622 1077 3685; baseline 0.002 -15"><span class='ocrx_word' id='word_1_344' title='bbox 124 3622 219 3671; x_wconf 81' lang='lat' dir='ltr'><strong>tuendo</strong></span> <span class='ocrx_word' id='word_1_345' title='bbox 233 3622 374 3673; x_wconf 84' lang='lat' dir='ltr'><strong>declaravi.</strong></span> <span class='ocrx_word' id='word_1_346' title='bbox 405 3623 493 3673; x_wconf 77' lang='lat' dir='ltr'><strong>Primo</strong></span> <span class='ocrx_word' id='word_1_347' title='bbox 507 3637 581 3671; x_wconf 88' lang='lat' dir='ltr'><strong>uersu</strong></span> <span class='ocrx_word' id='word_1_348' title='bbox 597 3631 656 3672; x_wconf 90' lang='lat' dir='ltr'><strong>ante</strong></span> <span class='ocrx_word' id='word_1_349' title='bbox 669 3624 819 3685; x_wconf 84' lang='lat' dir='ltr'><strong>stipendiarii</strong></span> <span class='ocrx_word' id='word_1_350' title='bbox 838 3624 865 3672; x_wconf 89' lang='lat' dir='ltr'><em>V</em></span> <span class='ocrx_word' id='word_1_351' title='bbox 866 3622 886 3674; x_wconf 72' lang='lat'><strong>¹.</strong></span> <span class='ocrx_word' id='word_1_352' title='bbox 901 3623 975 3671; x_wconf 78' lang='lat' dir='ltr'><strong>nabet</strong></span> <span class='ocrx_word' id='word_1_353' title='bbox 989 3638 1012 3685; x_wconf 91' lang='lat' dir='ltr'><strong>p.</strong></span> <span class='ocrx_word' id='word_1_354' title='bbox 1038 3622 1077 3684; x_wconf 78' lang='lat' dir='ltr'><strong>Cf.</strong></span> 
     </span>
     <span class='ocr_line' id='line_1_39' title="bbox 124 3689 1077 3757; baseline -0.003 -14"><span class='ocrx_word' id='word_1_355' title='bbox 124 3695 146 3754; x_wconf 67' lang='lat'><strong>§-</strong></span> <span class='ocrx_word' id='word_1_356' title='bbox 162 3704 210 3743; x_wconf 74' lang='grc'>293.</span> <span class='ocrx_word' id='word_1_357' title='bbox 276 3689 296 3755; x_wconf 82' lang='lat'><strong>⁷)</strong></span> <span class='ocrx_word' id='word_1_358' title='bbox 311 3693 352 3742; x_wconf 90' lang='lat' dir='ltr'><strong>Ita</strong></span> <span class='ocrx_word' id='word_1_359' title='bbox 371 3693 399 3741; x_wconf 89' lang='lat' dir='ltr'><em>V</em></span> <span class='ocrx_word' id='word_1_360' title='bbox 399 3692 418 3741; x_wconf 56' lang='grc' dir='ltr'><strong>θ.</strong></span> <span class='ocrx_word' id='word_1_361' title='bbox 434 3692 568 3755; x_wconf 81' lang='lat' dir='ltr'><strong>spernendo</strong></span> <span class='ocrx_word' id='word_1_362' title='bbox 587 3693 645 3741; x_wconf 83' lang='lat' dir='ltr'><strong>Vei.</strong></span> <span class='ocrx_word' id='word_1_363' title='bbox 711 3690 732 3757; x_wconf 84' lang='lat'><strong>¹)</strong></span> <span class='ocrx_word' id='word_1_364' title='bbox 747 3691 809 3741; x_wconf 90' lang='lat' dir='ltr'><strong>Item</strong></span> <span class='ocrx_word' id='word_1_365' title='bbox 823 3695 933 3744; x_wconf 83' lang='lat' dir='ltr'><strong>restitui.</strong></span> <span class='ocrx_word' id='word_1_366' title='bbox 998 3690 1021 3756; x_wconf 70' lang='grc' dir='ltr'><strong>ο)</strong></span> <span class='ocrx_word' id='word_1_367' title='bbox 1037 3692 1077 3740; x_wconf 84' lang='lat' dir='ltr'><strong>Ita</strong></span> 
     </span>
     <span class='ocr_line' id='line_1_40' title="bbox 124 3759 1077 3826; baseline -0.004 -14"><span class='ocrx_word' id='word_1_368' title='bbox 124 3777 159 3812; x_wconf 79' lang='lat' dir='ltr'><strong>ec</strong></span> <span class='ocrx_word' id='word_1_369' title='bbox 178 3762 204 3810; x_wconf 86' lang='lat' dir='ltr'><em>V</em></span> <span class='ocrx_word' id='word_1_370' title='bbox 207 3760 227 3809; x_wconf 52' lang='grc' dir='ltr'><strong>ὅ.</strong></span> <span class='ocrx_word' id='word_1_371' title='bbox 245 3761 357 3812; x_wconf 75' lang='lat' dir='ltr'><strong>Mamm.</strong></span> <span class='ocrx_word' id='word_1_372' title='bbox 373 3764 412 3812; x_wconf 83' lang='lat' dir='ltr'><strong>ed.</strong></span> <span class='ocrx_word' id='word_1_373' title='bbox 428 3777 512 3811; x_wconf 65' lang='lat' dir='ltr'><strong>...e</strong></span> <span class='ocrx_word' id='word_1_374' title='bbox 527 3761 585 3810; x_wconf 75' lang='lat' dir='ltr'><strong>sides</strong></span> <span class='ocrx_word' id='word_1_375' title='bbox 605 3761 663 3811; x_wconf 86' lang='lat' dir='ltr'><strong>Vot.</strong></span> <span class='ocrx_word' id='word_1_376' title='bbox 739 3759 772 3826; x_wconf 83' lang='lat'><strong>¹¹)</strong></span> <span class='ocrx_word' id='word_1_377' title='bbox 787 3763 885 3812; x_wconf 81' lang='lat' dir='ltr'><strong>dederat</strong></span> <span class='ocrx_word' id='word_1_378' title='bbox 903 3777 963 3812; x_wconf 82' lang='lat' dir='ltr'><strong>mooe</strong></span> <span class='ocrx_word' id='word_1_379' title='bbox 978 3763 1077 3825; x_wconf 82' lang='lat' dir='ltr'><strong>saetam</strong></span> 
     </span>
     <span class='ocr_line' id='line_1_41' title="bbox 125 3830 1078 3895; baseline -0.003 -14"><span class='ocrx_word' id='word_1_380' title='bbox 125 3832 230 3881; x_wconf 80' lang='lat' dir='ltr'><strong>declarat</strong></span> <span class='ocrx_word' id='word_1_381' title='bbox 250 3832 279 3881; x_wconf 90' lang='lat' dir='ltr'><strong>V.</strong></span> <span class='ocrx_word' id='word_1_382' title='bbox 356 3830 387 3895; x_wconf 88' lang='lat'><strong>¹¹)</strong></span> <span class='ocrx_word' id='word_1_383' title='bbox 407 3833 466 3882; x_wconf 80' lang='lat' dir='ltr'><strong>Vox</strong></span> <span class='ocrx_word' id='word_1_384' title='bbox 480 3833 535 3881; x_wconf 81' lang='lat' dir='ltr'><strong>olio</strong></span> <span class='ocrx_word' id='word_1_385' title='bbox 549 3847 625 3881; x_wconf 88' lang='lat' dir='ltr'><strong>manu</strong></span> <span class='ocrx_word' id='word_1_386' title='bbox 639 3832 675 3881; x_wconf 85' lang='lat' dir='ltr'><strong>ad</strong></span> <span class='ocrx_word' id='word_1_387' title='bbox 687 3835 827 3895; x_wconf 76' lang='lat' dir='ltr'><strong>morpinem</strong></span> <span class='ocrx_word' id='word_1_388' title='bbox 841 3834 988 3893; x_wconf 80' lang='lat' dir='ltr'><strong>adscripta,</strong></span> <span class='ocrx_word' id='word_1_389' title='bbox 1002 3837 1035 3892; x_wconf 86' lang='lat' dir='ltr'><strong>et,</strong></span> <span class='ocrx_word' id='word_1_390' title='bbox 1051 3837 1078 3878; x_wconf 87' lang='lat' dir='ltr'><strong>nt</strong></span> 
     </span>
     <span class='ocr_line' id='line_1_42' title="bbox 121 3898 983 3966; baseline 0 -18"><span class='ocrx_word' id='word_1_391' title='bbox 121 3907 194 3966; x_wconf 86' lang='lat' dir='ltr'><strong>poto,</strong></span> <span class='ocrx_word' id='word_1_392' title='bbox 208 3902 334 3966; x_wconf 81' lang='lat' dir='ltr'><strong>ploesema</strong></span> <span class='ocrx_word' id='word_1_393' title='bbox 348 3904 419 3952; x_wconf 85' lang='lat' dir='ltr'><strong>uocis</strong></span> <span class='ocrx_word' id='word_1_394' title='bbox 434 3898 557 3952; x_wconf 76' lang='lat' dir='ltr'><strong>‘tiberis&#39;.</strong></span> <span class='ocrx_word' id='word_1_395' title='bbox 611 3898 643 3965; x_wconf 83' lang='lat'><strong>¹¹)</strong></span> <span class='ocrx_word' id='word_1_396' title='bbox 656 3902 708 3952; x_wconf 76' lang='lat' dir='ltr'><strong>*ibi</strong></span> <span class='ocrx_word' id='word_1_397' title='bbox 728 3902 758 3951; x_wconf 90' lang='lat' dir='ltr'><strong>V.</strong></span> <span class='ocrx_word' id='word_1_398' title='bbox 778 3904 822 3952; x_wconf 91' lang='lat' dir='ltr'><strong>tibi</strong></span> <span class='ocrx_word' id='word_1_399' title='bbox 836 3904 875 3952; x_wconf 83' lang='lat' dir='ltr'><strong>ed.</strong></span> <span class='ocrx_word' id='word_1_400' title='bbox 891 3902 983 3950; x_wconf 85' lang='lat' dir='ltr'><strong>Holtw.</strong></span> 
     </span>
    </p>
   </div>
   <div class='ocr_carea' id='block_1_8' title="bbox 0 0 1201 4386">
    <p class='ocr_par' dir='ltr' id='par_1_11' title="bbox 0 0 1201 4386">
     <span class='ocr_line' id='line_1_43' title="bbox 0 0 1201 4386; baseline 0 0"><span class='ocrx_word' id='word_1_401' title='bbox 0 0 1201 4386; x_wconf 95' lang='lat' dir='ltr'><strong> </strong></span> 
     </span>
    </p>
   </div>
  </div>
 </body>
</html>
