2378 4386
148 634 210 700 812
359 648 455 685 runou.
475 647 528 684 nvn.
547 646 608 683 nou.
628 644 714 682 vomo.
734 633 890 684 884-340.

147 795 313 854 sponsorem
334 778 476 834 conueniat
491 777 561 832 intro
577 775 715 832 biennium
723 799 732 838 ,·
753 776 808 831 sed
830 780 904 834 etsi
919 794 999 850 opus
1012 796 1112 837 nonum

147 866 338 931 nuntiauerit,
362 862 410 918 nii
429 861 610 916 interdictum
631 859 708 915 nobis
728 856 796 914 utile
819 869 865 915 est
887 876 982 925 Qvon
1003 879 1038 920 vs
1059 878 1112 921 111

148 963 235 1007 cern.
278 946 370 1002 Plane
399 950 468 1000 tunc
491 952 518 999 et
540 945 644 1017 obtipot
671 943 751 1001 nobis
772 957 857 999 ream
878 951 1071 1015 procurator
1089 956 1112 1000 et

147 1031 263 1102 adquirit
290 1030 441 1099 actionem,
468 1028 492 1083 si
519 1031 568 1084 cui
594 1034 691 1084 nostro
718 1029 834 1083 nomine
858 1034 1029 1100 pecuniam
1058 1048 1111 1087 nu·

147 1120 225 1172 tuom
240 1113 295 1169 det.

209 1191 278 1255 335.
304 1191 399 1254 ¹iiotor
413 1196 589 1268 municipum,
609 1198 659 1268 qui
673 1209 712 1252 ex
727 1194 819 1251 edicto
841 1196 1015 1267 defendere
1037 1207 1064 1254 et
1082 1199 1112 1254 oie

148 1288 212 1337 roto
229 1295 337 1337 cauere
352 1280 470 1353 cogitur,
486 1271 642 1334 interinm²
657 1284 787 1334 neutrum
803 1288 977 1349 praestare
998 1296 1111 1340 necesse

147 1365 241 1435 habet,
257 1380 311 1421 nec
328 1364 449 1420 iudicati
468 1363 603 1418 indicium
625 1363 744 1434 accipere
763 1363 887 1434 cogitur,
910 1365 992 1437 quod
1015 1366 1109 1422 iudicio

146 1467 202 1521 pro
216 1449 406 1520 municipibus
420 1453 539 1517 accepto
548 1446 700 1502 dominatus
711 1450 762 1514 est,
774 1446 847 1500 sicut
859 1446 889 1502 in
900 1451 1056 1521 cognitore
1071 1449 1110 1505 ab·

148 1539 295 1590 seruatur.
318 1540 345 1587 et
356 1531 486 1587 mutandi
501 1533 610 1585 actoris
620 1535 749 1600 potestas
761 1535 803 1583 est
820 1531 851 1584 in
869 1533 977 1588 iisdem
998 1533 1108 1597 casibus,

149 1615 246 1691 quibus
262 1624 288 1670 ei
304 1616 477 1688 cognitorem
492 1615 689 1669 mutareticet.
711 1619 738 1668 et
747 1627 919 1684 quanquam
934 1620 1075 1673 constitui
1088 1618 1111 1671 ei

146 1691 265 1772 potest,³
279 1713 335 1753 non
348 1705 442 1753 tamen
455 1705 534 1752 recte
545 1697 569 1751 oi
581 1694 707 1763 soluitur,
720 1696 790 1750 sicut
803 1711 855 1752 nec
867 1702 1027 1770 capnitori.
1051 1699 1109 1756 Pie·

150 1797 269 1853 rumquc
284 1774 392 1836 tamen⁴
408 1788 491 1836 octor
514 1783 671 1850 municipes
686 1782 771 1835 etiam
790 1778 929 1836 aduersus
953 1799 1050 1838 omnes
1070 1782 1110 1838 de

149 1864 267 1921 ienoiere
282 1868 403 1938 capitur,
416 1867 491 1919 sicut
501 1871 688 1934 procurator,
700 1869 728 1918 et
740 1865 779 1918 ita
792 1863 906 1919 demum
919 1873 1006 1922 recte
1023 1865 1108 1922 defen·

149 1948 213 2006 dore
235 1947 414 2021 inteliepitur‚
435 1951 460 2003 si
478 1950 518 2002 ito
539 1953 570 2002 at
592 1965 609 2002 a
629 1952 825 2017 procuratore
846 1949 930 2021 enipi
949 1952 1035 2021 sciet,
1050 1951 1109 2006 sitis

150 2031 270 2099 dederit;
286 2039 408 2088 ceterum
419 2046 455 2086 ne
465 2034 541 2087 actio
553 2031 673 2087 iudicati
687 2033 717 2085 in
729 2045 792 2086 eum
802 2031 899 2099 astur,
909 2041 1109 2104 praetoremn

150 2117 282 2173 oeiiuunre
298 2114 386 2183 debet,
409 2116 478 2171 sicut
495 2117 525 2168 in
539 2120 734 2183 procuratore
752 2118 924 2184 proesentis
941 2117 1108 2174 custoditur.

59 2185 125 2265 effi·
211 2195 283 2256 336,
309 2191 384 2253 iiiii.
413 2197 431 2252 i.
462 2195 671 2252 Sententiarum.
706 2190 763 2273 (1.)
784 2192 1035 2274 Cumquoagpiff
1055 2214 1107 2255 suo

64 2269 136 2309 Μ’
149 2287 271 2350 nomine,
293 2284 321 2336 si
340 2280 450 2352 quidem
471 2282 501 2334 in
523 2292 592 2349 rem,
612 2297 670 2351 pro
682 2281 793 2353 praede
806 2282 866 2336 litis
881 2290 910 2338 et
934 2283 1108 2339 uindiciarurn

149 2365 311 2423 aduersario
334 2363 478 2419 satisdare
500 2367 620 2435 capitur,
645 2364 869 2421 adiudicatum
898 2368 992 2430 solui,·
1013 2367 1109 2442 quoni

149 2451 177 2504 in
191 2461 334 2520 personam
350 2447 385 2501 sit
395 2447 474 2515 notio,
487 2445 606 2518 deprensi
616 2450 662 2504 nei
672 2448 794 2504 iudicati
809 2459 976 2506 conuentus
990 2453 1108 2518 iudico·

149 2527 217 2602 tum)
232 2525 327 2603 nolui)
343 2532 474 2586 satisdot.
505 2531 607 2587 Alieno
622 2537 734 2587 nomine
754 2533 781 2586 in
796 2546 853 2587 rem
869 2548 921 2605 pro
938 2535 1044 2606 praede
1059 2535 1108 2590 iitis

150 2623 178 2671 et
190 2617 381 2672 uindiciarum
396 2617 442 2672 uei
457 2611 634 2687 i(udicatam)
651 2612 755 2687 nolui),
768 2618 797 2671 in
810 2629 974 2686 personam
988 2606 1155 2694 indua-5¹⁵¹

151 2699 218 2770 tum)
239 2694 333 2772 s(oiui)
349 2699 509 2756 satisdator
550 2695 601 2769 (2.)
617 2691 742 2753 Actoris⁰
758 2706 921 2771 procurator
943 2717 1004 2758 non
1022 2704 1108 2760 solam

150 2785 295 2842 absentem
308 2783 474 2855 defendere,
490 2783 544 2839 sed
561 2789 589 2838 et
603 2797 664 2837 ren
678 2787 774 2837 roton
789 2781 930 2838 dominum
944 2782 1109 2843 habitururn

150 2869 294 2925 satisdare
309 2870 427 2941 capitur.

211 2946 279 3009 337.
295 2943 475 3006 'Procurator
490 2958 551 3004 ante
564 2953 638 3022 pesti
651 2953 756 3023 nepotii
775 2953 969 3022 nomineque
984 2958 1037 3010 cui
1047 2955 1109 3011 aiii·

148 3043 234 3110 patus
256 3041 336 3105 erat,
351 3036 471 3108 accipere
485 3032 613 3088 iudicium
639 3035 707 3089 iicet
727 3034 808 3104 finito
830 3034 969 3091 mandato
988 3037 1108 3108 frustra

149 3120 300 3176 detrectat.

224 3276 243 3343 ¹)
258 3277 365 3327 Sensum
378 3276 537 3326 restituendo
551 3277 703 3340 sipnipicooi.
726 3275 764 3337 Cf.
780 3274 811 3323 Δ.
826 3285 860 3326 33.
875 3275 899 3336 5.
909 3287 931 3327 3.
947 3277 982 3328 D.
994 3280 1108 3344 depros

150 3348 181 3414 (s,
195 3347 227 3413 n).
242 3347 274 3396 L.
289 3359 309 3397 o.
324 3348 347 3407 ξ.
363 3357 383 3397 3.
403 3346 435 3396 D.
451 3346 519 3409 quod
533 3348 631 3409 caiuoq.
647 3348 714 3395 unio.
730 3343 761 3410 (s,
775 3343 807 3409 1).
823 3343 854 3395 L.
869 3356 890 3394 1.
906 3347 929 3407 5.
945 3357 968 3397 u.
985 3349 1018 3399 Ι).
1035 3351 1068 3400 rie
1081 3365 1109 3399 re

151 3418 203 3466 iad.
219 3417 263 3480 (11,
279 3413 310 3477 1).
330 3414 361 3463 L.
378 3427 397 3466 3.
420 3415 451 3463 D.
467 3421 551 3463 ratam
565 3431 618 3464 rem
632 3417 681 3482 (ce,
699 3415 729 3481 a).
752 3415 809 3464 aar.
824 3427 849 3471 1,
864 3426 897 3466 33.
929 3416 1038 3469 Partim
1056 3422 1109 3470 aiio

149 3488 263 3535 restituit
284 3484 393 3547 nonnos.
415 3484 538 3534 Zeitscir.
558 3484 606 3533 IV
626 3498 703 3549 1113.
728 3486 771 3551 (de
790 3483 880 3549 quibus
899 3486 935 3548 of.
950 3486 1110 3540 Betnrnann·

149 3555 275 3618 Heilung,
292 3554 428 3616 Cioinroo.
444 3553 481 3603 II.
497 3570 524 3618 p.
539 3555 599 3621 111.)
613 3563 638 3605 et
651 3557 691 3606 ed.
705 3563 801 3620 perpet.
814 3570 841 3618 p.
857 3567 890 3607 31.
951 3553 974 3622 ¹)
990 3558 1111 3610 Maxime

149 3641 183 3675 esc
207 3627 262 3689 {epe
286 3626 445 3688 rozonioipoti,
470 3632 497 3675 ut
515 3633 588 3690 puto.
663 3622 683 3691 ³)
709 3627 746 3690 Cf.
771 3626 802 3675 L.
822 3637 842 3676 3.
868 3627 891 3688 §-
911 3638 932 3677 3.
951 3629 997 3679 cit.
1022 3629 1057 3679 L.
1076 3643 1110 3682 33.

150 3697 173 3758 ἓ.
189 3708 208 3746 1.
231 3695 263 3742 D.
279 3696 311 3744 de
321 3710 430 3758 procur.
445 3694 477 3760 (3,
492 3694 522 3760 3).
588 3693 609 3761 ⁴)
626 3696 663 3759 Cf.
679 3698 719 3759 ἐξ.
733 3708 780 3748 311.
795 3707 842 3748 331.
913 3693 934 3760 ¹⁵)
948 3697 1062 3750 Initium
1075 3700 1112 3749 ad

149 3780 249 3816 sensum
263 3767 372 3814 restitui.
393 3766 499 3831 (Paullo
513 3768 591 3816 aiiter
606 3765 730 3830 Momms.)
755 3766 793 3829 Cf.
806 3765 862 3815 Gai.
872 3778 894 3824 4,
904 3777 1004 3820 33-31.
1015 3781 1111 3822 lones.

151 3832 173 3901 ⁸)
187 3836 261 3887 Haec
275 3844 379 3886 exstant
394 3839 420 3886 in
436 3837 547 3887 Censuit.
563 3849 584 3898 3,
599 3848 619 3887 i.
672 3834 692 3901 7)
707 3835 814 3886 Sensum
828 3837 990 3888 restituendo
1004 3840 1111 3890 demon·

149 3909 239 3956 stravi.
261 3907 299 3970 Cf.
315 3909 354 3969 §5-
369 3917 415 3958 313.
431 3919 478 3958 333.
502 3906 532 3956 Si
542 3915 673 3970 postrema
683 3908 764 3970 primi
779 3921 868 3956 uersus
881 3907 971 3956 littera
986 3916 1025 3958 est
1039 3924 1055 3973 p
1071 3909 1112 3976 (ui

149 3976 224 4027 nabet
234 3977 261 4027 V
263 3976 303 4044 4.),
308 3977 475 4041 supplendum
483 3978 593 4026 uidetur:
601 3977 743 4027 Procurator
751 3975 1013 4041 antequsmdmninuns
1022 3987 1113 4030 ratum

52 4080 92 4138 λ
