2378 4386
543 94 546 101 .

549 110 552 115 “
634 118 649 133 ..a

564 158 574 173 Γ
628 148 700 177 sff-

439 557 535 593 saaaa.
555 559 607 594 rra.
626 558 687 595 noa.
706 559 793 595 varro.
1027 548 1089 611 715

140 682 223 746 ribus,
255 680 423 746 ‘detersa
452 679 557 748 inquit,
585 681 675 734 nube
702 682 924 748 voluminum,
954 684 987 736 in
1017 683 1091 761 qui·

140 749 200 801 bus
217 749 403 801 multorum
422 747 510 800 nihii
528 747 776 825 explicantium
795 751 928 803 aetates
946 752 1091 805 attritae

140 817 237 879 sunt‚*
249 815 476 882 compendiosam
493 814 628 866 divalium
645 815 876 869 constitutionum
894 818 1039 871 scientiam
1058 834 1092 872 ex

141 883 167 938 d.
193 881 364 936 Constantini
391 881 564 948 temporibus
585 880 748 934 roboramus
770 884 841 936 nulii
868 886 933 952 post
953 885 1009 938 irai.
1032 885 1090 938 ian.

141 965 270 1004 concessa
289 949 403 1002 licentia
420 947 456 1001 ad
475 950 565 999 iorum
584 988 589 998 .
661 948 703 999 ius
725 949 881 1018 principale
902 952 1036 1006 deferre.
1056 993 1062 1006 .
1083 992 1090 1007 .

140 1017 192 1069 nisi
211 1033 245 1069 ex
263 1015 305 1067 his
322 1015 455 1068 videlicet
471 1013 558 1075 libris,
576 1030 624 1081 qur
642 1014 671 1065 in
688 1017 776 1068 nostri
793 1018 912 1071 nominis
924 1019 1091 1073 vocabulum

140 1085 320 1137 transierunt’
341 1086 391 1135 etc.
405 1081 502 1149 primis
519 1080 575 1132 illis
586 1080 679 1132 verbis
697 1085 794 1147 aperte
807 1083 980 1139 demonstrat
992 1103 1093 1155 corpus

140 1150 255 1217 aliquod
267 1150 334 1201 iuris
346 1150 401 1201 iam
414 1147 573 1201 confectum
583 1145 714 1200 Vaticani
726 1151 784 1201 tam
797 1150 896 1214 simile,
909 1153 941 1204 ut
952 1168 1036 1205 ovum
1046 1154 1092 1206 ovi

140 1233 194 1270 non
209 1216 337 1269 videatur
354 1214 485 1276 similium
503 1230 568 1266 nam
581 1214 611 1266 et
622 1214 773 1267 multorum
790 1232 926 1269 annorum
944 1218 1027 1272 inisse
1040 1220 1092 1272 hoo

140 1300 218 1352 opus,
232 1283 307 1350 quod
320 1282 472 1335 multorum
486 1280 608 1332 virorum
621 1283 779 1349 susceptum
792 1283 931 1335 consortio
943 1284 973 1336 in
984 1287 1092 1337 tantam

139 1351 243 1403 nubem
256 1349 430 1401 voluminum
449 1349 617 1409 excreverat
636 1362 719 1399 nemo
737 1363 793 1400 nou
811 1349 893 1401 facile
906 1350 1007 1404 credet
1039 1352 1092 1403 Ita-

139 1433 193 1484 que
213 1418 245 1468 ut
256 1416 338 1484 piane
352 1415 453 1473 dicam,
472 1413 547 1481 quod
565 1413 663 1473 sentio,
681 1430 744 1465 cum
757 1430 864 1467 summo
877 1415 1015 1469 desiderio
1027 1434 1092 1484 pur-

139 1483 294 1551 gandorum
307 1482 375 1533 iuris
387 1481 507 1532 sontium
524 1479 604 1531 istius
622 1480 685 1532 aeri
702 1479 828 1534 homines
846 1485 1027 1544 tenerenbm¹
1047 1485 1092 1536 oui

139 1548 327 1600 satisiaoiendi
350 1546 538 1600 aemulatione
556 1545 709 1599 occidentis
727 1550 757 1600 et
774 1549 888 1601 orientis
910 1550 1092 1616 imperatores

139 1617 212 1666 iuter
230 1630 258 1665 se
278 1615 398 1667 certasse
416 1614 478 1682 ipsa
495 1612 686 1667 Valentiniani
704 1613 738 1667 de
757 1617 894 1683 responsis
913 1616 1092 1684 prudentium

139 1681 184 1732 lex
196 1682 225 1733 et
238 1680 387 1734 Theodosii
405 1680 635 1734 constitutionum
654 1680 741 1735 codex
760 1698 791 1734 ar
832 1684 925 1736 mento
943 1685 1029 1743 snat,¹
1046 1684 1092 1736 vix

140 1747 237 1799 dubito
262 1748 329 1815 quin
350 1749 406 1801 iam
430 1749 553 1802 anterior
573 1747 738 1814 imperator,
767 1765 801 1802 ve
814 1752 846 1802 ut
866 1749 1024 1804 Honorius³
1046 1749 1093 1804 vel

140 1814 209 1867 adeo
221 1815 299 1882 prior
307 1814 490 1867 Theodosius⁴
502 1815 622 1883 primum
635 1815 670 1868 de
682 1831 797 1883 corpore
810 1816 877 1868 iuris
890 1817 1092 1886 ‘magisterium

139 1882 215 1933 vitae
232 1881 415 1948 suscipiente‘
436 1881 615 1949 cogitaverit,
634 1884 743 1959 etpost
761 1882 887 1948 demum,
907 1900 969 1935 cum
987 1884 1092 1938 iussum

140 1947 175 1999 ab
197 1947 258 2016 ipso
280 1948 327 2001 vei
348 1949 403 2001 aiio
422 1964 503 2016 opus,
531 1949 608 2001 cuius
635 1949 767 2015 reliquias
789 1948 937 2003 Vaticanus
954 1952 1092 2018 tenemus,

139 2030 218 2082 spem
241 2014 398 2073 fefellisset,
420 2031 473 2068 neo
496 2015 613 2083 probato
636 2031 669 2069 eo
686 2031 738 2068 neo
761 2016 919 2084 improbato
940 2017 1024 2082 (uude
1042 2018 1092 2071 aii·

142 2081 276 2148 quamdiu
286 2084 379 2134 tamen
390 2081 517 2135 homines
528 2097 560 2134 eo
570 2083 612 2134 usi
622 2098 680 2135 esse
690 2083 841 2147 videntur),
851 2085 988 2137 attamen
998 2084 1092 2153 aliquo

89 2156 130 2204 ⁵20]
141 2148 224 2202 modo
236 2148 303 2201 iuris
313 2148 468 2201 confusioni
479 2148 682 2213 subveniretur,
694 2149 740 2202 lex
750 2150 784 2202 de
797 2150 957 2204 auctoribus
969 2152 1092 2221 allegan-

140 2216 182 2267 dis
194 2231 211 2267 a
223 2214 420 2268 Valentiniano
433 2216 534 2268 emissa
546 2215 589 2268 sit.
621 2215 671 2269 Cui
684 2217 808 2282 opinioni
827 2219 960 2271 convenit
971 2220 1093 2286 primum

139 2282 231 2349 patria
253 2280 382 2335 Vaticani
406 2282 499 2349 operis
521 2281 580 2334 sine
604 2282 688 2335 dubio
712 2283 906 2350 occidentalis;
934 2301 995 2339 eam
1018 2287 1092 2340 enim

140 2349 280 2413 evincunt,
299 2351 331 2401 ut
348 2347 454 2400 dudum
473 2348 547 2401 docti
565 2348 618 2401 viri
636 2350 773 2416 viderunt,
796 2353 826 2403 et
842 2351 902 2418 ipse
920 2353 1008 2406 codex
1026 2353 1091 2407 Vat.

214 2485 232 2553 ¹)
248 2488 320 2538 Cuius
335 2490 501 2539 documentum
515 2490 645 2539 estincerti
660 2493 765 2540 auctoris
777 2489 817 2540 ‘de
832 2493 904 2541 rebus
918 2491 1022 2542 beiiicis’
1033 2509 1093 2558 opu·

139 2560 243 2620 sculum,
263 2561 302 2609 ubi
322 2577 343 2610 e.
364 2561 403 2608 ult.
421 2557 462 2609 ‘de
477 2561 552 2622 legum
567 2560 603 2608 rei
623 2561 681 2609 iuris
700 2563 838 2610 contusione
857 2560 988 2625 purganda'
1009 2562 1092 2628 (Notit.

124 2631 222 2691 -dignit,
238 2632 293 2695 imp.
309 2630 375 2679 Rom.
396 2645 423 2678 er
442 2631 479 2679 ed.
495 2630 597 2679 labbaei
617 2630 691 2680 Paris.
707 2642 766 2682 1651.
781 2647 803 2695 p.
821 2632 878 2696 its.)
900 2630 993 2681 ‘ilirina
1012 2635 1093 2696 provi·

140 2699 226 2762 denti’‚
241 2701 329 2765 inquit,
346 2697 519 2750 ‘sacratissime
535 2703 675 2764 imperator,
691 2701 754 2750 domi
770 2702 875 2765 lorisque
890 2704 949 2764 reip.
964 2703 1092 2765 praesidiis

140 2771 288 2833 compositis,
303 2778 377 2819 restat
391 2786 461 2819 unum
477 2772 506 2820 dc
522 2779 560 2820 tna
574 2773 701 2820 serenitate
717 2771 847 2820 remedium
862 2771 892 2819 sd
907 2771 1009 2822 civilium
1025 2787 1093 2821 curn-

140 2854 192 2887 rum
206 2841 356 2901 medicinam,
371 2849 396 2889 ut
410 2843 520 2890 contusas
530 2841 606 2903 iugum
617 2842 794 2905 contrariasque
805 2842 942 2899 sententias,
954 2843 1092 2905 improbita-

141 2912 171 2957 tis
186 2911 274 2959 reiecto
289 2912 372 2972 litigio,
389 2912 475 2961 iudicio
491 2920 602 2972 augustae
617 2912 760 2973 dignationis
771 2909 901 2960 illumines’
914 2919 959 2960 etc.
1011 2907 1033 2977 ²)
1048 2914 1092 2962 iic-

140 2978 216 3042 cedit,
235 2981 297 3044 quod
316 2982 459 3030 lastinianus
479 2983 545 3030 initio
564 2988 638 3032 const.
672 2982 749 3030 ilaec
772 2997 845 3045 quae
868 2983 1041 3030 necessario
1064 2983 1092 3032 de

140 3063 200 3097 noro
215 3049 302 3100 Codice
317 3052 424 3101 iaciendo
440 3060 581 3110 auctorest,
596 3053 654 3101 adeo
670 3053 771 3101 multis
787 3059 851 3100 retro
867 3053 1014 3115 principibus
1029 3053 1092 3102 eius·

140 3120 204 3168 modi
218 3120 341 3170 codicibus
357 3123 393 3170 ius
408 3123 528 3184 corrigere
542 3123 702 3171 necessarium
718 3123 802 3183 visum,
818 3121 906 3171 nulium
916 3131 993 3170 tamon
1003 3137 1052 3172 rem
1064 3124 1092 3172 ad

140 3191 227 3239 exitum
242 3191 373 3255 perducere
384 3208 467 3242 ausum
478 3207 538 3241 esse.
586 3188 608 3257 ⁸)
617 3193 800 3252 Meminerimus,
812 3194 883 3241 etiam
894 3191 1005 3242 Notitiam
1015 3193 1092 3255 digni-

140 3268 213 3309 tatum
228 3263 351 3325 utriusque
367 3263 459 3326 imperii
474 3272 497 3312 et
512 3262 615 3312 libellum
626 3265 800 3326 provinciarum
811 3264 982 3327 imperantibus
992 3265 1092 3314 Arcadio

139 3338 164 3378 et
176 3331 280 3380 Honorio
295 3334 456 3396 conscriptum
471 3349 533 3385 esse.
557 3333 622 3382 Unde
637 3334 680 3383 boc
696 3336 779 3383 saitem
795 3335 917 3397 probatur,
928 3341 1026 3398 quantae
1037 3343 1091 3385 tunc

140 3416 211 3449 curae
228 3403 412 3465 imperatoribus
427 3405 504 3461 luerit,
520 3412 545 3452 ut
560 3406 652 3467 imperii
668 3405 841 3454 administratio
857 3405 984 3453 adsertam
995 3406 1092 3455 turmam

141 3473 238 3532 scriptis
253 3474 414 3533 consignatam
428 3475 582 3534 redigeretur.
639 3472 660 3539 ⁴)
677 3476 705 3523 Ut
719 3476 782 3538 quod
799 3477 821 3523 in
836 3474 922 3524 Ctrron.
938 3475 1042 3525 idatiano
1058 3476 1093 3524 rei

142 3541 246 3602 iiispano
261 3543 315 3605 (nec
331 3550 408 3590 tamen
424 3544 447 3590 in
462 3543 571 3591 omnibns
591 3544 641 3591 eius
660 3545 729 3593 codd.
747 3544 815 3608 mss.)
835 3546 931 3606 iegitur:
952 3543 1092 3594 ‘Undecimo

139 3625 200 3658 anno
216 3613 365 3660 Theodosius
380 3613 444 3673 regni
459 3614 495 3661 sui
511 3612 571 3676 (aaa)
585 3613 681 3660 Romam
700 3628 753 3662 rum
773 3615 821 3662 titio
837 3616 940 3663 Honorio
962 3616 1092 3675 ingressus,

139 3681 281 3744 legesque
297 3682 489 3729 Romanorum
505 3683 622 3741 integra
637 3684 845 3731 emendatione
861 3681 972 3732 edidit'
989 3685 1092 3746 itemque

139 3765 150 3796 n
167 3750 294 3800 Claudiano
311 3752 334 3799 in
349 3751 424 3798 Russn.
440 3764 460 3807 ι,
474 3763 507 3802 ao.
523 3751 650 3810 significari
666 3753 771 3801 videtur:
788 3751 891 3801 ‘iustitia
903 3753 1006 3814 insultat,
1016 3754 1092 3801 vitiis·

138 3835 184 3880 que
204 3837 216 3868 a
236 3824 310 3883 stirpe
330 3821 428 3877 recisis,
450 3821 541 3868 Elicit
562 3833 726 3881 oppressas
752 3823 914 3871 tenebroso
936 3837 948 3870 e
970 3836 1091 3871 carcere

139 3888 245 3951 ieges'‚
261 3890 289 3938 ad
305 3889 440 3938 Vaticanum
455 3904 514 3953 opus
529 3890 647 3952 pertinere
662 3891 727 3939 credi
742 3893 825 3953 possit.
