2378 4386
571 556 658 594 aurs.
1031 542 1093 607 151

107 679 241 762 fflnbique
259 677 458 755 proconsulem
476 680 588 733 tantum
605 680 749 733 nominare
768 680 814 734 vel
831 683 1000 748 praetorem,
1018 684 1095 736 cuius

139 748 274 824 pleraque
285 744 381 799 edicta
392 745 540 814 proconsul
552 750 698 815 receperat
710 747 777 812 (Cio.
788 747 823 801 ad
833 750 919 802 Attio.
931 757 954 813 6,
967 758 989 804 1.
999 755 1022 814 §-
1034 755 1094 816 16),

140 817 234 868 mirari
251 811 402 867 nonlicet.
439 813 480 866 De
497 812 683 880 Bithynorum
706 830 772 868 vero
796 817 827 868 et
848 814 1012 870 Galatarum
1035 818 1095 872 iure

141 884 171 936 nt
187 880 275 934 Gaius
294 879 354 956 ipse
373 879 460 933 rerba
475 881 575 934 iecerit
591 897 642 934 nec
659 883 778 945 tantum,
797 885 830 935 ut
846 883 914 936 mihi
953 901 1095 939 ersuasum

141 951 196 1015 est,
214 946 355 1002 Hadriani
373 947 515 1010 retulerit,
537 964 604 1001 num
626 949 699 1002 forte
722 950 807 1003 etiam
825 949 855 1007 T.
874 952 936 1004 Aris
967 967 1031 1005 nem
1054 953 1095 1005 id-

139 1018 221 1080 circo,
240 1013 320 1084 qnod
337 1014 542 1083 Aegyptiorum
559 1016 602 1067 ius
620 1016 700 1068 novit
717 1018 747 1069 et
763 1018 994 1072 commemoravit
1012 1018 1095 1082 (Gell.

141 1091 183 1150 11,
208 1088 264 1149 18),
294 1081 469 1149 Aegyptium
496 1081 543 1135 vel
569 1084 644 1135 certe
671 1083 836 1138 orientalem
862 1086 946 1139 fuisse
972 1088 1095 1140 statuere

140 1151 294 1206 debemus?
317 1149 485 1227 prnesertim
507 1165 570 1202 cum
593 1152 699 1204 certum
718 1152 767 1213 sit,
790 1151 938 1219 plerosque
957 1153 1096 1207 Romanos

141 1220 227 1272 ctiam
248 1218 330 1273 lctus
354 1232 399 1269 rus
420 1217 599 1284 peregrinum
622 1218 729 1270 curiose
752 1218 929 1285 inquisivisse
952 1218 1035 1283 (Gall.
1053 1229 1095 1286 20,

143 1293 166 1351 1,
183 1292 207 1342 4.
224 1282 270 1339 ar.
287 1283 398 1337 Dosith.
417 1287 469 1347 12).
505 1283 606 1337 Cetera
623 1283 788 1338 Mommseni
806 1286 973 1353 argumenta
990 1290 1040 1340 aut
1056 1287 1096 1340 le·

141 1354 218 1407 viora
236 1353 305 1407 sunt
315 1351 368 1404 aut
378 1350 524 1414 eiusmodi,
542 1352 574 1403 ut
592 1351 677 1403 etiam
690 1351 753 1403 aliis
764 1352 941 1419 opinionibus
953 1351 1097 1406 firmandis

140 1420 274 1474 inservire
291 1417 410 1487 possint,
428 1433 515 1484 quare
535 1433 569 1471 ea
586 1418 699 1471 interim
711 1419 796 1470 missa
807 1418 899 1471 lacere
916 1419 1008 1471 liceat.
1037 1419 1097 1473 Hoc

141 1503 207 1541 vero
229 1500 349 1555 quaero:
375 1485 558 1553 quamobrem
584 1485 613 1536 in
635 1485 691 1548 his,
715 1486 816 1552 quibus
845 1485 936 1549 locus,
965 1485 1014 1538 ubi
1036 1488 1097 1553 quis

140 1555 247 1618 scribit,
266 1552 373 1620 optime
390 1552 521 1619 cognosci
539 1551 624 1615 solet,
643 1551 712 1603 nihil
730 1552 887 1620 reperiatur
904 1552 932 1604 in
951 1551 1014 1605 Gaii
1032 1554 1097 1606 scri·

141 1622 208 1692 ptis,
228 1619 307 1688 quod
323 1619 417 1672 Asiam
434 1619 553 1687 prodat?
589 1619 677 1671 Immo
696 1619 765 1671 haec
782 1618 818 1672 ad
838 1617 949 1670 Italiam
968 1619 1096 1673 Romam·

141 1704 200 1757 que
222 1703 274 1740 nos
295 1685 435 1756 delegant.
474 1686 506 1739 In
530 1686 665 1753 exemplis
692 1685 887 1739 condicionum
910 1685 982 1739 hanc
1003 1689 1096 1755 ponit=

143 1757 181 1810 ‘si
197 1754 280 1808 navis
297 1767 331 1806 ex
341 1753 409 1807 Asia
424 1755 544 1806 venerit'
557 1751 598 1812 (L.
611 1760 652 1807 33.
667 1752 699 1811 Ι).
713 1753 747 1806 do
760 1753 855 1807 harod.
868 1753 931 1808 inst.
952 1760 1004 1817 (28,
1017 1757 1044 1817 5)
1063 1773 1097 1808 ex

140 1824 191 1878 lib.
213 1819 250 1875 11.
273 1819 310 1874 do
331 1822 441 1875 testam.
464 1820 501 1873 ad
528 1820 571 1873 ed.
598 1824 686 1889 praet.
711 1821 770 1873 urb.
793 1821 822 1873 L.
846 1827 886 1874 72.
910 1820 942 1872 D.
966 1822 1001 1874 de
1024 1822 1097 1875 lidei.

141 1896 198 1969 (46,
218 1894 245 1955 1)
265 1887 433 1943 exlium.
452 1887 486 1940 de
505 1886 538 1941 V.
553 1888 596 1948 Ο.)
615 1924 647 1932 -
665 1890 736 1941 miro
754 1888 846 1952 modo,
866 1888 888 1939 si
902 1887 1010 1942 Troade
1029 1888 1097 1943 haec

142 1958 271 2080 fient.
285 1955 408 2090 Ἢ
422 1955 1097 2092 ἓξὲξΞέἶηέἔᾞῗοέἕῶθῗὲὲξῖἓιῗὲἙξῗῗὲᾆῗ’

142 2093 224 2148 latio:
242 2096 332 2146 Hodie
351 2094 505 2157 Corstopine
524 2096 587 2143 darc
604 2097 749 2157 spondes’?
768 2089 807 2155 (L.
824 2064 880 2143 1⁹41.
898 2095 938 2154 §5-
952 2098 975 2148 7.
993 2098 1016 2145 4.
1036 2092 1096 2148 coll.

143 2160 174 2215 L.
186 2167 218 2215 73
229 2177 273 2237 pr.
291 2159 327 2211 de
345 2156 379 2211 V.
399 2159 431 2211 0.
450 2161 501 2223 (45,
523 2158 556 2224 1.)
574 2173 608 2208 sx
626 2157 673 2211 lib.
693 2157 727 2215 ΙΙ,
747 2158 781 2211 de
795 2157 827 2212 V.
843 2156 886 2224 Ο.)
905 2160 935 2211 et
953 2159 987 2211 ‘si
1004 2159 1036 2224 is,
1049 2161 1098 2225 qui

143 2228 186 2281 ita
210 2225 360 2295 stipulatus
386 2223 483 2278 fuerit:
511 2227 537 2275 X
563 2230 631 2278 milio
654 2229 751 2292 Ephesi
775 2231 839 2278 deire
861 2232 991 2293 spondes?
1090 2267 1097 2280 .

145 2294 250 2348 Romae
271 2308 343 2363 pure
365 2291 403 2369 sic
427 2291 591 2368 intentiorit’
615 2294 651 2356 (l,
669 2296 721 2357 63).
756 2293 890 2346 Similiter
910 2294 940 2347 in
963 2294 1099 2372 exemplis

143 2358 1098 2503 §lambitioneobserbentillubeti'lll?

144 2494 268 2562 cum‚T
305 2495 310 2504 '
353 2508 478 2562 purpura
501 2498 597 2560 (quam
620 2510 670 2545 nau
693 2495 785 2561 potrus
807 2495 962 2548 Romanam
983 2496 1098 2560 (liseria)

147 2563 187 2629 (L,
199 2570 240 2621 ‘lb
287 2603 293 2614 .
312 2561 347 2615 de
363 2559 398 2614 V.
413 2559 445 2615 Ο.
464 2564 519 2623 (45,
534 2564 565 2624 1),
584 2559 614 2612 L.
634 2567 673 2614 ll.
691 2577 733 2627 pr.
752 2560 785 2612 D.
804 2560 839 2613 de
857 2561 959 2613 condit.
979 2564 1009 2614 et
1026 2562 1099 2615 dem.

145 2638 185 2695 36,
201 2638 224 2685 1.
236 2630 305 2683 Inst
317 2634 342 2694 l,
355 2631 408 2689 66.)
431 2628 461 2680 et
476 2627 537 2694 ipse
556 2643 573 2678 a
584 2629 713 2693 praetore
726 2630 793 2689 (non
811 2641 828 2678 a
845 2627 1022 2691 proconsule)
1036 2643 1099 2679 can-

144 2700 253 2753 tionem
275 2698 374 2763 petens
396 2693 426 2746 b.
446 2700 485 2747 11.
502 2693 534 2746 D.
560 2695 591 2744 ut
607 2693 661 2760 leg.
682 2697 740 2758 (36,
757 2696 796 2756 3).
832 2692 938 2755 Quibus
959 2692 1099 2756 convenit,

146 2765 237 2833 quod,
257 2778 313 2832 qno
335 2763 381 2816 die
398 2762 505 2815 Rornae
530 2763 597 2823 (non
620 2761 648 2812 in
671 2758 833 2826 provinciis)
858 2761 924 2811 vota
941 2775 992 2826 pro
1010 2758 1100 2813 salute

147 2832 325 2900 imperatoris
336 2828 533 2906 suscipiantur,
547 2827 664 2894 exponit
677 2824 720 2894 (L.
734 2832 792 2880 233.
806 2830 829 2890 6.
845 2832 866 2881 1,
879 2825 911 2882 D.
925 2826 960 2879 de
972 2825 1005 2878 V.
1019 2823 1045 2878 S.
1059 2833 1099 2890 60,

146 2893 898 3030 sitibit&bilet⁹3blblss⁰3lllz¹r
911 2893 1100 3029 &libelle

147 3041 171 3091 1.
190 3051 233 3103 pr.
254 3032 287 3090 D.
324 3005 381 3086 nod
399 3029 505 3096 cuiusq.
525 3028 600 3086 univ.
619 3037 642 3091 6,
655 3035 681 3081 4.
701 3027 729 3079 L.
745 3034 769 3082 5.
783 3027 815 3080 D.
834 3028 869 3081 de
888 3003 973 3082 ’curat
992 3029 1043 3083 fur.
1058 3035 1100 3092 27,

148 3105 192 3168 10)
211 3103 241 3155 et
257 3050 348 3153 muira
365 3096 476 3151 similia.
514 3094 590 3160 Quae
609 3095 724 3163 quidem
741 3094 860 3172 singula,
878 3096 981 3161 fateor,
1000 3112 1101 3162 parum

145 3168 275 3237 probant,
293 3166 443 3220 coniuncta
460 3177 532 3238 vero·
544 3179 624 3215 suum
643 3163 749 3216 habent
771 3178 890 3216 maxime
913 3163 950 3216 ad
972 3163 1101 3216 refellen-

146 3235 212 3290 dam
239 3235 423 3288 momentum.
463 3229 590 3294 Denique
617 3245 688 3297 quae
715 3231 782 3282 tuno
808 3232 870 3283 erat
895 3230 972 3283 urbia
995 3230 1100 3284 Romae

145 3302 307 3366 auctoritas,
325 3300 423 3367 legum
440 3298 559 3374 patriae,
576 3296 687 3416 imperii
705 3298 845 3372 totiusque
864 3297 1100 3373 iurisprudentiae

147 3371 234 3433 sedis,
273 3367 316 3421 uis
334 3367 443 3429 credat,
462 3380 614 3418 runsconsu
627 3366 700 3426 tum,
723 3380 771 3431 qur
789 3365 833 3416 tot
849 3365 1005 3433 insignibus
1023 3363 1102 3416 l1bris

145 3437 232 3492 insci
256 3436 290 3490 'e
312 3432 477 3496 illustravit,
500 3432 603 3507 quique
627 3434 656 3484 et
674 3431 834 3484 Cassianum
859 3448 888 3484 se
906 3429 1055 3498 profitetur
1074 3433 1103 3484 et

145 3503 213 3559 licet
230 3519 287 3558 non
306 3518 324 3555 a
341 3500 368 3554 S.
385 3499 540 3567 Pomponio
565 3497 695 3552 Cassiano
717 3497 786 3549 item
810 3497 906 3550 ‘Gaius
928 3499 1033 3550 noster’
1053 3513 1101 3565 ap-

145 3571 290 3641 pellatus,¹
308 3571 404 3621 tamen
424 3565 618 3620 controversiis
636 3563 802 3628 scholarum,
820 3581 892 3631 quae
911 3564 1016 3616 Romae
1034 3567 1102 3616 tunc

145 3675 359 3690 ...οι-

217 3746 238 3814 ¹)
254 3748 280 3796 L.
297 3757 331 3796 oo.
353 3744 380 3792 D.
400 3742 429 3790 de
449 3742 528 3804 stipul.
549 3757 610 3791 serr.
631 3744 680 3806 (lo,
695 3740 731 3804 a),
751 3742 790 3802 qul
810 3740 876 3790 locus
895 3754 950 3790 num
970 3738 1000 3786 sd
1020 3740 1103 3788 Galum

145 3828 253 3870 nostram
273 3821 380 3879 speclei.
396 3827 439 3861 uec
454 3814 533 3875 polius
549 3813 578 3860 ad
593 3813 617 3861 C.
634 3813 741 3861 Cassium
757 3811 899 3871 Longinum,
914 3816 968 3872 post
983 3807 1102 3870 disputan
1177 3867 1181 3876 Ι

145 3889 174 3939 de
188 3893 233 3943 hac
249 3903 276 3939 re
291 3901 306 3945 a
321 3884 350 3934 G.
365 3885 394 3933 ll.
410 3884 498 3932 llshero
514 3884 538 3931 in
549 3882 663 3932 Zoilscbr.
680 3884 694 3929 l.
706 3881 874 3941 Rechlsgesclr.
890 3881 915 3927 V.
930 3893 955 3939 p.
969 3887 994 3926 as
1004 3893 1055 3939 seq.
1070 3878 1102 3924 ils
