<?xml version="1.0" encoding="UTF-8"?>
<!DOCTYPE html PUBLIC "-//W3C//DTD XHTML 1.0 Transitional//EN"
    "http://www.w3.org/TR/xhtml1/DTD/xhtml1-transitional.dtd">
<html xmlns="http://www.w3.org/1999/xhtml" xml:lang="en" lang="en">
 <head>
  <title>
</title>
<meta http-equiv="Content-Type" content="text/html;charset=utf-8" />
  <meta name='ocr-system' content='tesseract 3.04.00' />
  <meta name='ocr-capabilities' content='ocr_page ocr_carea ocr_par ocr_line ocrx_word'/>
</head>
<body>
  <div class='ocr_page' id='page_1' title='image "./iurisprvdentiae00huscgoog_0205.png"; bbox 0 0 2378 4386; ppageno 0'>
   <div class='ocr_carea' id='block_1_1' title="bbox 56 702 1077 831">
    <p class='ocr_par' dir='ltr' id='par_1_1' title="bbox 56 702 1077 831">
     <span class='ocr_line' id='line_1_1' title="bbox 56 702 1077 831; baseline -0.011 -64"><span class='ocrx_word' id='word_1_1' title='bbox 56 720 60 727; x_wconf 87' lang='grc'><strong>“</strong></span> <span class='ocrx_word' id='word_1_2' title='bbox 112 714 211 831; x_wconf 55' lang='lat' dir='ltr'><strong>genus)</strong></span> <span class='ocrx_word' id='word_1_3' title='bbox 229 710 322 762; x_wconf 88' lang='lat' dir='ltr'><strong>locum</strong></span> <span class='ocrx_word' id='word_1_4' title='bbox 340 709 463 760; x_wconf 90' lang='lat' dir='ltr'><strong>mutasse</strong></span> <span class='ocrx_word' id='word_1_5' title='bbox 476 703 617 766; x_wconf 85' lang='lat' dir='ltr'><strong>videntur,</strong></span> <span class='ocrx_word' id='word_1_6' title='bbox 636 702 778 755; x_wconf 91' lang='lat' dir='ltr'><strong>delectum</strong></span> <span class='ocrx_word' id='word_1_7' title='bbox 791 705 901 755; x_wconf 86' lang='lat' dir='ltr'><strong>tantum</strong></span> <span class='ocrx_word' id='word_1_8' title='bbox 914 704 1077 769; x_wconf 79' lang='lat' dir='ltr'><strong>graviorum</strong></span> 
     </span>
    </p>
   </div>
   <div class='ocr_carea' id='block_1_2' title="bbox 111 768 1083 1649">
    <p class='ocr_par' dir='ltr' id='par_1_2' title="bbox 111 768 1083 1649">
     <span class='ocr_line' id='line_1_2' title="bbox 133 768 1078 833; baseline -0.007 -2"><span class='ocrx_word' id='word_1_9' title='bbox 133 777 187 833; x_wconf 88' lang='lat' dir='ltr'><strong>edi.</strong></span> <span class='ocrx_word' id='word_1_10' title='bbox 224 776 316 828; x_wconf 89' lang='lat' dir='ltr'><strong>Bonus</strong></span> <span class='ocrx_word' id='word_1_11' title='bbox 357 771 540 828; x_wconf 86' lang='lat' dir='ltr'><strong>aterfamilias</strong></span> <span class='ocrx_word' id='word_1_12' title='bbox 563 770 648 822; x_wconf 88' lang='lat' dir='ltr'><strong>etiam</strong></span> <span class='ocrx_word' id='word_1_13' title='bbox 672 770 784 821; x_wconf 86' lang='lat' dir='ltr'><strong>deserta</strong></span> <span class='ocrx_word' id='word_1_14' title='bbox 810 768 873 822; x_wconf 86' lang='lat' dir='ltr'><strong>loca</strong></span> <span class='ocrx_word' id='word_1_15' title='bbox 895 770 941 822; x_wconf 88' lang='lat' dir='ltr'><strong>vel</strong></span> <span class='ocrx_word' id='word_1_16' title='bbox 965 769 1078 824; x_wconf 88' lang='lat' dir='ltr'><strong>ruinosa</strong></span> 
     </span>
     <span class='ocr_line' id='line_1_3' title="bbox 111 791 1076 912; baseline -0.006 -15"><span class='ocrx_word' id='word_1_17' title='bbox 111 844 257 907; x_wconf 72' lang='lat' dir='ltr'><strong>fructuosa</strong></span> <span class='ocrx_word' id='word_1_18' title='bbox 278 791 397 893; x_wconf 48' lang='grc' dir='ltr'>ηθὼξθηθ</span> <span class='ocrx_word' id='word_1_19' title='bbox 421 839 506 906; x_wconf 89' lang='lat' dir='ltr'><strong>cupit.</strong></span> <span class='ocrx_word' id='word_1_20' title='bbox 546 836 645 901; x_wconf 84' lang='lat' dir='ltr'><strong>ltaque</strong></span> <span class='ocrx_word' id='word_1_21' title='bbox 674 835 839 912; x_wconf 81' lang='lat' dir='ltr'><strong>supplendis</strong></span> <span class='ocrx_word' id='word_1_22' title='bbox 865 836 912 902; x_wconf 84' lang='lat' dir='ltr'><strong>iis,</strong></span> <span class='ocrx_word' id='word_1_23' title='bbox 940 853 1013 904; x_wconf 87' lang='lat' dir='ltr'><strong>quae</strong></span> <span class='ocrx_word' id='word_1_24' title='bbox 1041 838 1076 891; x_wconf 88' lang='lat' dir='ltr'><strong>ab</strong></span> 
     </span>
     <span class='ocr_line' id='line_1_4' title="bbox 112 905 1079 975; baseline -0.007 -11"><span class='ocrx_word' id='word_1_25' title='bbox 112 908 330 964; x_wconf 78' lang='lat' dir='ltr'>amanuensibus</span> <span class='ocrx_word' id='word_1_26' title='bbox 353 907 454 959; x_wconf 89' lang='lat' dir='ltr'><strong>omissa</strong></span> <span class='ocrx_word' id='word_1_27' title='bbox 476 907 543 956; x_wconf 92' lang='lat' dir='ltr'><strong>sunt</strong></span> <span class='ocrx_word' id='word_1_28' title='bbox 564 918 674 972; x_wconf 88' lang='lat' dir='ltr'><strong>quaeve</strong></span> <span class='ocrx_word' id='word_1_29' title='bbox 697 918 811 956; x_wconf 82' lang='lat' dir='ltr'><strong>omnino</strong></span> <span class='ocrx_word' id='word_1_30' title='bbox 839 906 889 957; x_wconf 90' lang='lat' dir='ltr'><strong>aut</strong></span> <span class='ocrx_word' id='word_1_31' title='bbox 914 908 992 957; x_wconf 88' lang='lat' dir='ltr'><strong>certo</strong></span> <span class='ocrx_word' id='word_1_32' title='bbox 1021 905 1079 975; x_wconf 85' lang='lat' dir='ltr'><strong>legi</strong></span> 
     </span>
     <span class='ocr_line' id='line_1_5' title="bbox 111 970 1078 1044; baseline -0.006 -13"><span class='ocrx_word' id='word_1_33' title='bbox 111 993 167 1031; x_wconf 90' lang='lat' dir='ltr'><strong>non</strong></span> <span class='ocrx_word' id='word_1_34' title='bbox 185 975 348 1044; x_wconf 87' lang='lat' dir='ltr'><strong>potuerunt,</strong></span> <span class='ocrx_word' id='word_1_35' title='bbox 366 989 441 1025; x_wconf 90' lang='lat' dir='ltr'><strong>nnnc</strong></span> <span class='ocrx_word' id='word_1_36' title='bbox 458 987 570 1040; x_wconf 90' lang='lat' dir='ltr'><strong>quoque</strong></span> <span class='ocrx_word' id='word_1_37' title='bbox 583 970 755 1040; x_wconf 81' lang='lat' dir='ltr'><strong>peculiarem</strong></span> <span class='ocrx_word' id='word_1_38' title='bbox 768 985 884 1039; x_wconf 91' lang='lat' dir='ltr'><strong>operam</strong></span> <span class='ocrx_word' id='word_1_39' title='bbox 896 971 1008 1034; x_wconf 82' lang='lat' dir='ltr'><strong>navari,</strong></span> <span class='ocrx_word' id='word_1_40' title='bbox 1028 973 1078 1025; x_wconf 89' lang='lat' dir='ltr'><strong>sed</strong></span> 
     </span>
     <span class='ocr_line' id='line_1_6' title="bbox 112 1038 1078 1108; baseline -0.006 -9"><span class='ocrx_word' id='word_1_41' title='bbox 112 1060 175 1099; x_wconf 84' lang='lat' dir='ltr'><strong>earn</strong></span> <span class='ocrx_word' id='word_1_42' title='bbox 193 1042 315 1096; x_wconf 86' lang='lat' dir='ltr'><strong>maxime</strong></span> <span class='ocrx_word' id='word_1_43' title='bbox 333 1043 406 1105; x_wconf 84' lang='lat' dir='ltr'><strong>tum,</strong></span> <span class='ocrx_word' id='word_1_44' title='bbox 423 1038 473 1093; x_wconf 90' lang='lat' dir='ltr'><strong>ubi</strong></span> <span class='ocrx_word' id='word_1_45' title='bbox 492 1039 526 1093; x_wconf 87' lang='lat' dir='ltr'><strong>de</strong></span> <span class='ocrx_word' id='word_1_46' title='bbox 544 1038 748 1108; x_wconf 75' lang='lat' dir='ltr'>supplementis</span> <span class='ocrx_word' id='word_1_47' title='bbox 761 1039 789 1091; x_wconf 90' lang='lat' dir='ltr'><strong>in</strong></span> <span class='ocrx_word' id='word_1_48' title='bbox 804 1040 913 1092; x_wconf 85' lang='lat' dir='ltr'><strong>textum</strong></span> <span class='ocrx_word' id='word_1_49' title='bbox 926 1039 1078 1106; x_wconf 84' lang='lat' dir='ltr'><strong>admitten-</strong></span> 
     </span>
     <span class='ocr_line' id='line_1_7' title="bbox 112 1107 1079 1178; baseline -0.005 -13"><span class='ocrx_word' id='word_1_50' title='bbox 112 1112 155 1165; x_wconf 90' lang='lat' dir='ltr'><strong>dis</strong></span> <span class='ocrx_word' id='word_1_51' title='bbox 173 1109 369 1178; x_wconf 77' lang='lat' dir='ltr'>quaereretur,</span> <span class='ocrx_word' id='word_1_52' title='bbox 392 1124 455 1160; x_wconf 92' lang='lat' dir='ltr'><strong>cum</strong></span> <span class='ocrx_word' id='word_1_53' title='bbox 474 1107 530 1160; x_wconf 91' lang='lat' dir='ltr'><strong>iam</strong></span> <span class='ocrx_word' id='word_1_54' title='bbox 549 1113 625 1160; x_wconf 88' lang='lat' dir='ltr'><strong>certo</strong></span> <span class='ocrx_word' id='word_1_55' title='bbox 644 1107 829 1160; x_wconf 87' lang='lat' dir='ltr'><strong>fundamento</strong></span> <span class='ocrx_word' id='word_1_56' title='bbox 847 1107 1022 1174; x_wconf 84' lang='lat' dir='ltr'><strong>insistamus,</strong></span> <span class='ocrx_word' id='word_1_57' title='bbox 1042 1109 1079 1160; x_wconf 91' lang='lat' dir='ltr'><strong>ad</strong></span> 
     </span>
     <span class='ocr_line' id='line_1_8' title="bbox 112 1175 1079 1253; baseline -0.005 -21"><span class='ocrx_word' id='word_1_58' title='bbox 112 1179 227 1232; x_wconf 84' lang='lat' dir='ltr'><strong>criticae</strong></span> <span class='ocrx_word' id='word_1_59' title='bbox 244 1176 313 1230; x_wconf 83' lang='lat' dir='ltr'><strong>artis</strong></span> <span class='ocrx_word' id='word_1_60' title='bbox 331 1176 460 1253; x_wconf 76' lang='lat' dir='ltr'><strong>regulam</strong></span> <span class='ocrx_word' id='word_1_61' title='bbox 477 1176 601 1229; x_wconf 74' lang='lat' dir='ltr'><strong>strictius</strong></span> <span class='ocrx_word' id='word_1_62' title='bbox 619 1177 788 1232; x_wconf 72' lang='lat' dir='ltr'><strong>revocatam.</strong></span> <span class='ocrx_word' id='word_1_63' title='bbox 823 1175 867 1227; x_wconf 87' lang='lat' dir='ltr'><strong>Ad</strong></span> <span class='ocrx_word' id='word_1_64' title='bbox 886 1190 999 1227; x_wconf 89' lang='lat' dir='ltr'><strong>sensum</strong></span> <span class='ocrx_word' id='word_1_65' title='bbox 1014 1192 1079 1244; x_wconf 90' lang='lat' dir='ltr'><strong>sup·</strong></span> 
     </span>
     <span class='ocr_line' id='line_1_9' title="bbox 112 1242 1079 1314; baseline -0.004 -15"><span class='ocrx_word' id='word_1_66' title='bbox 112 1244 191 1314; x_wconf 85' lang='lat' dir='ltr'><strong>plets</strong></span> <span class='ocrx_word' id='word_1_67' title='bbox 208 1245 267 1297; x_wconf 84' lang='lat' dir='ltr'><strong>sive</strong></span> <span class='ocrx_word' id='word_1_68' title='bbox 292 1243 424 1297; x_wconf 87' lang='lat' dir='ltr'><strong>deletrcia</strong></span> <span class='ocrx_word' id='word_1_69' title='bbox 442 1243 498 1296; x_wconf 90' lang='lat' dir='ltr'><strong>sive</strong></span> <span class='ocrx_word' id='word_1_70' title='bbox 518 1243 622 1297; x_wconf 90' lang='lat' dir='ltr'><strong>omissa</strong></span> <span class='ocrx_word' id='word_1_71' title='bbox 639 1244 669 1296; x_wconf 91' lang='lat' dir='ltr'><strong>et</strong></span> <span class='ocrx_word' id='word_1_72' title='bbox 690 1245 756 1296; x_wconf 83' lang='lat' dir='ltr'><strong>tunc</strong></span> <span class='ocrx_word' id='word_1_73' title='bbox 775 1242 935 1297; x_wconf 89' lang='lat' dir='ltr'><strong>huiusmodi</strong></span> <span class='ocrx_word' id='word_1_74' title='bbox 952 1243 1032 1295; x_wconf 90' lang='lat' dir='ltr'><strong>uncis</strong></span> <span class='ocrx_word' id='word_1_75' title='bbox 1052 1245 1079 1311; x_wconf 72' lang='lat' dir='ltr'><strong>(l</strong></span> 
     </span>
     <span class='ocr_line' id='line_1_10' title="bbox 112 1309 1080 1430; baseline -0.005 -63"><span class='ocrx_word' id='word_1_76' title='bbox 112 1328 160 1367; x_wconf 85' lang='lat' dir='ltr'><strong>sae</strong></span> <span class='ocrx_word' id='word_1_77' title='bbox 182 1316 213 1366; x_wconf 87' lang='lat' dir='ltr'><strong>ta</strong></span> <span class='ocrx_word' id='word_1_78' title='bbox 229 1327 400 1380; x_wconf 89' lang='lat' dir='ltr'><strong>quamquam</strong></span> <span class='ocrx_word' id='word_1_79' title='bbox 413 1311 442 1364; x_wconf 90' lang='lat' dir='ltr'><strong>in</strong></span> <span class='ocrx_word' id='word_1_80' title='bbox 459 1311 516 1364; x_wconf 89' lang='lat' dir='ltr'><strong>illis</strong></span> <span class='ocrx_word' id='word_1_81' title='bbox 534 1310 620 1389; x_wconf 80' lang='lat' dir='ltr'><strong>spatii</strong></span> <span class='ocrx_word' id='word_1_82' title='bbox 637 1325 748 1430; x_wconf 51' lang='lat' dir='ltr'><strong>semgar</strong></span> <span class='ocrx_word' id='word_1_83' title='bbox 761 1311 791 1363; x_wconf 92' lang='lat' dir='ltr'><strong>et</strong></span> <span class='ocrx_word' id='word_1_84' title='bbox 805 1311 854 1363; x_wconf 91' lang='lat' dir='ltr'><strong>ubi</strong></span> <span class='ocrx_word' id='word_1_85' title='bbox 870 1309 976 1363; x_wconf 78' lang='lat' dir='ltr'><strong>licebat</strong></span> <span class='ocrx_word' id='word_1_86' title='bbox 993 1311 1080 1363; x_wconf 90' lang='lat' dir='ltr'><strong>etiam</strong></span> 
     </span>
     <span class='ocr_line' id='line_1_11' title="bbox 112 1331 1081 1458; baseline -0.004 -23"><span class='ocrx_word' id='word_1_87' title='bbox 112 1331 298 1458; x_wconf 54' lang='lat' dir='ltr'><strong>vesligiorum</strong></span> <span class='ocrx_word' id='word_1_88' title='bbox 321 1379 477 1456; x_wconf 78' lang='lat' dir='ltr'><strong>scripturae</strong></span> <span class='ocrx_word' id='word_1_89' title='bbox 500 1382 637 1432; x_wconf 82' lang='lat' dir='ltr'><strong>rationem</strong></span> <span class='ocrx_word' id='word_1_90' title='bbox 659 1378 697 1430; x_wconf 88' lang='lat' dir='ltr'><strong>ha</strong></span> <span class='ocrx_word' id='word_1_91' title='bbox 717 1377 761 1442; x_wconf 80' lang='lat' dir='ltr'><strong>ui,</strong></span> <span class='ocrx_word' id='word_1_92' title='bbox 791 1394 826 1432; x_wconf 91' lang='lat' dir='ltr'><strong>ne</strong></span> <span class='ocrx_word' id='word_1_93' title='bbox 854 1379 950 1431; x_wconf 80' lang='lat' dir='ltr'><strong>tamen</strong></span> <span class='ocrx_word' id='word_1_94' title='bbox 977 1379 1020 1431; x_wconf 85' lang='lat' dir='ltr'><strong>ita</strong></span> <span class='ocrx_word' id='word_1_95' title='bbox 1046 1394 1081 1431; x_wconf 89' lang='lat' dir='ltr'><strong>ea</strong></span> 
     </span>
     <span class='ocr_line' id='line_1_12' title="bbox 113 1444 1081 1516; baseline -0.005 -14"><span class='ocrx_word' id='word_1_96' title='bbox 113 1448 290 1516; x_wconf 83' lang='lat' dir='ltr'><strong>accipiantur</strong></span> <span class='ocrx_word' id='word_1_97' title='bbox 307 1463 339 1499; x_wconf 83' lang='lat' dir='ltr'><strong>ac</strong></span> <span class='ocrx_word' id='word_1_98' title='bbox 363 1464 387 1507; x_wconf 76' lang='lat' dir='ltr'><strong>si</strong></span> <span class='ocrx_word' id='word_1_99' title='bbox 404 1446 466 1499; x_wconf 89' lang='lat' dir='ltr'><strong>aliis</strong></span> <span class='ocrx_word' id='word_1_100' title='bbox 489 1446 582 1500; x_wconf 86' lang='lat' dir='ltr'><strong>verbis</strong></span> <span class='ocrx_word' id='word_1_101' title='bbox 605 1444 731 1513; x_wconf 87' lang='lat' dir='ltr'><strong>suppleri</strong></span> <span class='ocrx_word' id='word_1_102' title='bbox 749 1461 806 1500; x_wconf 92' lang='lat' dir='ltr'><strong>non</strong></span> <span class='ocrx_word' id='word_1_103' title='bbox 828 1445 950 1513; x_wconf 77' lang='lat' dir='ltr'><strong>possint,</strong></span> <span class='ocrx_word' id='word_1_104' title='bbox 972 1445 1019 1497; x_wconf 82' lang='lat' dir='ltr'><strong>vix</strong></span> <span class='ocrx_word' id='word_1_105' title='bbox 1038 1447 1081 1498; x_wconf 90' lang='lat' dir='ltr'><strong>est</strong></span> 
     </span>
     <span class='ocr_line' id='line_1_13' title="bbox 113 1516 426 1569; baseline 0 -1"><span class='ocrx_word' id='word_1_106' title='bbox 113 1516 268 1569; x_wconf 88' lang='lat' dir='ltr'><strong>utiterum</strong></span> <span class='ocrx_word' id='word_1_107' title='bbox 286 1530 426 1568; x_wconf 88' lang='lat' dir='ltr'><strong>moneam.</strong></span> 
     </span>
     <span class='ocr_line' id='line_1_14' title="bbox 182 1579 1083 1649; baseline -0.001 -14"><span class='ocrx_word' id='word_1_108' title='bbox 182 1582 315 1636; x_wconf 83' lang='lat' dir='ltr'><strong>Ceterum</strong></span> <span class='ocrx_word' id='word_1_109' title='bbox 328 1584 357 1635; x_wconf 90' lang='lat' dir='ltr'><strong>et</strong></span> <span class='ocrx_word' id='word_1_110' title='bbox 369 1598 416 1635; x_wconf 87' lang='lat' dir='ltr'><strong>eas</strong></span> <span class='ocrx_word' id='word_1_111' title='bbox 429 1581 533 1635; x_wconf 87' lang='lat' dir='ltr'><strong>codicis</strong></span> <span class='ocrx_word' id='word_1_112' title='bbox 544 1581 649 1649; x_wconf 84' lang='lat' dir='ltr'><strong>partes,</strong></span> <span class='ocrx_word' id='word_1_113' title='bbox 669 1579 771 1646; x_wconf 92' lang='lat' dir='ltr'><strong>quibus</strong></span> <span class='ocrx_word' id='word_1_114' title='bbox 785 1596 819 1633; x_wconf 86' lang='lat' dir='ltr'><strong>ex</strong></span> <span class='ocrx_word' id='word_1_115' title='bbox 831 1580 995 1648; x_wconf 79' lang='lat' dir='ltr'><strong>apographo</strong></span> <span class='ocrx_word' id='word_1_116' title='bbox 1008 1597 1083 1634; x_wconf 83' lang='lat' dir='ltr'><strong>nora</strong></span> 
     </span>
    </p>
   </div>
   <div class='ocr_carea' id='block_1_3' title="bbox 13 1647 1082 1727">
    <p class='ocr_par' dir='ltr' id='par_1_3' title="bbox 13 1647 1082 1727">
     <span class='ocr_line' id='line_1_15' title="bbox 13 1647 1082 1727; baseline -0.002 -23"><span class='ocrx_word' id='word_1_117' title='bbox 13 1661 15 1663; x_wconf 66' lang='lat'><em>&#39;</em></span> <span class='ocrx_word' id='word_1_118' title='bbox 113 1651 161 1704; x_wconf 89' lang='lat' dir='ltr'><strong>lux</strong></span> <span class='ocrx_word' id='word_1_119' title='bbox 180 1666 236 1704; x_wconf 89' lang='lat' dir='ltr'><strong>non</strong></span> <span class='ocrx_word' id='word_1_120' title='bbox 256 1649 374 1713; x_wconf 76' lang='lat' dir='ltr'><strong>affulsit,</strong></span> <span class='ocrx_word' id='word_1_121' title='bbox 399 1650 492 1703; x_wconf 92' lang='lat' dir='ltr'><strong>denuo</strong></span> <span class='ocrx_word' id='word_1_122' title='bbox 510 1649 639 1701; x_wconf 90' lang='lat' dir='ltr'><strong>recensui</strong></span> <span class='ocrx_word' id='word_1_123' title='bbox 657 1650 687 1701; x_wconf 89' lang='lat' dir='ltr'><strong>et</strong></span> <span class='ocrx_word' id='word_1_124' title='bbox 708 1647 736 1701; x_wconf 91' lang='lat' dir='ltr'><strong>in</strong></span> <span class='ocrx_word' id='word_1_125' title='bbox 754 1648 796 1727; x_wconf 38' lang='lat' dir='ltr'><strong>iis·</strong></span> <span class='ocrx_word' id='word_1_126' title='bbox 807 1664 919 1727; x_wconf 82' lang='lat' dir='ltr'><strong>qnoque</strong></span> <span class='ocrx_word' id='word_1_127' title='bbox 937 1664 995 1701; x_wconf 92' lang='lat' dir='ltr'><strong>non</strong></span> <span class='ocrx_word' id='word_1_128' title='bbox 1013 1665 1082 1717; x_wconf 91' lang='lat' dir='ltr'><strong>pau·</strong></span> 
     </span>
    </p>
   </div>
   <div class='ocr_carea' id='block_1_4' title="bbox 114 1715 1084 1976">
    <p class='ocr_par' dir='ltr' id='par_1_4' title="bbox 114 1715 1055 1772">
     <span class='ocr_line' id='line_1_16' title="bbox 114 1715 1055 1772; baseline 0 -1"><span class='ocrx_word' id='word_1_129' title='bbox 114 1733 211 1772; x_wconf 85' lang='lat' dir='ltr'><strong>corum</strong></span> <span class='ocrx_word' id='word_1_130' title='bbox 228 1718 355 1771; x_wconf 87' lang='lat' dir='ltr'><strong>locorum</strong></span> <span class='ocrx_word' id='word_1_131' title='bbox 373 1717 513 1770; x_wconf 89' lang='lat' dir='ltr'><strong>saniorem</strong></span> <span class='ocrx_word' id='word_1_132' title='bbox 531 1715 682 1768; x_wconf 85' lang='lat' dir='ltr'><strong>lectionem</strong></span> <span class='ocrx_word' id='word_1_133' title='bbox 700 1715 841 1769; x_wconf 79' lang='lat' dir='ltr'><strong>invenisse</strong></span> <span class='ocrx_word' id='word_1_134' title='bbox 860 1715 929 1768; x_wconf 82' lang='lat' dir='ltr'><strong>mihi</strong></span> <span class='ocrx_word' id='word_1_135' title='bbox 948 1716 1055 1771; x_wconf 84' lang='lat' dir='ltr'><strong>videor.</strong></span> 
     </span>
    </p>

    <p class='ocr_par' dir='ltr' id='par_1_5' title="bbox 114 1784 1084 1976">
     <span class='ocr_line' id='line_1_17' title="bbox 183 1784 1084 1851; baseline -0.002 -11"><span class='ocrx_word' id='word_1_136' title='bbox 183 1786 260 1840; x_wconf 88' lang='lat' dir='ltr'><strong>Haec</strong></span> <span class='ocrx_word' id='word_1_137' title='bbox 279 1785 314 1839; x_wconf 91' lang='lat' dir='ltr'><strong>de</strong></span> <span class='ocrx_word' id='word_1_138' title='bbox 332 1784 448 1837; x_wconf 91' lang='lat' dir='ltr'><strong>consilio</strong></span> <span class='ocrx_word' id='word_1_139' title='bbox 466 1786 497 1837; x_wconf 91' lang='lat' dir='ltr'><strong>et</strong></span> <span class='ocrx_word' id='word_1_140' title='bbox 513 1784 623 1836; x_wconf 87' lang='lat' dir='ltr'><strong>ratione</strong></span> <span class='ocrx_word' id='word_1_141' title='bbox 641 1799 732 1836; x_wconf 84' lang='lat' dir='ltr'><strong>novae</strong></span> <span class='ocrx_word' id='word_1_142' title='bbox 749 1784 882 1838; x_wconf 86' lang='lat' dir='ltr'><strong>editionis</strong></span> <span class='ocrx_word' id='word_1_143' title='bbox 905 1785 1084 1851; x_wconf 87' lang='lat' dir='ltr'><strong>praemonita</strong></span> 
     </span>
     <span class='ocr_line' id='line_1_18' title="bbox 114 1851 1084 1973; baseline -0.003 -66"><span class='ocrx_word' id='word_1_144' title='bbox 114 1854 339 1973; x_wconf 74' lang='lat' dir='ltr'><strong>sulficeredratus</strong></span> <span class='ocrx_word' id='word_1_145' title='bbox 356 1851 571 1905; x_wconf 84' lang='lat' dir='ltr'><strong>benevolentiae</strong></span> <span class='ocrx_word' id='word_1_146' title='bbox 588 1866 651 1904; x_wconf 88' lang='lat' dir='ltr'><strong>eam</strong></span> <span class='ocrx_word' id='word_1_147' title='bbox 670 1866 776 1915; x_wconf 87' lang='lat' dir='ltr'><strong>eorum,</strong></span> <span class='ocrx_word' id='word_1_148' title='bbox 796 1853 846 1920; x_wconf 91' lang='lat' dir='ltr'><strong>qui</strong></span> <span class='ocrx_word' id='word_1_149' title='bbox 864 1867 897 1906; x_wconf 86' lang='lat' dir='ltr'><strong>ea</strong></span> <span class='ocrx_word' id='word_1_150' title='bbox 915 1853 993 1905; x_wconf 89' lang='lat' dir='ltr'><strong>usuri</strong></span> <span class='ocrx_word' id='word_1_151' title='bbox 1011 1854 1084 1919; x_wconf 90' lang='lat' dir='ltr'><strong>sunt,</strong></span> 
     </span>
     <span class='ocr_line' id='line_1_19' title="bbox 115 1937 291 1976; baseline -0.017 -1"><span class='ocrx_word' id='word_1_152' title='bbox 115 1937 245 1976; x_wconf 87' lang='lat' dir='ltr'><strong>commen</strong></span> <span class='ocrx_word' id='word_1_153' title='bbox 267 1937 291 1974; x_wconf 89' lang='lat' dir='ltr'><strong>o.</strong></span> 
     </span>
    </p>
   </div>
   <div class='ocr_carea' id='block_1_5' title="bbox 117 2099 1089 3999">
    <p class='ocr_par' dir='ltr' id='par_1_6' title="bbox 117 2099 1083 2236">
     <span class='ocr_line' id='line_1_20' title="bbox 184 2099 1083 2178; baseline -0.002 -24"><span class='ocrx_word' id='word_1_154' title='bbox 184 2101 278 2156; x_wconf 87' lang='lat' dir='ltr'><strong>Pauca</strong></span> <span class='ocrx_word' id='word_1_155' title='bbox 298 2104 379 2166; x_wconf 85' lang='lat' dir='ltr'><strong>sunt,</strong></span> <span class='ocrx_word' id='word_1_156' title='bbox 399 2117 471 2178; x_wconf 86' lang='lat' dir='ltr'><strong>qnae</strong></span> <span class='ocrx_word' id='word_1_157' title='bbox 484 2101 550 2153; x_wconf 89' lang='lat' dir='ltr'><strong>huic</strong></span> <span class='ocrx_word' id='word_1_158' title='bbox 563 2099 707 2167; x_wconf 83' lang='lat' dir='ltr'><strong>quintae</strong></span> <span class='ocrx_word' id='word_1_159' title='bbox 727 2102 764 2166; x_wconf 83' lang='lat' dir='ltr'><strong>et,</strong></span> <span class='ocrx_word' id='word_1_160' title='bbox 783 2103 815 2154; x_wconf 91' lang='lat' dir='ltr'><strong>ut</strong></span> <span class='ocrx_word' id='word_1_161' title='bbox 835 2100 896 2169; x_wconf 88' lang='lat' dir='ltr'><strong>ipse</strong></span> <span class='ocrx_word' id='word_1_162' title='bbox 914 2115 1009 2168; x_wconf 85' lang='lat' dir='ltr'><strong>spero,</strong></span> <span class='ocrx_word' id='word_1_163' title='bbox 1034 2116 1083 2167; x_wconf 90' lang='lat' dir='ltr'><strong>po·</strong></span> 
     </span>
     <span class='ocr_line' id='line_1_21' title="bbox 117 2167 855 2236; baseline -0.005 -12"><span class='ocrx_word' id='word_1_164' title='bbox 117 2171 239 2226; x_wconf 75' lang='lat' dir='ltr'><strong>streniae</strong></span> <span class='ocrx_word' id='word_1_165' title='bbox 258 2186 338 2224; x_wconf 86' lang='lat' dir='ltr'><strong>meae</strong></span> <span class='ocrx_word' id='word_1_166' title='bbox 359 2167 509 2222; x_wconf 81' lang='lat' dir='ltr'><strong>editioni</strong></span> <span class='ocrx_word' id='word_1_167' title='bbox 526 2167 681 2236; x_wconf 83' lang='lat' dir='ltr'><strong>praefanda</strong></span> <span class='ocrx_word' id='word_1_168' title='bbox 698 2168 855 2221; x_wconf 84' lang='lat' dir='ltr'><strong>videantur.</strong></span> 
     </span>
    </p>

    <p class='ocr_par' dir='ltr' id='par_1_7' title="bbox 117 2236 1086 2902">
     <span class='ocr_line' id='line_1_22' title="bbox 186 2236 1086 2305; baseline -0.001 -15"><span class='ocrx_word' id='word_1_169' title='bbox 186 2236 216 2290; x_wconf 87' lang='lat' dir='ltr'><strong>Si</strong></span> <span class='ocrx_word' id='word_1_170' title='bbox 235 2237 298 2304; x_wconf 88' lang='lat' dir='ltr'><strong>quis</strong></span> <span class='ocrx_word' id='word_1_171' title='bbox 316 2238 388 2298; x_wconf 86' lang='lat' dir='ltr'><strong>forte</strong></span> <span class='ocrx_word' id='word_1_172' title='bbox 408 2236 550 2305; x_wconf 83' lang='lat' dir='ltr'><strong>opinetur,</strong></span> <span class='ocrx_word' id='word_1_173' title='bbox 568 2251 643 2288; x_wconf 91' lang='lat' dir='ltr'><strong>nunc</strong></span> <span class='ocrx_word' id='word_1_174' title='bbox 656 2237 743 2290; x_wconf 86' lang='lat' dir='ltr'><strong>etiam</strong></span> <span class='ocrx_word' id='word_1_175' title='bbox 756 2236 870 2289; x_wconf 88' lang='lat' dir='ltr'><strong>aliunde</strong></span> <span class='ocrx_word' id='word_1_176' title='bbox 884 2240 1086 2304; x_wconf 87' lang='lat' dir='ltr'><strong>praeterquam</strong></span> 
     </span>
     <span class='ocr_line' id='line_1_23' title="bbox 118 2302 1085 2359; baseline -0.001 -1"><span class='ocrx_word' id='word_1_177' title='bbox 118 2322 152 2359; x_wconf 86' lang='lat' dir='ltr'><strong>ex</strong></span> <span class='ocrx_word' id='word_1_178' title='bbox 176 2304 278 2358; x_wconf 89' lang='lat' dir='ltr'><strong>Codice</strong></span> <span class='ocrx_word' id='word_1_179' title='bbox 304 2304 459 2357; x_wconf 87' lang='lat' dir='ltr'><strong>Veronensi</strong></span> <span class='ocrx_word' id='word_1_180' title='bbox 483 2302 585 2357; x_wconf 83' lang='lat' dir='ltr'><strong>Gaium</strong></span> <span class='ocrx_word' id='word_1_181' title='bbox 608 2303 719 2357; x_wconf 86' lang='lat' dir='ltr'><strong>edituro</strong></span> <span class='ocrx_word' id='word_1_182' title='bbox 741 2321 847 2357; x_wconf 85' lang='lat' dir='ltr'><strong>novum</strong></span> <span class='ocrx_word' id='word_1_183' title='bbox 874 2304 1029 2357; x_wconf 88' lang='lat' dir='ltr'><strong>subsidium</strong></span> <span class='ocrx_word' id='word_1_184' title='bbox 1056 2320 1085 2357; x_wconf 92' lang='lat' dir='ltr'><strong>se</strong></span> 
     </span>
     <span class='ocr_line' id='line_1_24' title="bbox 117 2370 1085 2441; baseline 0 -16"><span class='ocrx_word' id='word_1_185' title='bbox 117 2372 269 2433; x_wconf 89' lang='lat' dir='ltr'><strong>obtulisse,</strong></span> <span class='ocrx_word' id='word_1_186' title='bbox 293 2388 328 2424; x_wconf 84' lang='lat' dir='ltr'><strong>ex</strong></span> <span class='ocrx_word' id='word_1_187' title='bbox 355 2371 489 2426; x_wconf 90' lang='lat' dir='ltr'><strong>oinione</strong></span> <span class='ocrx_word' id='word_1_188' title='bbox 516 2370 578 2424; x_wconf 91' lang='lat' dir='ltr'><strong>dico</strong></span> <span class='ocrx_word' id='word_1_189' title='bbox 601 2371 631 2424; x_wconf 83' lang='lat' dir='ltr'><strong>E.</strong></span> <span class='ocrx_word' id='word_1_190' title='bbox 657 2370 685 2425; x_wconf 83' lang='lat' dir='ltr'><strong>O.</strong></span> <span class='ocrx_word' id='word_1_191' title='bbox 707 2371 815 2425; x_wconf 83' lang='lat' dir='ltr'><strong>Ferrini</strong></span> <span class='ocrx_word' id='word_1_192' title='bbox 842 2387 934 2440; x_wconf 89' lang='lat' dir='ltr'><strong>nuper</strong></span> <span class='ocrx_word' id='word_1_193' title='bbox 960 2372 1085 2441; x_wconf 82' lang='lat' dir='ltr'><strong>vulgata.</strong></span> 
     </span>
     <span class='ocr_line' id='line_1_25' title="bbox 118 2390 1086 2509; baseline 0.001 -17"><span class='ocrx_word' id='word_1_194' title='bbox 118 2437 270 2508; x_wconf 88' lang='lat' dir='ltr'><strong>Theophili</strong></span> <span class='ocrx_word' id='word_1_195' title='bbox 291 2390 477 2509; x_wconf 59' lang='lat' dir='ltr'><strong>paraphrasin</strong></span> <span class='ocrx_word' id='word_1_196' title='bbox 497 2439 709 2493; x_wconf 79' lang='lat' dir='ltr'><strong>Institutionum</strong></span> <span class='ocrx_word' id='word_1_197' title='bbox 729 2438 866 2493; x_wconf 78' lang='lat' dir='ltr'><strong>Graecam</strong></span> <span class='ocrx_word' id='word_1_198' title='bbox 889 2455 974 2507; x_wconf 89' lang='lat' dir='ltr'><strong>quam</strong></span> <span class='ocrx_word' id='word_1_199' title='bbox 993 2440 1086 2493; x_wconf 90' lang='lat' dir='ltr'><strong>denuo</strong></span> 
     </span>
     <span class='ocr_line' id='line_1_26' title="bbox 118 2505 1085 2585; baseline -0.002 -24"><span class='ocrx_word' id='word_1_200' title='bbox 118 2505 296 2561; x_wconf 88' lang='lat' dir='ltr'><strong>emendatius</strong></span> <span class='ocrx_word' id='word_1_201' title='bbox 314 2508 398 2562; x_wconf 85' lang='lat' dir='ltr'><strong>edere</strong></span> <span class='ocrx_word' id='word_1_202' title='bbox 417 2507 513 2576; x_wconf 90' lang='lat' dir='ltr'><strong>coepit</strong></span> <span class='ocrx_word' id='word_1_203' title='bbox 530 2509 565 2576; x_wconf 82' lang='lat' dir='ltr'><strong>(a.</strong></span> <span class='ocrx_word' id='word_1_204' title='bbox 586 2510 674 2573; x_wconf 77' lang='grc'>1884),</span> <span class='ocrx_word' id='word_1_205' title='bbox 697 2507 831 2585; x_wconf 84' lang='lat' dir='ltr'><strong>primitus</strong></span> <span class='ocrx_word' id='word_1_206' title='bbox 854 2522 911 2559; x_wconf 93' lang='lat' dir='ltr'><strong>non</strong></span> <span class='ocrx_word' id='word_1_207' title='bbox 929 2507 1085 2571; x_wconf 84' lang='lat' dir='ltr'><strong>Iustiniani,</strong></span> 
     </span>
     <span class='ocr_line' id='line_1_27' title="bbox 117 2574 1086 2640; baseline -0.001 -11"><span class='ocrx_word' id='word_1_208' title='bbox 117 2576 151 2629; x_wconf 88' lang='lat' dir='ltr'><strong>ut</strong></span> <span class='ocrx_word' id='word_1_209' title='bbox 176 2574 268 2629; x_wconf 89' lang='lat' dir='ltr'><strong>adhuc</strong></span> <span class='ocrx_word' id='word_1_210' title='bbox 295 2576 446 2640; x_wconf 86' lang='lat' dir='ltr'><strong>creditum,</strong></span> <span class='ocrx_word' id='word_1_211' title='bbox 475 2575 524 2629; x_wconf 91' lang='lat' dir='ltr'><strong>sed</strong></span> <span class='ocrx_word' id='word_1_212' title='bbox 547 2575 612 2630; x_wconf 89' lang='lat' dir='ltr'><strong>Gaii</strong></span> <span class='ocrx_word' id='word_1_213' title='bbox 637 2574 848 2629; x_wconf 84' lang='lat' dir='ltr'><strong>institutionum</strong></span> <span class='ocrx_word' id='word_1_214' title='bbox 871 2576 1086 2630; x_wconf 89' lang='lat' dir='ltr'><strong>translationem</strong></span> 
     </span>
     <span class='ocr_line' id='line_1_28' title="bbox 117 2639 1086 2712; baseline -0.003 -14"><span class='ocrx_word' id='word_1_215' title='bbox 117 2639 193 2698; x_wconf 75' lang='lat' dir='ltr'><strong>acroi</strong></span> <span class='ocrx_word' id='word_1_216' title='bbox 217 2643 296 2697; x_wconf 83' lang='grc' dir='ltr'><em>πόδα</em></span> <span class='ocrx_word' id='word_1_217' title='bbox 319 2645 419 2709; x_wconf 87' lang='lat' dir='ltr'><strong>fnisse,</strong></span> <span class='ocrx_word' id='word_1_218' title='bbox 443 2645 479 2710; x_wconf 90' lang='lat' dir='ltr'><strong>is,</strong></span> <span class='ocrx_word' id='word_1_219' title='bbox 505 2660 550 2697; x_wconf 91' lang='lat' dir='ltr'><strong>me</strong></span> <span class='ocrx_word' id='word_1_220' title='bbox 569 2643 684 2712; x_wconf 90' lang='lat' dir='ltr'><strong>quidem</strong></span> <span class='ocrx_word' id='word_1_221' title='bbox 702 2642 810 2706; x_wconf 85' lang='lat' dir='ltr'><strong>iudice,</strong></span> <span class='ocrx_word' id='word_1_222' title='bbox 828 2641 951 2705; x_wconf 81' lang='lat' dir='ltr'><strong>fallitur,</strong></span> <span class='ocrx_word' id='word_1_223' title='bbox 976 2645 1086 2698; x_wconf 87' lang='lat' dir='ltr'><strong>etiamsi</strong></span> 
     </span>
     <span class='ocr_line' id='line_1_29' title="bbox 117 2710 1086 2830; baseline -0.001 -66"><span class='ocrx_word' id='word_1_224' title='bbox 117 2712 181 2780; x_wconf 90' lang='lat' dir='ltr'><strong>plus</strong></span> <span class='ocrx_word' id='word_1_225' title='bbox 208 2711 278 2766; x_wconf 88' lang='lat' dir='ltr'><strong>haec</strong></span> <span class='ocrx_word' id='word_1_226' title='bbox 301 2715 396 2781; x_wconf 92' lang='lat' dir='ltr'><strong>opinio</strong></span> <span class='ocrx_word' id='word_1_227' title='bbox 419 2730 504 2781; x_wconf 89' lang='lat' dir='ltr'><strong>quam</strong></span> <span class='ocrx_word' id='word_1_228' title='bbox 527 2728 557 2766; x_wconf 92' lang='lat' dir='ltr'><strong>re</strong></span> <span class='ocrx_word' id='word_1_229' title='bbox 579 2727 721 2830; x_wconf 59' lang='lat' dir='ltr'><strong>gerpensa</strong></span> <span class='ocrx_word' id='word_1_230' title='bbox 744 2710 844 2772; x_wconf 80' lang='lat' dir='ltr'><strong>habet.</strong></span> <span class='ocrx_word' id='word_1_231' title='bbox 872 2710 993 2765; x_wconf 87' lang='lat' dir='ltr'><strong>haberet</strong></span> <span class='ocrx_word' id='word_1_232' title='bbox 1015 2711 1086 2765; x_wconf 82' lang='lat' dir='ltr'><strong>veri·</strong></span> 
     </span>
     <span class='ocr_line' id='line_1_30' title="bbox 117 2777 1086 2849; baseline -0.002 -16"><span class='ocrx_word' id='word_1_233' title='bbox 117 2780 322 2834; x_wconf 87' lang='lat' dir='ltr'><strong>similitudinis:</strong></span> <span class='ocrx_word' id='word_1_234' title='bbox 342 2782 421 2834; x_wconf 91' lang='lat' dir='ltr'><strong>cuius</strong></span> <span class='ocrx_word' id='word_1_235' title='bbox 433 2790 529 2833; x_wconf 89' lang='lat' dir='ltr'><strong>tamen</strong></span> <span class='ocrx_word' id='word_1_236' title='bbox 547 2779 577 2831; x_wconf 88' lang='lat' dir='ltr'><strong>iu</strong></span> <span class='ocrx_word' id='word_1_237' title='bbox 599 2779 646 2830; x_wconf 86' lang='lat' dir='ltr'><strong>roh</strong></span> <span class='ocrx_word' id='word_1_238' title='bbox 658 2777 782 2831; x_wconf 90' lang='lat' dir='ltr'><strong>rationes</strong></span> <span class='ocrx_word' id='word_1_239' title='bbox 795 2778 914 2832; x_wconf 87' lang='lat' dir='ltr'><strong>reddere</strong></span> <span class='ocrx_word' id='word_1_240' title='bbox 928 2782 958 2832; x_wconf 91' lang='lat' dir='ltr'><strong>et</strong></span> <span class='ocrx_word' id='word_1_241' title='bbox 969 2778 1086 2849; x_wconf 84' lang='lat' dir='ltr'><strong>longum</strong></span> 
     </span>
     <span class='ocr_line' id='line_1_31' title="bbox 117 2848 412 2902; baseline -0.003 -1"><span class='ocrx_word' id='word_1_242' title='bbox 117 2864 170 2902; x_wconf 91' lang='lat' dir='ltr'><strong>nec</strong></span> <span class='ocrx_word' id='word_1_243' title='bbox 188 2848 271 2900; x_wconf 89' lang='lat' dir='ltr'><strong>huius</strong></span> <span class='ocrx_word' id='word_1_244' title='bbox 290 2848 344 2901; x_wconf 89' lang='lat' dir='ltr'><strong>loci</strong></span> <span class='ocrx_word' id='word_1_245' title='bbox 362 2851 412 2901; x_wconf 88' lang='lat' dir='ltr'><strong>est.</strong></span> 
     </span>
    </p>

    <p class='ocr_par' dir='ltr' id='par_1_8' title="bbox 120 2912 1088 3050">
     <span class='ocr_line' id='line_1_32' title="bbox 187 2912 1087 2982; baseline 0.001 -15"><span class='ocrx_word' id='word_1_246' title='bbox 187 2914 242 2967; x_wconf 89' lang='lat' dir='ltr'><strong>Sed</strong></span> <span class='ocrx_word' id='word_1_247' title='bbox 261 2914 321 2982; x_wconf 85' lang='lat' dir='ltr'><strong>ipse</strong></span> <span class='ocrx_word' id='word_1_248' title='bbox 340 2915 429 2968; x_wconf 84' lang='lat' dir='ltr'><strong>codex</strong></span> <span class='ocrx_word' id='word_1_249' title='bbox 447 2912 617 2967; x_wconf 88' lang='lat' dir='ltr'><strong>Veronensis</strong></span> <span class='ocrx_word' id='word_1_250' title='bbox 636 2913 668 2964; x_wconf 90' lang='lat' dir='ltr'><strong>ut</strong></span> <span class='ocrx_word' id='word_1_251' title='bbox 685 2929 780 2964; x_wconf 89' lang='lat' dir='ltr'><strong>rursus</strong></span> <span class='ocrx_word' id='word_1_252' title='bbox 798 2913 941 2982; x_wconf 89' lang='lat' dir='ltr'><strong>aliquibus</strong></span> <span class='ocrx_word' id='word_1_253' title='bbox 960 2915 1028 2968; x_wconf 91' lang='lat' dir='ltr'><strong>locis</strong></span> <span class='ocrx_word' id='word_1_254' title='bbox 1046 2916 1087 2967; x_wconf 90' lang='lat' dir='ltr'><strong>in-</strong></span> 
     </span>
     <span class='ocr_line' id='line_1_33' title="bbox 120 2978 1088 3050; baseline -0.001 -16"><span class='ocrx_word' id='word_1_255' title='bbox 120 2999 132 3034; x_wconf 90' lang='lat' dir='ltr'><strong>s</strong></span> <span class='ocrx_word' id='word_1_256' title='bbox 156 2983 233 3033; x_wconf 86' lang='lat' dir='ltr'><strong>ectus</strong></span> <span class='ocrx_word' id='word_1_257' title='bbox 251 2997 325 3034; x_wconf 83' lang='lat' dir='ltr'><strong>nova</strong></span> <span class='ocrx_word' id='word_1_258' title='bbox 342 2981 423 3033; x_wconf 88' lang='lat' dir='ltr'><strong>nobis</strong></span> <span class='ocrx_word' id='word_1_259' title='bbox 442 2979 560 3049; x_wconf 84' lang='lat' dir='ltr'><strong>aperiat,</strong></span> <span class='ocrx_word' id='word_1_260' title='bbox 580 2978 721 3032; x_wconf 86' lang='lat' dir='ltr'><strong>indefesso</strong></span> <span class='ocrx_word' id='word_1_261' title='bbox 734 2982 764 3033; x_wconf 85' lang='lat' dir='ltr'><strong>et</strong></span> <span class='ocrx_word' id='word_1_262' title='bbox 779 2998 924 3050; x_wconf 87' lang='lat' dir='ltr'><strong>nunquam</strong></span> <span class='ocrx_word' id='word_1_263' title='bbox 942 2983 1009 3034; x_wconf 87' lang='lat' dir='ltr'><strong>satis</strong></span> <span class='ocrx_word' id='word_1_264' title='bbox 1026 2983 1088 3034; x_wconf 90' lang='lat' dir='ltr'><strong>lau-</strong></span> 
     </span>
    </p>

    <p class='ocr_par' dir='ltr' id='par_1_9' title="bbox 119 3046 1089 3587">
     <span class='ocr_line' id='line_1_34' title="bbox 141 3046 1089 3117; baseline 0.002 -18"><span class='ocrx_word' id='word_1_265' title='bbox 141 3047 214 3100; x_wconf 88' lang='lat' dir='ltr'><strong>andc</strong></span> <span class='ocrx_word' id='word_1_266' title='bbox 241 3047 334 3099; x_wconf 88' lang='lat' dir='ltr'><strong>studio</strong></span> <span class='ocrx_word' id='word_1_267' title='bbox 362 3046 550 3100; x_wconf 86' lang='lat' dir='ltr'><strong>Studemnndi</strong></span> <span class='ocrx_word' id='word_1_268' title='bbox 577 3047 734 3112; x_wconf 88' lang='lat' dir='ltr'><strong>debemus,</strong></span> <span class='ocrx_word' id='word_1_269' title='bbox 762 3066 835 3117; x_wconf 88' lang='lat' dir='ltr'><strong>quae</strong></span> <span class='ocrx_word' id='word_1_270' title='bbox 863 3050 892 3102; x_wconf 93' lang='lat' dir='ltr'><strong>in</strong></span> <span class='ocrx_word' id='word_1_271' title='bbox 915 3049 1035 3117; x_wconf 80' lang='lat' dir='ltr'><strong>Krdgeri</strong></span> <span class='ocrx_word' id='word_1_272' title='bbox 1059 3051 1089 3101; x_wconf 90' lang='lat' dir='ltr'><strong>et</strong></span> 
     </span>
     <span class='ocr_line' id='line_1_35' title="bbox 119 3113 1089 3234; baseline 0.001 -66"><span class='ocrx_word' id='word_1_273' title='bbox 119 3115 127 3168; x_wconf 91' lang='lat' dir='ltr'><strong>i</strong></span> <span class='ocrx_word' id='word_1_274' title='bbox 151 3114 207 3167; x_wconf 88' lang='lat' dir='ltr'><strong>sius</strong></span> <span class='ocrx_word' id='word_1_275' title='bbox 231 3113 354 3167; x_wconf 84' lang='lat' dir='ltr'><strong>editione</strong></span> <span class='ocrx_word' id='word_1_276' title='bbox 383 3114 474 3168; x_wconf 87' lang='lat' dir='ltr'><strong>altera</strong></span> <span class='ocrx_word' id='word_1_277' title='bbox 502 3116 593 3234; x_wconf 57' lang='grc' dir='ltr'>ῗ884)</span> <span class='ocrx_word' id='word_1_278' title='bbox 622 3115 673 3167; x_wconf 91' lang='lat' dir='ltr'><strong>sub</strong></span> <span class='ocrx_word' id='word_1_279' title='bbox 696 3115 780 3169; x_wconf 90' lang='lat' dir='ltr'><strong>titulo</strong></span> <span class='ocrx_word' id='word_1_280' title='bbox 804 3116 1025 3185; x_wconf 74' lang='lat' dir='ltr'><strong>‘supplementa</strong></span> <span class='ocrx_word' id='word_1_281' title='bbox 1051 3116 1089 3169; x_wconf 88' lang='lat' dir='ltr'><strong>ad</strong></span> 
     </span>
     <span class='ocr_line' id='line_1_36' title="bbox 143 3180 1089 3252; baseline 0.003 -18"><span class='ocrx_word' id='word_1_282' title='bbox 143 3180 188 3237; x_wconf 86' lang='lat' dir='ltr'><strong>od,</strong></span> <span class='ocrx_word' id='word_1_283' title='bbox 204 3180 266 3233; x_wconf 87' lang='lat' dir='ltr'><strong>Ver.</strong></span> <span class='ocrx_word' id='word_1_284' title='bbox 279 3181 475 3250; x_wconf 80' lang='lat' dir='ltr'><strong>apographum</strong></span> <span class='ocrx_word' id='word_1_285' title='bbox 488 3180 506 3234; x_wconf 87' lang='lat' dir='ltr'>S</span> <span class='ocrx_word' id='word_1_286' title='bbox 522 3181 775 3236; x_wconf 89' lang='lat' dir='ltr'><strong>udemundianum’</strong></span> <span class='ocrx_word' id='word_1_287' title='bbox 788 3183 817 3237; x_wconf 90' lang='lat' dir='ltr'><strong>in</strong></span> <span class='ocrx_word' id='word_1_288' title='bbox 830 3185 922 3238; x_wconf 86' lang='lat' dir='ltr'><strong>fronte</strong></span> <span class='ocrx_word' id='word_1_289' title='bbox 934 3201 962 3252; x_wconf 92' lang='lat' dir='ltr'><strong>p.</strong></span> <span class='ocrx_word' id='word_1_290' title='bbox 975 3182 1089 3237; x_wconf 87' lang='lat' dir='ltr'>XVII-</span> 
     </span>
     <span class='ocr_line' id='line_1_37' title="bbox 119 3246 1087 3321; baseline 0.003 -19"><span class='ocrx_word' id='word_1_291' title='bbox 119 3246 236 3302; x_wconf 80' lang='lat' dir='ltr'><strong>xxxlx</strong></span> <span class='ocrx_word' id='word_1_292' title='bbox 269 3249 425 3315; x_wconf 86' lang='lat' dir='ltr'><strong>praemissa</strong></span> <span class='ocrx_word' id='word_1_293' title='bbox 462 3251 528 3302; x_wconf 88' lang='lat' dir='ltr'><strong>sunt</strong></span> <span class='ocrx_word' id='word_1_294' title='bbox 562 3250 654 3319; x_wconf 90' lang='lat' dir='ltr'><strong>(nobis</strong></span> <span class='ocrx_word' id='word_1_295' title='bbox 687 3251 824 3321; x_wconf 84' lang='lat' dir='ltr'><strong>insignita</strong></span> <span class='ocrx_word' id='word_1_296' title='bbox 858 3251 972 3318; x_wconf 84' lang='lat' dir='ltr'><strong>‘Suppl</strong></span> <span class='ocrx_word' id='word_1_297' title='bbox 1009 3251 1087 3318; x_wconf 84' lang='lat' dir='ltr'><strong>St’).</strong></span> 
     </span>
     <span class='ocr_line' id='line_1_38' title="bbox 120 3315 1087 3380; baseline 0.003 -11"><span class='ocrx_word' id='word_1_298' title='bbox 120 3315 142 3369; x_wconf 83' lang='lat' dir='ltr'><strong>E</strong></span> <span class='ocrx_word' id='word_1_299' title='bbox 182 3332 217 3369; x_wconf 90' lang='lat' dir='ltr'><strong>ue</strong></span> <span class='ocrx_word' id='word_1_300' title='bbox 241 3315 376 3380; x_wconf 84' lang='lat' dir='ltr'><strong>maxime,</strong></span> <span class='ocrx_word' id='word_1_301' title='bbox 400 3316 468 3370; x_wconf 91' lang='lat' dir='ltr'><strong>licet</strong></span> <span class='ocrx_word' id='word_1_302' title='bbox 489 3317 545 3371; x_wconf 86' lang='lat' dir='ltr'><strong>iam</strong></span> <span class='ocrx_word' id='word_1_303' title='bbox 569 3320 604 3371; x_wconf 89' lang='lat' dir='ltr'><strong>ab</strong></span> <span class='ocrx_word' id='word_1_304' title='bbox 628 3317 690 3371; x_wconf 88' lang='lat' dir='ltr'><strong>aliis</strong></span> <span class='ocrx_word' id='word_1_305' title='bbox 717 3318 746 3371; x_wconf 91' lang='lat' dir='ltr'><strong>in</strong></span> <span class='ocrx_word' id='word_1_306' title='bbox 768 3319 820 3373; x_wconf 90' lang='lat' dir='ltr'><strong>illa</strong></span> <span class='ocrx_word' id='word_1_307' title='bbox 845 3319 936 3373; x_wconf 87' lang='lat' dir='ltr'><strong>altera</strong></span> <span class='ocrx_word' id='word_1_308' title='bbox 961 3319 1087 3372; x_wconf 89' lang='lat' dir='ltr'><strong>editione</strong></span> 
     </span>
     <span class='ocr_line' id='line_1_39' title="bbox 120 3382 1089 3456; baseline 0.003 -20"><span class='ocrx_word' id='word_1_309' title='bbox 120 3387 166 3453; x_wconf 90' lang='lat' dir='ltr'><strong>(no</strong></span> <span class='ocrx_word' id='word_1_310' title='bbox 189 3384 212 3435; x_wconf 93' lang='lat' dir='ltr'><strong>is</strong></span> <span class='ocrx_word' id='word_1_311' title='bbox 231 3382 288 3438; x_wconf 54' lang='grc' dir='ltr'><strong>(ΚΓ.</strong></span> <span class='ocrx_word' id='word_1_312' title='bbox 310 3384 352 3440; x_wconf 86' lang='lat' dir='ltr'><strong>ed.</strong></span> <span class='ocrx_word' id='word_1_313' title='bbox 367 3385 405 3451; x_wconf 59' lang='grc' dir='ltr'><strong>η’)</strong></span> <span class='ocrx_word' id='word_1_314' title='bbox 425 3384 565 3451; x_wconf 85' lang='lat' dir='ltr'><strong>adhibita,</strong></span> <span class='ocrx_word' id='word_1_315' title='bbox 584 3386 653 3439; x_wconf 93' lang='lat' dir='ltr'><strong>mihi</strong></span> <span class='ocrx_word' id='word_1_316' title='bbox 666 3403 788 3456; x_wconf 83' lang='lat' dir='ltr'><strong>quoqne,</strong></span> <span class='ocrx_word' id='word_1_317' title='bbox 808 3390 840 3440; x_wconf 91' lang='lat' dir='ltr'><strong>ut</strong></span> <span class='ocrx_word' id='word_1_318' title='bbox 856 3403 951 3440; x_wconf 87' lang='lat' dir='ltr'><strong>rursus</strong></span> <span class='ocrx_word' id='word_1_319' title='bbox 969 3386 1012 3439; x_wconf 89' lang='lat' dir='ltr'><strong>his</strong></span> <span class='ocrx_word' id='word_1_320' title='bbox 1024 3385 1089 3440; x_wconf 83' lang='lat' dir='ltr'><strong>Gaii</strong></span> 
     </span>
     <span class='ocr_line' id='line_1_40' title="bbox 120 3450 1088 3521; baseline 0 -16"><span class='ocrx_word' id='word_1_321' title='bbox 120 3450 329 3505; x_wconf 83' lang='lat' dir='ltr'><strong>commentariis</strong></span> <span class='ocrx_word' id='word_1_322' title='bbox 358 3454 535 3507; x_wconf 87' lang='lat' dir='ltr'><strong>recensendis</strong></span> <span class='ocrx_word' id='word_1_323' title='bbox 563 3456 593 3508; x_wconf 90' lang='lat' dir='ltr'><strong>et</strong></span> <span class='ocrx_word' id='word_1_324' title='bbox 621 3454 738 3508; x_wconf 88' lang='lat' dir='ltr'><strong>edendis</strong></span> <span class='ocrx_word' id='word_1_325' title='bbox 765 3471 842 3509; x_wconf 86' lang='lat' dir='ltr'><strong>meas</strong></span> <span class='ocrx_word' id='word_1_326' title='bbox 871 3470 984 3521; x_wconf 90' lang='lat' dir='ltr'><strong>quoque</strong></span> <span class='ocrx_word' id='word_1_327' title='bbox 1007 3470 1088 3506; x_wconf 87' lang='lat' dir='ltr'><strong>curas</strong></span> 
     </span>
     <span class='ocr_line' id='line_1_41' title="bbox 121 3518 614 3587; baseline 0.006 -15"><span class='ocrx_word' id='word_1_328' title='bbox 121 3518 320 3587; x_wconf 88' lang='lat' dir='ltr'><strong>inpenderem‚</strong></span> <span class='ocrx_word' id='word_1_329' title='bbox 339 3519 369 3572; x_wconf 92' lang='lat' dir='ltr'><strong>in</strong></span> <span class='ocrx_word' id='word_1_330' title='bbox 388 3535 473 3573; x_wconf 84' lang='lat' dir='ltr'><strong>causa</strong></span> <span class='ocrx_word' id='word_1_331' title='bbox 491 3521 614 3576; x_wconf 87' lang='lat' dir='ltr'><strong>fuerunt.</strong></span> 
     </span>
    </p>

    <p class='ocr_par' dir='ltr' id='par_1_10' title="bbox 120 3586 1089 3999">
     <span class='ocr_line' id='line_1_42' title="bbox 188 3586 1087 3658; baseline 0.001 -19"><span class='ocrx_word' id='word_1_332' title='bbox 188 3586 267 3651; x_wconf 81' lang='lat' dir='ltr'><strong>Quae</strong></span> <span class='ocrx_word' id='word_1_333' title='bbox 286 3586 401 3653; x_wconf 88' lang='lat' dir='ltr'><strong>quidem</strong></span> <span class='ocrx_word' id='word_1_334' title='bbox 414 3604 498 3643; x_wconf 89' lang='lat' dir='ltr'><strong>curae</strong></span> <span class='ocrx_word' id='word_1_335' title='bbox 510 3591 578 3658; x_wconf 90' lang='lat' dir='ltr'><strong>quin</strong></span> <span class='ocrx_word' id='word_1_336' title='bbox 610 3589 674 3644; x_wconf 87' lang='lat' dir='ltr'><strong>lane</strong></span> <span class='ocrx_word' id='word_1_337' title='bbox 692 3590 884 3646; x_wconf 87' lang='lat' dir='ltr'><strong>infructuosae</strong></span> <span class='ocrx_word' id='word_1_338' title='bbox 897 3605 953 3642; x_wconf 89' lang='lat' dir='ltr'><strong>non</strong></span> <span class='ocrx_word' id='word_1_339' title='bbox 971 3588 1087 3653; x_wconf 86' lang='lat' dir='ltr'><strong>fuerint,</strong></span> 
     </span>
     <span class='ocr_line' id='line_1_43' title="bbox 120 3653 1087 3724; baseline 0 -16"><span class='ocrx_word' id='word_1_340' title='bbox 120 3653 171 3708; x_wconf 88' lang='lat' dir='ltr'><strong>sed</strong></span> <span class='ocrx_word' id='word_1_341' title='bbox 190 3654 260 3708; x_wconf 83' lang='lat' dir='ltr'><strong>Gaio</strong></span> <span class='ocrx_word' id='word_1_342' title='bbox 278 3669 334 3708; x_wconf 92' lang='lat' dir='ltr'><strong>non</strong></span> <span class='ocrx_word' id='word_1_343' title='bbox 353 3657 450 3723; x_wconf 86' lang='lat' dir='ltr'><strong>paucis</strong></span> <span class='ocrx_word' id='word_1_344' title='bbox 468 3673 520 3711; x_wconf 88' lang='lat' dir='ltr'><strong>nec</strong></span> <span class='ocrx_word' id='word_1_345' title='bbox 542 3657 576 3712; x_wconf 88' lang='lat' dir='ltr'><strong>iis</strong></span> <span class='ocrx_word' id='word_1_346' title='bbox 625 3661 707 3712; x_wconf 92' lang='lat' dir='ltr'><strong>ntum</strong></span> <span class='ocrx_word' id='word_1_347' title='bbox 725 3657 755 3710; x_wconf 94' lang='lat' dir='ltr'><strong>in</strong></span> <span class='ocrx_word' id='word_1_348' title='bbox 773 3657 853 3722; x_wconf 87' lang='lat' dir='ltr'><strong>locis,</strong></span> <span class='ocrx_word' id='word_1_349' title='bbox 896 3672 949 3709; x_wconf 87' lang='lat' dir='ltr'><strong>uae</strong></span> <span class='ocrx_word' id='word_1_350' title='bbox 969 3655 1087 3724; x_wconf 89' lang='lat' dir='ltr'><strong>Supple-</strong></span> 
     </span>
     <span class='ocr_line' id='line_1_44' title="bbox 121 3675 1087 3800; baseline 0.001 -25"><span class='ocrx_word' id='word_1_351' title='bbox 121 3724 218 3776; x_wconf 85' lang='lat' dir='ltr'><strong>menta</strong></span> <span class='ocrx_word' id='word_1_352' title='bbox 243 3721 292 3776; x_wconf 84' lang='lat' dir='ltr'><strong>illa</strong></span> <span class='ocrx_word' id='word_1_353' title='bbox 318 3725 461 3790; x_wconf 87' lang='lat' dir='ltr'><strong>spectant,</strong></span> <span class='ocrx_word' id='word_1_354' title='bbox 488 3725 599 3794; x_wconf 90' lang='lat' dir='ltr'><strong>plenius</strong></span> <span class='ocrx_word' id='word_1_355' title='bbox 623 3727 653 3780; x_wconf 88' lang='lat' dir='ltr'><strong>et</strong></span> <span class='ocrx_word' id='word_1_356' title='bbox 675 3726 779 3779; x_wconf 88' lang='lat' dir='ltr'><strong>rectius</strong></span> <span class='ocrx_word' id='word_1_357' title='bbox 802 3725 860 3778; x_wconf 88' lang='lat' dir='ltr'><strong>sive</strong></span> <span class='ocrx_word' id='word_1_358' title='bbox 876 3675 1005 3792; x_wconf 63' lang='lat' dir='ltr'><strong>legendo</strong></span> <span class='ocrx_word' id='word_1_359' title='bbox 1027 3723 1087 3800; x_wconf 82' lang='lat' dir='ltr'><strong>sire</strong></span> 
     </span>
     <span class='ocr_line' id='line_1_45' title="bbox 121 3789 1088 3859; baseline -0.002 -15"><span class='ocrx_word' id='word_1_360' title='bbox 121 3789 220 3844; x_wconf 90' lang='lat' dir='ltr'><strong>intelle</strong></span> <span class='ocrx_word' id='word_1_361' title='bbox 243 3790 315 3843; x_wconf 93' lang='lat' dir='ltr'><strong>endo</strong></span> <span class='ocrx_word' id='word_1_362' title='bbox 328 3791 487 3859; x_wconf 85' lang='lat' dir='ltr'><strong>profuerint</strong></span> <span class='ocrx_word' id='word_1_363' title='bbox 509 3793 550 3847; x_wconf 86' lang='lat' dir='ltr'><strong>ita</strong></span> <span class='ocrx_word' id='word_1_364' title='bbox 562 3809 619 3847; x_wconf 92' lang='lat' dir='ltr'><strong>non</strong></span> <span class='ocrx_word' id='word_1_365' title='bbox 632 3793 741 3856; x_wconf 82' lang='lat' dir='ltr'><strong>dubito,</strong></span> <span class='ocrx_word' id='word_1_366' title='bbox 761 3794 794 3845; x_wconf 84' lang='lat' dir='ltr'><strong>nt</strong></span> <span class='ocrx_word' id='word_1_367' title='bbox 806 3792 875 3845; x_wconf 89' lang='lat' dir='ltr'><strong>alios</strong></span> <span class='ocrx_word' id='word_1_368' title='bbox 888 3806 1009 3859; x_wconf 86' lang='lat' dir='ltr'><strong>quoque,</strong></span> <span class='ocrx_word' id='word_1_369' title='bbox 1029 3808 1088 3859; x_wconf 84' lang='lat' dir='ltr'><strong>qur,</strong></span> 
     </span>
     <span class='ocr_line' id='line_1_46' title="bbox 122 3834 1089 3936; baseline 0 -24"><span class='ocrx_word' id='word_1_370' title='bbox 122 3860 155 3912; x_wconf 90' lang='lat' dir='ltr'><strong>ut</strong></span> <span class='ocrx_word' id='word_1_371' title='bbox 171 3857 213 3911; x_wconf 86' lang='lat' dir='ltr'><strong>Tu</strong></span> <span class='ocrx_word' id='word_1_372' title='bbox 237 3858 280 3911; x_wconf 90' lang='lat' dir='ltr'><strong>ius</strong></span> <span class='ocrx_word' id='word_1_373' title='bbox 298 3858 352 3922; x_wconf 83' lang='lat' dir='ltr'><strong>nit,</strong></span> <span class='ocrx_word' id='word_1_374' title='bbox 373 3875 430 3912; x_wconf 93' lang='lat' dir='ltr'><strong>non</strong></span> <span class='ocrx_word' id='word_1_375' title='bbox 448 3834 528 3929; x_wconf 82' lang='lat' dir='ltr'><strong>vulgi</strong></span> <span class='ocrx_word' id='word_1_376' title='bbox 546 3877 625 3915; x_wconf 89' lang='lat' dir='ltr'><strong>more</strong></span> <span class='ocrx_word' id='word_1_377' title='bbox 644 3877 679 3915; x_wconf 87' lang='lat' dir='ltr'><strong>ex</strong></span> <span class='ocrx_word' id='word_1_378' title='bbox 697 3859 829 3928; x_wconf 90' lang='lat' dir='ltr'><strong>opinions</strong></span> <span class='ocrx_word' id='word_1_379' title='bbox 846 3857 897 3912; x_wconf 86' lang='lat' dir='ltr'><strong>sed</strong></span> <span class='ocrx_word' id='word_1_380' title='bbox 915 3875 958 3936; x_wconf 35' lang='lat' dir='ltr'><strong>ex·</strong></span> <span class='ocrx_word' id='word_1_381' title='bbox 970 3858 1089 3914; x_wconf 89' lang='lat' dir='ltr'><strong>veritate</strong></span> 
     </span>
     <span class='ocr_line' id='line_1_47' title="bbox 121 3926 1089 3999; baseline 0.001 -19"><span class='ocrx_word' id='word_1_382' title='bbox 121 3943 166 3982; x_wconf 87' lang='lat' dir='ltr'><strong>res</strong></span> <span class='ocrx_word' id='word_1_383' title='bbox 184 3926 344 3995; x_wconf 85' lang='lat' dir='ltr'><strong>aestimant,</strong></span> <span class='ocrx_word' id='word_1_384' title='bbox 364 3927 537 3982; x_wconf 85' lang='lat' dir='ltr'><strong>iudicaturos</strong></span> <span class='ocrx_word' id='word_1_385' title='bbox 556 3945 625 3999; x_wconf 83' lang='lat' dir='ltr'><strong>esse,</strong></span> <span class='ocrx_word' id='word_1_386' title='bbox 648 3943 773 3998; x_wconf 89' lang='lat' dir='ltr'><strong>sperem,</strong></span> <span class='ocrx_word' id='word_1_387' title='bbox 797 3926 918 3980; x_wconf 86' lang='lat' dir='ltr'><strong>maxime</strong></span> <span class='ocrx_word' id='word_1_388' title='bbox 937 3944 960 3981; x_wconf 84' lang='lat' dir='ltr'><strong>si</strong></span> <span class='ocrx_word' id='word_1_389' title='bbox 978 3928 1089 3981; x_wconf 91' lang='lat' dir='ltr'><strong>contro·</strong></span> 
     </span>
    </p>
   </div>
   <div class='ocr_carea' id='block_1_6' title="bbox 0 0 1210 4386">
    <p class='ocr_par' dir='ltr' id='par_1_11' title="bbox 0 0 1210 4386">
     <span class='ocr_line' id='line_1_48' title="bbox 0 0 1210 4386; baseline 0 0"><span class='ocrx_word' id='word_1_390' title='bbox 0 0 1210 4386; x_wconf 95' lang='lat' dir='ltr'><strong> </strong></span> 
     </span>
    </p>
   </div>
  </div>
 </body>
</html>
