2378 4386
199 519 264 585 418
305 596 308 601 Ι
464 539 590 577 rouvsrvs
608 539 755 577 mensure
774 527 887 575 stt-54.

200 668 351 727 tabularum
365 674 526 743 argumento
541 677 594 739 est,
609 671 636 725 in
652 685 704 742 qua
718 668 772 724 duo
784 668 866 742 pedes
878 676 906 725 et
918 669 997 724 semis
1008 670 1153 725 sestertius

200 769 248 827 pes
265 761 386 809 uocatur.
420 747 467 808 47.
485 751 560 808 llunc
574 752 700 808 denarius
715 769 779 823 xvi,
795 754 955 809 uictoriatos
971 761 998 809 et
1013 754 1153 826 quinarius

198 852 267 906 vui,
284 837 426 892 sestertius
441 844 572 910 quattuor
585 852 659 892 asses
675 836 757 893 ualet.

261 916 311 976 48.
334 919 404 975 lnlra
419 935 498 993 quam
514 913 702 976 'diuisioncm¹
725 923 849 992 sequitur
870 920 919 975 alia
936 919 1072 993 quaedam
1088 919 1153 976 sub·

199 1003 309 1074 diuisis,
323 1012 403 1059 notas
418 1019 503 1078 aeque
518 1012 545 1060 et
560 1003 668 1077 propria
684 1004 815 1060 uocabula
837 1004 946 1059 babens.
984 1019 1067 1075 quare
1082 1005 1104 1059 si
1120 1005 1152 1059 ad

199 1087 336 1143 deusrium
351 1088 483 1144 rationem
497 1086 635 1158 conficias,
651 1103 735 1144 assem
746 1087 795 1143 bac
808 1098 870 1144 uota
882 1086 993 1142 'scrilias
1005 1105 1036 1143 ac
1048 1082 1153 1145 uoces²

279 1165 382 1247 itt)
1126 1171 1129 1178 '

199 1255 334 1310 semuncia
349 1254 465 1311 sicilicus

197 1352 284 1393 assem
299 1335 429 1397 eliciunt.
464 1335 514 1396 49.
536 1331 732 1411 'dupondium³
748 1338 796 1392 bac
811 1344 874 1393 nota
890 1337 991 1394 scribas
1006 1353 1036 1392 sc
1053 1354 1152 1394 noem:

233 1417 297 1481 tlt
345 1482 352 1496 ,

198 1505 353 1562 sescuncia'
386 1479 447 1519 nam

196 1584 246 1645 id.
269 1581 400 1644 ’lressis⁴
420 1588 470 1645 bac
495 1596 560 1645 uota
585 1586 685 1644 scribas
709 1603 739 1643 sc
766 1602 860 1643 uoces:

473 1232 481 1280 ;
497 1214 648 1270 semunciae
664 1214 733 1269 enim
749 1213 864 1269 sedecim
886 1221 913 1268 et
928 1211 1021 1268 sicilici
1035 1211 1151 1269 sedecim

484 1461 601 1519 sedecim
634 1463 787 1518 sescunciae
820 1462 986 1536 dupondium
1020 1460 1150 1521 efficiunt.

884 1638 991 1685 sestaus
1017 1558 1148 1687 sigilicusi

197 1728 282 1786 seque
304 1714 375 1770 euim
397 1712 512 1770 sedecim
535 1720 672 1768 sextantes
696 1711 862 1786 totidemque
883 1714 977 1770 sicilici
1000 1723 1054 1769 tres
1076 1730 1150 1769 asses

196 1837 325 1896 elliciunt.
352 1835 395 1895 dl.
414 1836 570 1904 Quatrussis
581 1836 630 1893 bac
640 1846 704 1893 uota
719 1837 820 1893 scribas
834 1855 982 1912 uocesque:
998 1858 1148 1953 quadra&

195 1964 312 2022 sedecim
336 1965 406 2019 euim
427 1960 587 2037 quadrantes
608 1964 758 2036 quatrussis
773 1961 903 2020 alliciunt.
940 1959 987 2019 52.
1011 1963 1149 2037 Quinques

714 2078 721 2091 -
803 2042 883 2103 e=
899 2077 937 2086 -
954 2043 1013 2122 ε)
1140 2108 1147 2123 .

686 2130 818 2203 quadrans
848 2131 983 2186 semuncia
1012 2128 1147 2184 sicilicus’

195 2231 255 2271 uam
284 2213 399 2268 sedecim
428 2212 589 2286 quadrantes
619 2230 650 2270 ac
678 2213 790 2269 totidem
819 2214 970 2269 semunciae
999 2212 1147 2286 sicilicique

195 2296 296 2353 iaciunt
317 2295 460 2369 quinques.
508 2293 557 2355 63.
581 2297 656 2354 Sexis
679 2298 728 2353 hac
749 2306 811 2352 nota
832 2296 933 2352 scribas
956 2297 1189 2370 nominesque:t

225 2376 251 2436 il
267 2403 307 2426 =
323 2374 402 2438 -L‘

196 2466 280 2520 triens
296 2464 416 2520 semuuci

195 2546 268 2605 ducti
303 2549 374 2604 senis
410 2545 539 2607 elliciuut.
597 2545 645 2606 ds.
679 2548 776 2623 Septus
811 2549 861 2605 hac
891 2557 955 2605 uota
989 2548 1088 2605 scribas
1117 2565 1146 2605 ac

195 2090 244 2146 bac
273 2098 336 2145 nots
366 2087 466 2144 scribas
496 2103 647 2161 uocesque:

417 2441 448 2520 a3
475 2439 559 2497 aeque
584 2425 655 2480 enim
678 2425 789 2479 trientes
809 2431 836 2479 et
855 2424 1006 2479 semunciae
1027 2423 1146 2480 sedecies

268 2740 288 2807 ¹)
303 2744 421 2810 intellipe
435 2745 585 2794 diuisionem
600 2745 626 2793 in
641 2750 694 2792 tres
707 2751 843 2808 arpenieos
857 2758 981 2801 nummos,
1000 2746 1045 2808 qui
1059 2747 1085 2793 in
1101 2761 1145 2794 nu·

194 2831 263 2866 mero
278 2817 349 2866 aeris
362 2822 429 2872 sunt,
444 2815 551 2879 ideoque
564 2829 599 2863 ex
614 2828 717 2863 numero
732 2820 816 2863 notam
829 2813 930 2863 babent.
988 2811 1008 2879 ¹)
1024 2814 1085 2864 Cum
1098 2816 1145 2866 doc

195 2888 222 2935 in
237 2893 291 2936 tota
304 2885 353 2935 bac
367 2886 530 2948 expositione
543 2886 582 2946 §5-
597 2895 692 2934 iti-st.
708 2886 783 2947 qsaasi
801 2900 876 2933 unum
890 2883 991 2934 uerbum
1005 2900 1147 2936 recurrens

194 2957 287 3005 scribes
306 2970 334 3004 ac
352 2970 425 3004 uoces
442 2961 494 3003 tum
513 2956 540 3002 in
555 2953 676 3003 uocabulo
687 2957 774 3016 partis
789 2955 880 3019 ubique
893 2963 1011 3005 emeatus
1032 2958 1146 3006 nomina·

194 3026 263 3073 tinus
277 3032 301 3072 et
315 3027 369 3073 alia
383 3025 508 3087 quaedam
521 3030 671 3088 orpumenio
685 3032 752 3082 siant,
766 3027 842 3074 etiam
852 3034 937 3075 notam
947 3028 1050 3090 eiusque
1063 3028 1145 3089 sipri-

191 3095 338 3157 flcationem
355 3109 373 3143 a
387 3093 524 3143 Maeciano
543 3095 619 3157 qusasi
637 3109 712 3143 unum
731 3095 858 3157 quoddam
878 3096 1036 3160 adscriptam
1052 3096 1144 3157 fuisse,

194 3164 242 3214 lloc
256 3169 307 3221 est,
321 3170 381 3213 nota
395 3178 490 3225 supra,
503 3165 692 3228 sipnificatione
711 3164 782 3227 infra
800 3167 913 3228 scripta,
933 3174 960 3216 ut
977 3167 1076 3216 scilicet
1095 3181 1147 3216 uno

194 3231 282 3284 obtutu
293 3233 403 3295 facilius
417 3239 549 3297 utrumque
564 3235 752 3297 perciperetur.
786 3235 818 3285 In
834 3235 863 3287 P.
884 3236 915 3285 V.
931 3244 991 3287 nota
1008 3252 1147 3300 perperam

190 3309 252 3367 post
270 3303 483 3367 sipnificatiouem
497 3306 585 3367 posita
604 3310 654 3362 est,
675 3306 744 3368 quod
757 3305 869 3355 Momms.
889 3309 1017 3364 seruauiir
1035 3306 1146 3357 Boeclrlu.

190 3372 355 3437 probabilius
365 3387 411 3422 nco
421 3380 503 3423 tamen
513 3382 584 3425 recte
594 3375 709 3425 ordinem
720 3377 831 3425 incertis.
879 3373 899 3441 ⁸)
912 3377 1025 3427 silamms.
1036 3385 1060 3426 et
1072 3378 1102 3427 P.
1116 3377 1147 3426 V.

193 3443 236 3493 dic
246 3450 270 3493 et
280 3443 371 3508 ubique
381 3443 535 3507 dupondium.
581 3443 603 3513 ⁴)
621 3445 687 3497 Nota
696 3446 760 3496 baec
769 3447 964 3497 indeclinabilia
975 3450 1064 3511 potius
1074 3464 1148 3513 quom

195 3521 288 3565 neutra
307 3514 403 3579 tressis,
418 3518 550 3579 qustrussis
565 3544 598 3554 -
613 3518 741 3581 quinques,
760 3518 834 3578 sexis,
856 3526 950 3580 septus,
966 3526 1048 3580 octus,
1063 3534 1148 3580 nonus,

195 3585 317 3634 decus-
331 3585 473 3636 uudeciocrc
488 3584 522 3652 (i.
538 3604 558 3640 e.
574 3585 704 3655 undeci[m
719 3586 897 3654 nummi]aere,
918 3596 944 3637 ut
963 3589 1062 3638 dicitur
1081 3586 1148 3656 tre[s

194 3652 289 3723 librae]
306 3656 394 3720 pondo
409 3656 467 3723 etc.)
539 3659 713 3723 quindeciocre.
750 3658 818 3718 Quae
833 3661 917 3708 omnia
931 3666 991 3708 sunt
1005 3661 1148 3710 ratiocina-

194 3734 292 3781 torum:
313 3743 372 3777 nam
389 3730 494 3792 culpari
516 3744 643 3788 sermone,
664 3737 693 3779 ut
712 3744 747 3778 ea
772 3728 892 3779 Varrone
912 3736 936 3778 et
958 3731 1148 3787 edissereret,

194 3800 276 3849 omnis
290 3800 360 3849 aeris
375 3814 496 3849 numerus
509 3816 525 3850 a
539 3807 619 3850 tresse
634 3814 712 3864 usque
726 3800 761 3849 nd
774 3807 912 3849 centussem
927 3802 1069 3851 masculino
1083 3816 1148 3850 sesa

195 3872 222 3919 in
238 3871 299 3921 -ssis
312 3869 468 3934 efferebatur
482 3877 507 3920 et
521 3870 706 3921 destinabatur.
