2378 4386
160 536 221 595 112
492 545 520 580 rs.
538 545 675 580 snrrsarrs
694 545 785 581 nasso.

157 673 240 729 Penas
263 669 330 739 lici,
352 678 382 725 nt
403 670 534 743 optimas,
555 670 668 742 primas,
692 672 794 725 Antias.
810 699 851 709 -
866 668 938 724 Fest.
962 687 986 724 r.
1010 669 1117 726 Penatis

156 773 184 829 ρ·
201 753 272 896 21ὃὲ
286 834 439 907 ‘Popularia
459 850 535 891 sacra
556 833 643 904 sunt',
667 844 699 891 nt
724 837 761 891 ait
786 834 889 904 Labeo,
916 835 996 909 ‘quae
1023 853 1116 894 omnes

156 923 230 978 ciues
251 919 367 991 iaciunt,
392 934 443 974 nec
462 920 543 973 certis
565 918 671 974 familiis
692 918 825 974 adtributa
847 927 924 974 sunt:
951 917 1116 992 Fornacalia,

156 1004 267 1064 Parilia,
292 1000 404 1074 baralla,
429 1017 512 1075 porca
534 1001 730 1075 praecidanea’.
757 1032 797 1042 —
823 1001 895 1059 Fest.
922 1020 946 1058 r.
973 1002 1117 1077 Popularia

175 1086 217 1144 .2
262 1128 269 1141 .

156 1105 174 1161 p
219 1086 259 1227 fi?
280 1162 483 1243 Prop....sta¹
504 1168 575 1226 dolia
595 1168 632 1226 ait
653 1170 704 1227 dici
719 1168 817 1241 Labeo,
841 1169 967 1243 quia...
988 1198 1026 1210 -
1042 1169 1164 1229 Festinat

156 1273 184 1330 p,
202 1253 291 1395 21583...
307 1379 332 1394 ..
352 1354 370 1392 a
390 1355 445 1410 qna
462 1341 547 1409 prius
566 1353 677 1394 secures
692 1336 796 1393 habitae
812 1345 886 1408 sunt,
902 1354 963 1394 eum
979 1345 1006 1394 et
1021 1343 1050 1394 in
1065 1358 1116 1394 aa·

156 1438 230 1497 aare
243 1422 361 1496 leaenae
381 1424 509 1492 priorem
524 1436 595 1491 essa,
610 1423 648 1477 ait
663 1423 798 1478 Antistius
813 1422 917 1492 Labeo,
933 1427 961 1476 et
976 1425 1005 1477 in
1020 1427 1116 1494 auspi-

157 1511 266 1564 ciorum
286 1521 396 1579 qaoque
418 1503 479 1577 lege
494 1505 660 1578 significari,
677 1522 740 1562 cnm
757 1524 774 1559 a
790 1510 897 1561 maiore
912 1509 1007 1562 inssns
1021 1510 1049 1561 in
1067 1524 1115 1561 aa·

158 1589 288 1661 spicando
311 1589 417 1652 licitur,
439 1596 470 1643 ut
490 1590 518 1644 ai
539 1607 633 1662 aanor
653 1592 683 1646 in
704 1593 835 1660 auspicio
855 1583 922 1646 sit.²
941 1618 976 1630 -
1001 1588 1073 1645 Fest.
1093 1608 1115 1644 v.

159 1672 279 1728 llemisso
294 1689 320 1745 p.
336 1670 406 1728 290.

220 1752 262 1813 19.
284 1755 394 1812 Cliniam
414 1770 523 1829 quoque
545 1771 621 1810 auem
642 1754 674 1810 ab
689 1757 806 1827 antiquis
822 1758 984 1811 nominatam
1000 1757 1116 1812 animad-

158 1849 236 1896 uerto
258 1840 391 1913 ignorarl3
411 1837 517 1911 quidam
539 1838 719 1894 clamatoriam
741 1838 844 1909 dicunt,
864 1837 951 1894 tabeo
967 1839 1117 1911 probibito-

158 1926 292 1979 riam.-
252 1922 376 1978 -Plin
393 1921 424 1981 N.
441 1921 474 1977 N.
493 1920 607 1991 10‚14.
623 1931 689 1977 sect.
707 1921 756 1978 37.

220 2019 272 2079 20.
296 2016 400 2077 Δια
370 2040 385 2078 τ
386 2015 464 2077 iscla
478 2024 529 2095 τῆς
536 2015 612 2096 Ὅρ-
665 2021 723 2078 Car
731 2021 843 2076 Hortos
858 2024 991 2092 temptam
1005 2038 1120 2095 semper

159 2126 210 2174 τας
233 2097 345 2163 ναὸν’
327 2098 460 2179 ανεωμμὲ
462 2122 515 2160 νον
536 2092 614 2178 εἶχον
665 2112 796 2204 apertum
812 2107 924 2175 arationi
935 2106 1120 2162 babuerunt?

159 2185 320 2247 ολπαλαιολ
335 2180 512 2256 §lamereias
526 2183 612 2245 πότε·
664 2191 708 2246 An
724 2191 803 2262 qnia,
824 2194 855 2244 ut
870 2189 1009 2245 Antistius
1023 2190 1119 2247 Labeo

159 2291 223 2372 ρον,
247 2293 288 2342 ως
307 2266 467 2341 Ἀντίστιος
482 2267 614 2369 Λαβεών
665 2273 791 2339 tradidit,
807 2289 871 2329 cam
883 2277 1040 2346 παρορμᾶν
1052 2274 1118 2330 bor

159 2351 303 2432 ἱστόρηκε,
318 2361 371 2413 τοῦ
388 2361 544 2456 παρορμᾶν
562 2348 612 2432 ὁρ·
665 2359 725 2413 tari
744 2357 873 2426 dicatur,
896 2357 962 2413 inde
982 2364 1120 2432 tanquam

160 2433 223 2518 τάρι
249 2434 454 2532 λεγοομένον,
471 2435 527 2514 τὴν
548 2430 613 2497 οἷον
663 2442 703 2497 ad
727 2441 799 2498 bana
820 2444 985 2497 incitantem
1005 2449 1032 2496 et
1052 2444 1118 2498 bor-

159 2519 387 2602 ἐγκελευομένην
401 2514 473 2601 πρὸς
491 2545 525 2581 aa
514 2518 612 2582 καλὰ
663 2532 770 2582 tantem
787 2526 869 2582 deam
880 2526 1004 2581 Hortam
1015 2526 1119 2582 dictam

158 2605 421 2687 καὶπαρορμολσαν
436 2603 522 2684 θεὸν,
535 2602 611 2686 Ὅρ-
664 2611 867 2667 existimabant
911 2617 1044 2680 oportere
1089 2618 1119 2666 al

158 2713 214 2751 ταν
237 2688 457 2793 λεμομένην,”
429 2711 525 2753 moveo
548 2691 613 2752 δεῖν
664 2701 812 2750 actuosam
838 2707 952 2764 semper
972 2707 1119 2764 nunquam

159 2770 200 2846 ὡς
237 2771 407 2878 ἕνεργὸν’
390 2773 437 2834 αεὶ
467 2772 612 2854 μηδέποτε
662 2777 810 2831 haesitare
852 2791 944 2847 neque
990 2779 1119 2833 clausam

157 2857 281 2957 μέλλειν,
292 2853 360 2935 μηδ’
375 2852 613 2932 ἀποκεκλεῖσθαι,
665 2873 727 2913 esse
741 2872 832 2930 neque
848 2862 952 2914 otiari?

157 2939 233 3016 μηδὲ
248 2937 409 3010 ε’λιννύειν;
425 2942 613 3000 -ΡΙιιῑειιοΙι,

160 3025 190 3094 Q.
207 3025 283 3080 Rom.
299 3024 349 3082 46.

222 3121 264 3181 et.
288 3122 337 3190 Qut
358 3123 391 3180 do
413 3125 518 3197 uirgine
533 3122 660 3198 capienda
675 3125 850 3197 scripserunt,
873 3141 987 3198 quoram
1003 3126 1118 3200 diligen·

160 3208 263 3264 tissime
284 3208 393 3279 scripsit
418 3206 506 3264 Labeo
527 3210 670 3272 Antistius,
695 3209 825 3264 minorem
852 3226 930 3282 qnam
957 3225 1041 3266 annos
1061 3227 1118 3280 sex,

160 3292 288 3347 malorem
311 3307 390 3363 quam
412 3309 496 3348 annos
512 3293 604 3351 decern
621 3301 708 3347 natam
724 3302 893 3364 negauerunt
909 3295 964 3366 capi
981 3292 1021 3348 las
1043 3310 1119 3362 esse3

159 3375 223 3430 item
240 3390 306 3447 qaae
322 3376 427 3430 nonsit
443 3378 557 3449 patrima
572 3386 600 3433 et
615 3376 751 3442 matrima3
767 3379 831 3432 itern
847 3393 915 3451 quae
932 3378 1024 3450 lingua
1040 3377 1120 3434 debili

159 3474 277 3514 sensuue
298 3458 404 3514 aurium
425 3458 561 3517 deminuta
588 3461 673 3517 aliaue
696 3477 747 3533 qna
769 3462 891 3534 corporis
914 3460 971 3517 labe
993 3464 1121 3535 insignita

229 3646 252 3713 1)
267 3647 324 3696 Aa:
337 3663 413 3710 prope
426 3648 534 3697 adusta?
552 3657 579 3697 at
593 3649 656 3698 baec
667 3651 844 3713 pertinuerint
853 3650 889 3699 ad
898 3650 1018 3714 fulminis
1027 3653 1119 3714 expia·

159 3720 259 3768 tionem.
289 3718 327 3781 Os.
338 3719 380 3767 die
392 3718 464 3783 Ιμιιο.
484 3719 572 3782 Tafeln
580 3731 662 3782 meos.
686 3716 707 3785 ²)
723 3720 823 3769 Partim
839 3720 946 3769 Milleri
959 3724 1119 3783 sirpplemen·

158 3791 191 3839 tis
201 3803 262 3838 nsaas
276 3790 377 3853 reliqna
391 3804 459 3838 nane
473 3787 522 3853 (ed.
533 3789 556 3854 s)
571 3792 687 3853 partiam
701 3793 804 3840 malasi.
821 3791 859 3853 Cf.
873 3789 947 3841 Sera.
962 3792 1004 3839 ad.
1021 3791 1085 3841 Aen.
1097 3803 1119 3855 s,

158 3872 191 3911 at.
206 3867 231 3909 et
243 3875 323 3925 srapra
338 3859 370 3908 L.
386 3860 519 3909 Caesarem
532 3872 553 3909 a.
