2378 4386
166 539 230 596 114
489 547 516 582 at.
535 546 673 581 sunrsravs
691 545 783 583 nnec.

164 675 256 730 statim
279 670 427 727 secundum
449 669 589 726 duodecim
613 664 733 724 tabulas¹
757 671 876 743 quinque
897 679 925 726 et
940 673 1034 744 uiginti
1050 689 1124 730 asses

164 755 281 811 iubebat.
309 753 480 826 Propterea‘‚
496 754 593 825 iuquit,
610 753 759 825 ‘praetores
775 762 870 827 postea
887 754 953 810 banc
968 754 1124 814 abolescere

164 846 191 894 et
210 836 327 910 relinqui
349 845 513 892 censuerunt
535 837 694 908 iniuriisque
715 837 896 893 aestumandis
917 847 1124 912 recuperatores

91 912 94 918 ’
163 938 193 977 sc
209 920 322 976 daturos
337 919 503 976 edixerunt'.
520 948 558 959 -
575 918 642 975 Geli.
659 919 711 991 20,
729 921 756 979 l.
773 921 800 992 s.
819 920 867 978 13.

427 1068 473 1124 nd
497 1069 645 1126 edictum
668 1072 856 1144 praetoris.
1129 1091 1173 1141 [es]

225 1182 275 1246 26.
294 1186 436 1242 Praeterea
456 1187 484 1241 in
500 1185 575 1242 libris
592 1203 661 1259 qnos
676 1186 708 1241 ad
723 1189 856 1261 praetoris
871 1188 988 1245 edictum
1003 1191 1122 1262 scripsit,

162 1270 246 1327 multa
268 1271 360 1345 posuit
382 1272 480 1344 partlm
503 1269 592 1342 lepide
615 1277 696 1343 atquc
718 1280 814 1344 argute
830 1281 952 1344 reperta3
976 1274 1055 1328 sicuti
1072 1275 1124 1329 hoc

162 1364 216 1426 est,
232 1354 305 1428 qnod
322 1356 349 1408 in
364 1363 461 1427 quarto
477 1353 509 1408 ad
525 1353 641 1408 edictum
657 1353 725 1409 libro
737 1357 868 1427 scriptum
879 1355 1007 1429 legimus:
1026 1355 1123 1413 ‘Soror

163 1439 297 1513 appellata
312 1446 365 1507 est,
381 1437 454 1510 quod
471 1438 546 1508 quasi
561 1453 686 1492 seorsum
701 1441 819 1493 nascitur
834 1447 1027 1511 separaturque
1043 1439 1075 1494 ab
1091 1457 1121 1494 ea

162 1522 253 1588 domo,
269 1525 296 1578 in
312 1539 365 1594 qua
380 1531 440 1575 nata
457 1529 507 1588 est,
524 1522 593 1575 etin
609 1520 686 1576 aliam
702 1521 825 1577 familiam
842 1523 1063 1596 transgreditur&
1080 1552 1122 1565 -

164 1605 232 1663 Gell.
252 1607 299 1676 13,
319 1603 367 1661 10.
384 1605 413 1675 S.
431 1604 459 1661 3.
477 1613 505 1659 et
519 1620 551 1659 ex
567 1620 599 1659 eo
615 1603 683 1660 Non.
702 1606 730 1675 1,
747 1604 817 1661 258.
833 1623 860 1679 p.
877 1605 927 1661 52.

420 1754 610 1823 Incertum,
633 1752 719 1808 unde
740 1756 864 1826 petita.

226 1867 272 1930 27.
296 1868 400 1926 Caelius
412 1867 526 1924 Sabinus
542 1871 568 1923 in
584 1867 662 1937 libro,
687 1885 766 1942 quem
782 1869 815 1924 de
831 1870 918 1926 edicto
934 1870 1059 1927 aedilium
1076 1890 1122 1929 cu·

161 1955 260 2012 ruliurn
272 1955 436 2026 composuit,
452 1945 621 2007 Labeonem²
637 1953 729 2023 relert,
745 1951 809 2023 quid
825 1962 897 2007 esset
912 1954 1033 2023 morbus,
1049 1957 1122 2011 hisce

162 2038 252 2095 uerbis
267 2036 406 2093 definisse:
422 2035 542 2091 ‘llorbus
559 2043 601 2090 est
612 2033 719 2091 babitus
732 2029 880 2108 cuiusque³
892 2039 1015 2109 corporis
1027 2047 1121 2093 contra

162 2130 297 2192 naturam,
319 2122 366 2195 qul
382 2137 458 2176 usum
474 2121 531 2175 eius
547 2119 610 2175 lacit
625 2119 796 2174 deteriorem.
812 2149 854 2159 —
870 2119 936 2175 Gell.
953 2118 984 2189 4,
1000 2120 1028 2174 2.
1046 2121 1074 2190 S.
1092 2122 1121 2177 3.

224 2203 273 2265 28.
295 2204 445 2260 Labeonem
460 2202 631 2277 respondisse
645 2205 729 2271 aiunt,
751 2200 884 2258 redhiberi
905 2218 987 2276 posse
1008 2199 1056 2275 (sc.
1075 2220 1122 2259 eu·

161 2285 289 2361 nucbum)
301 2288 377 2361 quasi
390 2285 559 2356 morbosum;
569 2303 631 2342 sues
643 2287 723 2345 etiam
735 2280 866 2342 leminae⁴
880 2288 902 2342 sl
915 2286 1021 2343 sterilae
1030 2297 1122 2344 essent

163 2381 190 2429 et
206 2389 305 2428 uenum
321 2375 416 2443 issent,
438 2387 471 2426 ex
487 2370 575 2428 edicto
591 2370 715 2427 aedilium
731 2386 812 2443 posse
827 2371 871 2444 agi
886 2369 1038 2427 Labeonem
1052 2374 1119 2428 scri·

160 2459 258 2531 psisse.
293 2454 328 2510 lle
343 2454 429 2510 sterili
445 2462 533 2510 autem
549 2455 671 2524 muliere,
686 2456 709 2508 si
725 2455 814 2509 natiua
830 2454 1033 2531 sterilitatem,
1056 2455 1119 2510 'lre-

161 2541 262 2596 batium
283 2548 378 2595 contra
394 2537 543 2594 Labeonem
566 2537 739 2612 respondisse
761 2537 863 2600 dicunt.
898 2538 961 2594 llam
984 2555 1044 2594 cunr
1059 2539 1119 2593 red·

161 2623 249 2680 hiberi
271 2640 327 2679 earu
343 2621 430 2678 Labeo
453 2625 529 2695 quasi
551 2626 637 2680 miuus
658 2638 748 2678 sanam
763 2631 896 2694 putasset,
918 2637 1030 2693 negasse
1046 2623 1120 2677 aiunt

161 2708 317 2764 Trebatium
331 2723 364 2763 ea
379 2707 468 2763 edicto
484 2703 546 2781 alpi)
563 2724 651 2783 posse.
669 2735 710 2746 —
726 2705 794 2761 Gell.
811 2705 843 2774 4,
858 2706 887 2761 2.
904 2705 952 2776 gs.
971 2706 1083 2765 7—10.

225 2787 275 2848 29.
299 2791 367 2846 Eum
383 2807 460 2860 uero,
483 2791 605 2847 euidens
622 2792 739 2857 deesset,
762 2788 873 2844 Seruius
889 2788 1023 2844 redhiberi
1038 2803 1120 2862 posse

161 2873 313 2947 respondit,
335 2873 422 2928 Labeo
445 2875 472 2928 lu
496 2890 573 2928 causa
596 2890 655 2928 esse
677 2870 832 2927 redhibendi
857 2873 981 2944 negauit3
1005 2872 1121 2927 ‘namet

161 2956 280 3027 magna’,
302 2957 406 3028 inquit,
429 2954 502 3027 ‘pars
524 2955 604 3009 dente
626 2955 716 3027 aliquo
740 2962 845 3020 carent,
868 2971 957 3027 neque
980 2971 1012 3010 co
1035 2957 1120 3027 magis

161 3037 283 3111 plerique
306 3036 426 3091 homines
450 3036 566 3091 morbosi
588 3046 666 3105 sunt,
698 3046 726 3092 et
747 3036 892 3092 absurdum
914 3039 1056 3093 admodum
1078 3046 1121 3093 est

161 3120 259 3188 dicere,
277 3136 331 3174 nou
347 3135 426 3173 sanos
442 3121 513 3173 nasci
529 3119 661 3187 homiues,
684 3120 812 3193 quoniam
827 3137 887 3176 curn
903 3120 1050 3176 infantibus
1066 3137 1120 3177 non

161 3202 240 3259 simul
257 3202 352 3256 dentes
368 3200 540 3274 gignuntur’.
557 3232 598 3241 -
616 3202 683 3258 Gell.
700 3201 730 3270 4,
746 3201 773 3256 2.
791 3202 818 3273 S.
838 3203 886 3258 12.

223 3281 274 3341 30.
299 3283 405 3339 ‘llortis
428 3299 505 3338 causa
523 3285 663 3357 stipulatio
680 3285 849 3340 existimatur
864 3285 946 3356 lieri’,
968 3295 1001 3342 ut
1016 3290 1052 3344 ait
1068 3291 1121 3344 An·

162 3370 252 3426 tistius
274 3360 393 3436 Labco‚⁶
415 3361 495 3438 ‘quae
518 3369 555 3422 lta
576 3366 617 3439 lit,
640 3376 670 3423 nt
685 3377 773 3423 morte
787 3370 962 3441 promissoris
978 3370 1121 3427 conlrrnrc·

161 3451 229 3513 tur’.
247 3482 284 3492 —
302 3451 375 3507 uest.
391 3467 413 3504 v.
430 3448 522 3504 llortls
538 3467 616 3505 causa
631 3467 658 3523 p.
676 3450 746 3506 161.

162 3573 363 3584 ..ο-...η--ι-

235 3629 255 3696 ¹)
272 3630 428 3694 obsequens
446 3630 506 3677 banc
521 3631 606 3677 malim
621 3627 753 3676 tabularum
771 3627 855 3688 legem.
885 3623 907 3689 ²)
927 3627 968 3675 Fr.
983 3639 1071 3678 att-ao
1086 3645 1121 3677 eac

161 3701 370 3754 lidriaLabeonis
380 3699 528 3750 adedletum
537 3698 791 3747 oediliamcurulium
800 3698 907 3758 scriptia
914 3697 1033 3745 videntur
1038 3701 1121 3760 petita

161 3787 346 3836 eece,quorum
360 3773 427 3820 aliae
440 3771 560 3818 memorio
575 3783 624 3819 noa
639 3760 717 3816 Extat.
744 3762 868 3830 britanna
882 3768 990 3830 quisque.
1016 3765 1037 3833 ⁴)
1053 3770 1121 3816 lemi-

163 3859 205 3895 nas
221 3844 278 3893 edd.
304 3841 325 3910 ὓ)
342 3842 462 3893 Fortasse
476 3839 551 3889 libris
561 3837 760 3904 posterioribus.
787 3835 1070 3900 CfiGell.1a‚1o.§u.
