2378 4386
171 603 233 668 '160
377 620 474 656 rasos.
493 621 546 656 ave.
566 619 628 655 sorr.
647 618 732 655 varro.
754 606 901 655 rao-158.

170 759 198 806 et
219 750 414 823 grammaticis,
438 745 534 818 qulbus
562 741 637 821 'per'
660 747 729 804 hanc
750 746 949 820 professionem
973 750 1144 808 immunitas

169 832 225 888 dari
242 833 321 900 solet,
345 833 423 887 etiam
447 832 550 887 uacatio
566 847 580 885 a
597 832 689 887 tutelis
704 831 783 885 datur
806 839 857 885 tam
880 830 1015 888 diuorum
1035 838 1144 907 princi·

169 932 233 988 pum
256 916 405 988 rescriptis,
427 930 508 986 quam
530 917 700 987 imperatoris
724 915 820 970 nostri.
861 912 944 980 Quou
958 915 994 971 ad
1012 918 1140 976 medicos

169 992 359 1071 ’ceterosque'²
386 998 598 1070 uniuscuiusque
619 991 749 1053 ciuitatis³
771 998 903 1070 pertinet,
932 1000 1008 1054 iutra
1039 1015 1189 1062 nume-t·

169 1097 228 1138 rum
245 1075 404 1154 'qtremque⁴
419 1096 479 1137 esse
495 1081 603 1152 debere,
619 1098 708 1137 sacrae
723 1083 933 1137 constitutiones
949 1082 1069 1142 docent.

231 1161 294 1222 tao,
319 1165 394 1222 ltem.
439 1164 531 1238 Neque
554 1159 733 1238 geometrae,⁵
755 1180 842 1237 neque
865 1165 901 1234 lai,
924 1167 971 1238 qui
989 1169 1034 1224 ius
1054 1170 1138 1226 ciuile

167 1242 292 1320 docent‚⁶
307 1266 321 1304 a
337 1249 429 1305 tutelis
445 1257 616 1304 excusantur.

231 1330 283 1391 llil.
307 1325 400 1390 ⁷ltem.
439 1332 489 1399 Qui
505 1333 600 1388 muniti
615 1340 680 1387 sunt
695 1331 784 1404 aliquo
801 1330 956 1404 priuilegio,
981 1334 1136 1409 aliquando

169 1410 247 1492 (non)
264 1417 442 1474 admittuntur
458 1415 489 1470 ad
505 1417 715 1484 excusationem,
740 1415 814 1470 uelut
833 1409 904 1486 ‘prad⁴
924 1417 1019 1473 minor
1034 1422 1073 1474 sit
1089 1437 1135 1475 an·

168 1516 266 1557 norum
280 1517 352 1570 xxv,
374 1502 396 1555 si
412 1498 491 1554 adlini
507 1498 585 1554 datus
601 1500 637 1554 slt
652 1507 735 1568 tutor,
759 1507 787 1553 et
802 1497 917 1570 aliquem
940 1515 1024 1557 ustam
1040 1519 1134 1559 return

167 1582 278 1649 lrabeat:
299 1583 371 1657 quod
387 1585 429 1638 ius
446 1583 566 1639 ueniter
582 1582 697 1653 epistula
713 1582 767 1638 diui
783 1581 918 1639 lladrioni.

230 1663 289 1724 iae.
313 1662 398 1722 ⁰idem
411 1667 443 1723 de
460 1659 591 1721 libertis¹⁰
606 1682 729 1738 quoque:
746 1667 867 1738 utramuis
880 1666 965 1721 multa
982 1669 1133 1744 priuilegia

169 1752 370 1806 excusationum
393 1749 579 1823 praetendant,
603 1757 691 1804 tamen
708 1765 721 1803 a
737 1750 842 1822 patroni
858 1750 900 1804 sui
917 1748 1072 1809 liberorum
1091 1764 1133 1808 tu·

168 1831 221 1889 tela
236 1849 291 1888 uon
306 1842 478 1890 excusantur.

175 1924 180 1933 '
230 1914 290 1975 loa.
317 1910 417 1973 ¹¹ltem.
442 1914 491 1982 Qui
505 1916 572 1988 patri
585 1914 679 1989 pupilli
696 1917 887 1988 promiserunt,
904 1933 934 1970 sc
947 1929 1130 1992 suscepturos

169 2000 293 2073 tutelam,
317 2017 372 2058 nou
394 2009 566 2069 excusantur,
588 2001 649 2072 quia
672 2009 713 2055 est
735 2001 873 2072 iniquum,
896 1999 964 2056 alios
989 2019 1045 2059 non
1070 2020 1131 2059 esse

168 2085 254 2144 datos.

230 2164 291 2226 toa.
316 2159 422 2222 ¹²ltem.
439 2165 465 2221 Si
481 2166 616 2220 inmiscuit
631 2182 660 2222 se
677 2166 900 2221 administrationi
920 2176 1012 2237 tutor,
1034 2170 1126 2240 perdit

169 2249 325 2306 beneficium
342 2250 539 2314 excusationis,
558 2247 619 2320 plus
636 2250 706 2305 euim
723 2252 789 2320 egit.
806 2266 884 2320 quana
900 2252 922 2305 si
939 2253 1126 2323 promisisset,

168 2332 249 2405 idque
265 2332 320 2388 diui
336 2330 443 2386 Fratres
459 2330 572 2387 llomitlo
588 2330 658 2388 Ruso
679 2335 876 2405 rescripserunt
897 2335 923 2388 in
941 2335 1008 2390 haec
1028 2335 1126 2392 uerba:

61 2415 306 2507 ⁹⁷·³·[„]‘Liberori
323 2408 425 2490 tutejla‚
448 2431 527 2488 quam
542 2424 642 2488 sponte
664 2419 818 2490 suscepisti,
840 2417 967 2488 improbe
986 2435 1066 2474 nunc
1082 2420 1129 2475 de·

60 2477 119 2526 ⁹²¹³·
169 2491 321 2558 sideras.’¹⁸

232 2579 290 2640 itit.
313 2582 389 2640 ltem.
429 2576 564 2658 ¹⁴‘lgitur
586 2583 783 2640 obseruandum
807 2583 932 2656 deinceps
948 2587 1011 2654 erit,
1035 2595 1066 2641 ut
1082 2590 1129 2659 qui

169 2676 243 2724 tutor
259 2668 337 2722 datus
354 2664 421 2738 (sit),
445 2670 547 2742 siquas
570 2666 668 2723 haltere
683 2684 713 2723 se
734 2685 829 2724 causas
851 2669 1032 2724 excusationis
1057 2670 1128 2725 ariri·

170 2751 294 2819 trabitur,
317 2751 394 2809 adeat
410 2768 440 2807 ea
456 2767 544 2807 more:
568 2751 624 2807 ’sed
640 2744 723 2807 nec¹⁵
745 2749 878 2807 infinitum
894 2753 1006 2823 captiosi
1023 2752 1125 2809 silentii

242 2890 260 2956 ¹)
276 2901 373 2956 propter
389 2893 451 2943 Μαί.
468 2895 499 2955 ci.
565 2889 645 2958 ²)Sr'c
664 2895 772 2942 correxi
791 2900 815 2942 et
833 2892 882 2942 duc
902 2895 1035 2951 revocavi,
1058 2896 1129 2958 quod

173 2963 231 3014 Vnt.
247 2970 270 3011 et
284 2963 341 3011 edd.
358 2965 384 3012 in
401 2965 453 3026 sine
471 2965 616 3012 sinesenan
632 2962 830 3019 amoenitatem,
850 2965 893 3012 cai
911 2971 992 3011 cetera
1008 2965 1034 3011 in
1052 2966 1075 3026 §-
1092 2977 1125 3016 so.

168 3049 218 3083 non
233 3041 270 3081 eal
284 3035 373 3082 simile.
425 3030 446 3097 8)
463 3033 518 3083 Non
533 3026 723 3096 περιοὸευτάς.
749 3034 786 3095 Cf.
804 3033 834 3081 L.
849 3046 869 3084 o.
885 3035 923 3094 ἐξ.
940 3047 959 3082 1.
975 3044 995 3082 a.
1016 3033 1048 3080 D.
1066 3035 1091 3082 le.
1108 3043 1125 3083 r.

169 3101 189 3163 ¹)
204 3105 308 3167 quinqua
332 3104 389 3153 Vol.
410 3105 483 3158 cdd:
501 3104 547 3153 sed
565 3105 614 3152 oiri.
632 3104 663 3152 L.
678 3116 699 3154 o.
719 3105 757 3165 ἐξ.
773 3115 793 3153 e.
810 3115 842 3155 ro.
862 3103 892 3151 L.
908 3115 934 3154 to
949 3118 992 3165 pr.
1017 3103 1051 3151 D.
1066 3105 1092 3152 la.
1108 3114 1125 3153 t.

167 3173 200 3223 L.
216 3187 235 3224 1.
254 3174 283 3225 D.
300 3175 331 3223 dc
345 3175 439 3224 decret.
456 3174 487 3223 ab
502 3175 559 3224 ord.
575 3173 619 3238 (aa,
634 3173 666 3237 o).
718 3171 738 3237 δ)
756 3173 794 3234 Cf.
810 3174 842 3222 L.
852 3184 877 3222 22
885 3188 926 3236 pr.
947 3173 978 3221 D.
990 3173 1014 3222 lt.
1025 3181 1043 3222 t.
1061 3175 1093 3224 L.
1105 3185 1125 3224 2.

170 3244 195 3292 0.
211 3244 242 3293 de
257 3258 344 3293 excae.
359 3245 431 3306 ariis.
448 3245 493 3306 (ιο,
507 3243 552 3308 ot).
614 3240 635 3306 ⁶)
652 3243 690 3305 Cf.
706 3244 737 3292 L.
752 3256 772 3294 o.
788 3246 810 3305 ξ.
827 3256 859 3295 12.
880 3243 911 3296 D.
926 3243 950 3291 lt.
966 3250 983 3291 t.
1047 3241 1069 3309 ἵ)
1086 3245 1125 3306 Cf.

167 3315 191 3375 ξ.
207 3325 240 3365 aa.
255 3313 276 3361 I.
292 3314 315 3361 lc.
332 3321 348 3363 t.
369 3312 438 3362 Idem
453 3317 524 3362 locus
536 3314 640 3376 plenior
654 3321 678 3361 rt
692 3316 783 3362 sanior
798 3316 893 3378 lepitnr
907 3316 930 3374 ξ.
945 3323 990 3364 aaa.
1067 3311 1089 3378 ὁ)
1104 3317 1126 3363 si

174 3383 231 3431 Vol.
250 3383 307 3430 edd.
326 3385 402 3430 etiarn
421 3398 489 3430 meue
509 3396 528 3432 r.
543 3395 563 3432 a.
637 3380 659 3446 ⁹)
676 3383 713 3443 Cf.
730 3386 769 3444 §il
784 3395 831 3434 aad.
846 3395 892 3434 224.
912 3384 944 3432 L.
960 3395 992 3434 rt.
1018 3384 1050 3432 Ι).
1067 3385 1092 3433 h.
1108 3393 1126 3434 l.

170 3452 201 3500 L.
217 3464 236 3502 5.
259 3452 284 3499 C.
299 3452 322 3498 le.
339 3459 355 3498 l.
382 3451 457 3500 Pam.
472 3451 498 3500 S.
515 3452 545 3499 Il.
561 3463 586 3509 a,
601 3463 634 3502 29.
654 3455 677 3514 ξ.
693 3467 712 3503 r.
789 3452 820 3517 ¹⁰)
835 3456 891 3504 item
906 3454 934 3502 de
950 3454 1043 3502 libertis
1065 3455 1125 3504 Vnt.

169 3522 235 3570 Item.
256 3520 288 3567 lle
304 3521 395 3569 libertis
412 3522 468 3570 cdd.
490 3521 560 3570 ldem.
581 3523 670 3571 liberti
685 3539 719 3572 ea
731 3522 855 3574 Barlaaoii
870 3528 901 3587 ej.
912 3524 971 3573 edd.
986 3539 1056 3573 aneae
1072 3538 1092 3575 1.
1104 3538 1125 3575 a.

172 3587 204 3653 ¹¹)
221 3590 259 3651 Cf.
275 3592 297 3650 ξ.
313 3601 332 3640 9.
356 3590 374 3638 I.
389 3591 413 3639 lt.
429 3599 445 3640 l.
513 3590 545 3657 1ἵ)
562 3592 600 3654 Cf.
615 3593 646 3640 L.
663 3605 682 3643 2.
705 3594 729 3642 C.
744 3595 768 3641 εἰ
782 3601 827 3643 tul.
844 3611 863 3643 r.
881 3594 1011 3654 coruscas.
1027 3593 1064 3657 (5,
1080 3595 1126 3659 oa).

172 3656 204 3725 ιΒ)
225 3660 317 3709 Liberis
336 3662 432 3710 tutelam
451 3678 473 3725 q.
494 3678 513 3711 s.
533 3678 553 3712 s.
573 3664 672 3726 praebe,
692 3678 744 3711 narn
764 3664 909 3713 desiderasti
927 3664 984 3712 calci.
1010 3663 1126 3713 liberari

169 3730 240 3779 tutelo
259 3745 281 3793 q.
301 3744 321 3778 s.
342 3745 361 3778 s.
384 3747 515 3795 perperam
537 3733 659 3782 desideras
680 3734 719 3782 ed.
741 3733 867 3791 dionante,
889 3751 937 3798 qno
958 3734 1126 3782 uerisimilius

169 3800 278 3857 videtur,
294 3802 363 3865 quod
376 3803 443 3851 dedi.
499 3800 530 3863 ¹⁴)
545 3802 673 3866 Ipsiual).
686 3803 773 3852 Murci
785 3805 874 3853 cleirac
890 3821 918 3853 re
933 3803 1125 3854 constitutionis

170 3870 271 3920 videtur
286 3885 353 3935 pars
367 3887 427 3922 esse.
459 3873 496 3934 Cf.
512 3875 535 3934 ξ.
551 3885 589 3924 tao
604 3879 628 3922 el
642 3875 665 3933 ς.
684 3885 715 3923 ro.
736 3872 757 3921 J.
774 3874 797 3921 lr.
812 3881 830 3922 i.
906 3871 939 3939 1⁶)
955 3875 997 3922 sed
1016 3873 1039 3922 in
1058 3870 1125 3936 (pro

169 3942 212 3991 sed
227 3940 261 4008 η’)
282 3942 339 3992 Vol.
356 3957 398 3991 uec
415 3944 437 3991 io
453 3944 492 3993 ed.
507 3943 600 3992 Hollm.
616 3942 645 3991 ad
665 3957 705 3991 eas
725 3957 752 3990 en
771 3958 836 3992 more
852 3960 898 3994 nec
914 3945 937 3992 in
951 3943 1068 3993 inlinitum
1084 3943 1126 3993 ed.
