2378 4386
422 625 449 662 ii.
469 623 579 660 rumve
597 624 699 659 CICERO.

338 778 400 843 *Μ.
425 776 608 843 TVLLIVS
631 778 787 844 CICERO

383 883 461 949 (uatus
476 900 497 933 s.
513 900 535 933 u.
550 896 597 935 eie.
613 885 673 934 obiit
687 886 742 949 711).

411 992 453 1031 DE
468 990 601 1033 LEGIBVS
617 992 712 1033 LIBRI.

148 1071 192 1125 Ex
208 1066 349 1126 Ciceronis
364 1065 398 1120 de
410 1066 521 1147 iegibus
535 1067 614 1121 libris
624 1085 694 1136 quas
705 1073 862 1139 supersunt,
875 1069 1045 1125 editionibus

76 1137 1044 1213 primaeiqueslteraomrssuquidincausufucrii‚uiinhuncsyllogcn

76 1206 598 1336 mensurnorum
615 1209 749 1349 uir
845 1211 1044 1335 euru

78 1301 152 1337 son
206 1326 211 1337 .
271 1296 382 1348 cgs
534 1297 641 1348 ..p.
738 1297 1045 1336 eosu1.1cme

79 1353 196 1407 consilio
216 1348 347 1414 auctoris,
366 1348 400 1402 dc
419 1350 545 1418 tempore
564 1299 929 1420 conscribendixidsndique
944 1350 1045 1420 operis,

80 1423 200 1491 deniquo
216 1422 252 1474 de
266 1423 328 1474 tota
341 1420 440 1472 horum
452 1419 585 1473 librorum
600 1420 710 1474 ratione
725 1422 830 1475 dictum
845 1426 894 1476 est.
919 1423 951 1474 in
966 1425 1045 1475 textu

80 1491 279 1548 constituendo
294 1490 322 1543 in
336 1490 495 1543 uuiversum
510 1490 621 1557 quidem
635 1491 781 1544 novissimi
795 1491 911 1544 editoris
925 1491 1046 1544 Vahleni

79 1581 144 1618 roco
185 1563 305 1616 itionem
320 1559 421 1628 (Berol.
438 1562 516 1627 1871)
532 1563 652 1626 secutus,
671 1561 747 1613 haud
764 1577 828 1613 raro
846 1564 943 1613 tamen
961 1561 995 1614 ab
1011 1577 1045 1615 eu

80 1651 143 1689 rece
166 1633 270 1686 endum
291 1630 397 1700 puiuvi.
436 1629 558 1693 Quarum
581 1630 704 1682 omnium
727 1631 927 1698 mutationum,
951 1631 1046 1699 paucis

80 1702 216 1771 exceptis,
234 1701 265 1754 in
282 1701 381 1754 eodem
401 1717 484 1767 quem
502 1699 625 1764 laudavi,
644 1700 873 1754 commentariolo
893 1700 965 1754 tutio
984 1702 1045 1755 red·

81 1774 146 1826 dicu
165 1774 217 1825 esi.
243 1770 348 1837 Restat,
363 1772 395 1822 ui
408 1772 541 1824 lectorem
555 1786 692 1837 moneam,
713 1770 839 1824 codicum
853 1788 937 1825 manu
952 1789 1045 1826 exaru-

80 1848 178 1896 tornm
198 1840 244 1908 qui
263 1840 314 1894 soli
327 1841 385 1893 iere
400 1841 454 1893 fide
470 1840 547 1909 digni
562 1840 700 1905 videniur,
715 1841 832 1895 duorum
847 1841 1045 1896 Vossianorum

81 1913 160 1982 puta,
176 1911 297 1966 alterum
312 1912 359 1978 qni
373 1911 467 1964 seculo
481 1911 628 1965 undecimo
642 1913 760 1980 scriptus
794 1915 898 1980 utatur,
913 1911 996 1966 litero
1010 1913 1046 1977 A,

82 1984 212 2047 alterum,
232 1998 314 2049 quem
329 1981 493 2035 duodecimo
508 1981 659 2051 assignant,
674 1983 756 2038 libera
769 1931 805 2052 g,
824 2000 857 2038 ex
876 1982 1045 2037 editionibus

88 2053 119 2110 V.
138 2051 343 2108 Vahlcnienum
362 2053 419 2106 edu.
439 2052 568 2121 vulgares
588 2053 746 2122 significari.

429 2163 537 2217 LIBER
555 2164 699 2219 PRIMVS.

145 2258 167 2313 l.
189 2255 215 2313 1.
238 2260 361 2313 Atticus.
378 2255 465 2312 Lucus
481 2256 587 2329 quidem
602 2258 647 2313 illc
662 2267 689 2313 et
704 2259 769 2314 haec
783 2258 951 2332 Arpinatium
967 2273 1046 2331 quer·

84 2358 134 2399 cus
149 2342 305 2414 agnoscitur
320 2356 400 2414 saepe
416 2357 430 2394 a
445 2356 487 2395 me
503 2340 589 2396 iccius
605 2343 632 2395 iu
647 2341 745 2398 Mario:
761 2346 783 2399 si
800 2350 889 2398 manet
904 2341 951 2397 illa
968 2358 1047 2415 quer·

85 2441 145 2495 cus,
162 2424 225 2479 haec
239 2432 281 2480 esi
295 2423 436 2498 proiecto;
453 2425 552 2478 etenim
568 2433 610 2480 est
625 2441 688 2480 sane
705 2435 794 2481 ustus.

149 2507 280 2575 Quintus.
311 2507 399 2562 Manet
421 2523 497 2577 uero,
520 2508 608 2562 Attice
623 2516 727 2578 noster,
749 2518 776 2566 ct
791 2509 1045 2583 compermanebit:

85 2601 143 2649 sata
159 2592 425 2663 esteniminge11103
443 2590 543 2646 nuliius
559 2599 649 2645 autom
665 2592 797 2664 agricolas
808 2591 884 2648 cultu
896 2594 977 2665 stirps
994 2600 1046 2673 taur

87 2676 213 2731 diutuma
227 2691 308 2749 quam
323 2679 420 2747 poetae
436 2690 517 2729 uersu
532 2676 655 2728 seminari
671 2684 773 2746 potest.

150 2759 184 2814 A.
207 2757 265 2826 Quo
286 2757 392 2814 tandem
413 2757 504 2823 modo,
525 2756 633 2826 Quinte,
655 2765 701 2811 aut
721 2757 799 2828 quale
815 2765 857 2812 est
871 2758 951 2826 istuc,
975 2757 1048 2829 quod

85 2848 183 2917 podiae
191 2842 302 2898 serunt?
315 2843 379 2897 mihi
387 2843 455 2896 enim
464 2841 562 2896 uideris
575 2841 684 2897 fratrom
695 2840 827 2896 laudando
839 2840 979 2911 suffragari
990 2839 1046 2899 tibi.

151 2921 180 2984 2.
201 2927 234 2995 Q.
257 2925 299 2981 su
315 2927 351 2980 ita
366 2919 463 2984 'saue.¹
481 2941 575 2980 uerum
591 2935 689 2996 lamen,
705 2924 768 2980 dum
780 2923 887 2981 Latinae
902 2925 1049 2998 loqueutur

85 3011 205 3082 litterae,
228 3025 346 3083 quercus
368 3010 430 3064 huic
449 3008 509 3064 ioco
530 3025 585 3064 nou
605 3008 700 3077 deerit,
722 3025 788 3082 quae
804 3008 918 3065 Mariana
933 3009 1047 3082 dicatur,

85 3111 182 3168 eaque,
205 3101 235 3149 ui
250 3095 287 3149 ait
302 3092 431 3149 Scaeuola
447 3092 480 3147 de
501 3091 592 3147 fratris
613 3094 664 3148 mei
680 3092 772 3163 Mario,
794 3091 932 3150 ‘canescet
953 3093 1048 3148 saeclis

86 3176 325 3234 innumerabilibus
333 3178 353 3245 ;'
369 3177 420 3230 uisi
435 3175 507 3231 forie
523 3175 643 3231 Athenae
659 3183 720 3231 tuae
738 3180 928 3250 sempiternam
945 3177 971 3231 iu
987 3193 1047 3233 aroc

86 3262 173 3319 oleam
196 3270 290 3317 tenere
312 3267 462 3334 potueruut
485 3266 541 3329 aut,
564 3259 636 3331 quod
659 3259 816 3317 Homericus
832 3260 921 3316 Vlixes
943 3259 999 3315 [leli
1018 3277 1047 3315 sc

85 3361 226 3419 proceram
241 3353 269 3400 et
279 3351 398 3399 teneram
411 3343 523 3417 palmam
536 3343 635 3399 uidisse
647 3343 723 3414 dixu,
734 3345 814 3399 hodic
826 3352 976 3400 monstrant
987 3359 1048 3399 ean·

86 3429 159 3500 dem,
173 3428 312 3500 multaque
324 3427 375 3483 alia
386 3427 477 3482 multis
488 3426 555 3482 locis
567 3426 667 3485 diruius
678 3429 932 3483 commemoratione
942 3437 1050 3482 manent

87 3529 166 3586 quarn
179 3521 273 3569 natura
283 3520 356 3567 stare
368 3518 524 3585 potuerunt.
555 3527 606 3583 qua
619 3527 648 3565 rc
660 3510 806 3583 glandifera
819 3511 1001 3584 inaquosus,
1017 3526 1049 3565 er

86 3613 138 3670 qua
153 3597 218 3653 olim
231 3595 353 3652 euolauii
365 3596 468 3650 ‘nuntia
481 3593 553 3649 fulua
565 3594 646 3662 louis,
658 3595 778 3650 miranda
791 3596 847 3650 uisa
857 3593 965 3667 figura‚'
977 3609 1050 3648 nuuc

85 3683 121 3738 sit
134 3682 207 3737 haec.
223 3679 271 3735 sed
284 3695 345 3735 curu
359 3695 416 3734 eam
425 3685 733 3751 tempesiasueiusiasue
742 3679 951 3750 consumpserit,
962 3682 1050 3730 tamen

86 3765 139 3821 erit
155 3765 197 3820 his
212 3767 241 3820 iu
256 3764 323 3819 iocis
339 3779 465 3836 quercus,
482 3778 561 3833 quam
577 3761 717 3816 Marianam
734 3777 862 3834 quercum
878 3765 988 3814 uocaui.

86 3879 289 3890 ...ι-..-

160 3926 182 3996 ι>
196 3944 254 3980 sens
268 3942 352 3979 uerum
366 3926 417 3976 ΑΒ
428 3940 511 3975 uerum
525 3941 571 3975 om.
586 3925 643 3974 edd.

802 4009 840 4045 ue
