2378 4386
159 560 224 625 460
441 576 703 615 senseresensere.
722 559 743 613 l.
758 565 782 614 5.
798 565 836 614 6⁸.

159 710 326 779 interuenit,
349 708 454 764 aetlone
477 707 649 780 negotiorum
672 715 810 781 gestorum
834 715 860 762 et
882 707 947 779 lpsis
968 715 1112 764 eteorum

160 791 297 850 tutoribus
321 789 466 850 tenebitur.
502 787 530 847 d.
557 784 772 846 ¹Filiuslarnilias
795 799 841 846 aut
862 806 958 846 seruus
981 792 1003 845 si
1026 807 1111 863 nego-

160 879 226 933 tlum
242 876 355 932 alicuius
371 873 457 948 gerat,
474 875 500 930 in
516 883 619 948 patrem
635 874 807 930 dominumue
822 874 929 947 peculio
945 882 1025 930 tenus
1040 876 1110 931 aetlo

160 959 275 1016 dabitur.
324 954 354 1015 d.
382 956 410 1013 Si
438 965 515 1031 pater
542 957 586 1014 uel
615 957 738 1014 dominus
768 975 848 1013 seruo
877 957 920 1013 uel
943 955 1112 1014 filiolamilias

160 1043 270 1117 negotia
293 1042 376 1098 aliena
398 1035 546 1115 'gerenda²
573 1043 752 1110 commiserit,
779 1043 805 1097 ln
828 1040 944 1096 solidum
967 1040 1111 1100 tenebitur.

159 1123 187 1184 d.
210 1119 308 1182 ³Pater
328 1127 352 1181 sl
375 1127 532 1199 emancipati
556 1124 601 1181 lilii
617 1141 659 1181 ros
675 1126 734 1180 siue
750 1125 802 1180 ulla
815 1126 973 1198 exceptione
989 1143 1002 1179 a
1017 1141 1046 1181 se
1062 1126 1110 1181 do·

159 1218 237 1267 tratas
253 1209 488 1272 administrarent.
503 1206 559 1265 lilio
575 1210 680 1266 actione
695 1210 867 1281 negotiorum
880 1213 1020 1282 gestorum
1036 1218 1111 1265 tene-

79 1354 82 1361 ,
161 1293 241 1351 bitur.
285 1292 315 1351 8.
339 1290 405 1362 uui,
427 1308 485 1349 eum
509 1300 584 1349 tutor
604 1301 748 1349 curatorue
768 1309 822 1366 non
839 1301 926 1362 esset,
948 1310 997 1366 pro
1020 1300 1112 1349 tutore

162 1386 322 1436 curatoreue
337 1392 381 1432 res
396 1375 491 1451 pupilli
508 1376 627 1434 adultlue
642 1376 847 1447 administrauit,
868 1378 972 1433 actione
987 1379 1112 1450 negotio·

159 1479 218 1518 rum
235 1470 375 1535 gestorum
390 1476 440 1533 pro
456 1468 547 1516 tutore
562 1453 742 1516 curatoreue⁴
759 1458 902 1519 tenebitur.

301 1538 347 1620 [L.
363 1542 403 1600 47
417 1561 465 1615 pr.
482 1542 509 1615 S.
528 1545 556 1603 1.
579 1543 622 1599 De
637 1545 672 1599 de
687 1558 749 1616 neq.
765 1551 834 1617 qest.
851 1542 891 1617 (3,
908 1539 962 1620 5)]

387 1715 449 1756 TIT.
465 1713 494 1756 V.
524 1712 565 1755 DE
582 1712 880 1756 cunvurtrn'ronltsvs.

224 1801 269 1865 ⁶1.
293 1806 477 1862 calumniosus
493 1814 544 1876 est,
568 1808 612 1879 qul
628 1807 713 1862 solens
730 1808 904 1881 prudensque
925 1825 974 1882 per
989 1808 1110 1865 lraudern

159 1893 300 1967 negotium
321 1890 398 1946 alicui
421 1897 567 1962 eompurat.
605 1885 634 1947 2.
658 1889 690 1946 Et
711 1893 738 1946 in
763 1893 874 1966 priuatis
897 1899 925 1947 et
947 1894 974 1948 in
996 1891 1110 1966 publicis

159 1976 263 2033 iudiciis
279 1990 372 2030 omnes
389 1972 545 2030 calumniosi
561 1981 635 2028 entra
651 1973 771 2031 ordinem
792 1992 842 2049 pro
859 1975 987 2048 qualitate
1002 1976 1129 2033 admissi.

159 2058 325 2134 plectuntur.

424 2167 507 2232 lum.
523 2168 586 2236 vr‘.
614 2192 656 2232 nu
671 2191 841 2235 evormvrs.

222 2275 245 2337 l.
270 2270 390 2332 'Seruus
413 2291 427 2330 a
450 2273 605 2349 lugitiuario
628 2287 796 2350 comparatus
819 2279 888 2333 intra
911 2279 1003 2336 decern
1026 2297 1111 2337 annos

160 2361 309 2418 manumitti
337 2351 460 2416 'eontra⁸
482 2361 579 2434 prioris
607 2359 707 2416 domini
736 2361 902 2418 uoluntatem
931 2379 985 2418 nou
1008 2373 1109 2437 potest.

160 2442 188 2504 2.
210 2438 330 2500 ⁹Conira
352 2442 490 2500 decretum
514 2444 668 2518 amplissimi
693 2444 970 2519 ordlulslugltiuum
998 2448 1025 2504 ln
1048 2447 1110 2523 luga

160 2530 338 2586 eoustllutum
357 2543 408 2585 uec
428 2544 516 2585 emere
539 2545 588 2585 nee
607 2527 724 2584 uendere
739 2531 898 2602 permissum
915 2538 973 2600 est,
991 2532 1109 2605 irrogata
1120 2541 1180 2591 [³⁶³1

160 2614 288 2687 poenulo
305 2621 448 2686 utrumque
469 2615 655 2669 sestertiorum
677 2605 741 2668 ’u¹⁰
763 2613 875 2669 milium.
921 2606 984 2671 ¹¹8.
1006 2614 1112 2673 Limen·

233 2777 253 2848 ¹)
269 2780 308 2845 Cf.
323 2780 355 2831 1..
370 2793 402 2832 11.
418 2781 450 2831 D.
466 2781 490 2830 li.
505 2788 522 2831 t.
597 2777 618 2846 ¹)
634 2780 678 2831 Cd.
693 2793 725 2833 ro.
745 2781 834 2843 agenda
848 2779 905 2846 (udi
917 2797 930 2831 a
944 2783 1064 2834 adiuerit
1077 2799 1111 2834 ex

159 2852 244 2916 aliens,
258 2867 285 2901 er
300 2858 411 2902 notatum
425 2851 493 2916 erni)
512 2853 606 2915 reliqui
624 2858 648 2900 ei
662 2852 720 2900 edd.
740 2852 815 2900 allona
835 2852 924 2914 agenda
944 2855 1037 2915 negotio
1052 2855 1110 2905 edd.

159 2932 250 2973 eontra
265 2937 350 2972 omnes
360 2936 444 2985 paene
460 2922 521 2970 Cdd.
569 2918 590 2986 ³)
605 2920 687 2971 &aar
701 2929 796 2972 mutato
811 2924 836 2971 in
852 2922 883 2971 J..
894 2933 928 2973 tt.
944 2925 967 2985 §-
978 2934 998 2973 1.
1014 2923 1045 2972 Ι).
1057 2925 1080 2973 l.
1092 2932 1109 2973 1.

160 2991 181 3057 ⁶)
195 2991 240 3041 Sic
254 3007 289 3041 ex
302 2993 517 3041 demonstratione
531 2992 656 3041 stelionem
666 2991 792 3057 desipueri,
803 3008 867 3056 quoe
877 2995 953 3059 uulpo
963 2997 1110 3057 protuteloe

158 3062 264 3111 dieitur.
294 3062 332 3125 Cf.
348 3061 380 3110 J..
396 3075 415 3111 1.
431 3062 470 3122 ἐξ.
486 3074 505 3111 1.
522 3073 541 3111 a.
557 3072 577 3113 4.
601 3060 630 3111 L.
646 3072 666 3110 2.
682 3073 701 3112 a.
716 3075 737 3114 1.
752 3074 772 3114 u.
792 3063 824 3111 Ι).
839 3065 871 3112 de
886 3079 928 3127 eo,
943 3065 987 3128 qui
996 3078 1047 3126 pro
1062 3070 1108 3111 tui.

159 3130 204 3197 (11,
218 3130 250 3193 1).
270 3130 301 3183 L.
317 3144 337 3182 4.
360 3132 385 3179 C.
400 3133 445 3194 qui
458 3131 516 3178 dur.
531 3137 581 3179 tul.
596 3129 627 3195 (5,
642 3130 686 3195 111).

232 3199 279 3249 Tit.
300 3200 330 3248 V.
370 3197 390 3264 ⁵)
406 3202 444 3261 §d-
462 3212 479 3249 1.
495 3210 515 3251 1.
535 3207 625 3249 estant
643 3204 719 3251 etiarn
734 3205 760 3251 in
773 3203 885 3256 Consult.
900 3217 920 3263 t,
931 3216 951 3256 1.
970 3209 1111 3268 praeterea

159 3273 186 3320 in
201 3269 232 3320 L.
248 3281 268 3321 a.
288 3270 320 3320 D.
336 3269 372 3318 ad
384 3268 431 3319 SC.
451 3268 559 3333 Turpili.
574 3270 618 3334 (18,
633 3271 677 3336 16).

233 3339 280 3393 Til.
301 3338 365 3390 Vll.
403 3336 424 3404 θ)
444 3338 520 3389 Totus
538 3348 575 3389 esi
593 3357 627 3390 ex
648 3342 673 3394 C.
694 3341 833 3394 Vesonlino
851 3351 876 3394 ei
894 3347 980 3395 alieno
999 3347 1055 3396 loeo
1069 3345 1112 3395 die

158 3419 264 3461 auctore
281 3410 386 3460 Cuiocio
401 3412 520 3460 insertus.
549 3411 637 3476 Mopis
650 3414 716 3461 enirn
731 3417 845 3477 pertinet
859 3416 895 3465 od
908 3416 1021 3480 officium
1032 3431 1111 3480 prae·

155 3483 221 3545 secti
235 3483 340 3544 uipilnm
354 3482 392 3529 uel
407 3483 601 3546 mopiam-uiuum
611 3485 811 3546 municipalium,
826 3485 858 3535 de
867 3502 917 3550 quo
928 3486 1038 3536 Paullus
1051 3494 1111 3536 ante

158 3549 234 3603 nol.
255 3551 337 3615 Visip.
352 3558 447 3615 eperat.
474 3552 512 3613 Cf.
529 3555 608 3604 inser.
624 3553 655 3602 L.
671 3567 691 3604 1.
711 3554 742 3605 D.
758 3555 789 3604 de
800 3557 879 3620 supin
894 3555 940 3620 (11,
950 3555 981 3621 4).
1035 3554 1111 3621 ⁷)Cs.

158 3620 190 3674 L.
206 3633 239 3672 11.
260 3621 290 3670 D.
306 3622 337 3671 de
352 3624 495 3674 monrrmr'ar.
512 3622 555 3686 (10,
571 3622 601 3687 1).
621 3624 653 3673 L.
663 3635 683 3673 2.
703 3626 726 3685 ξ.
737 3635 757 3675 1.
774 3626 805 3675 D.
821 3627 856 3675 od
870 3628 918 3692 lep.
935 3626 995 3676 Fud.
1012 3625 1056 3689 (18,
1068 3626 1112 3692 11).

158 3692 189 3743 L.
205 3704 225 3743 o.
247 3691 271 3742 0.
288 3692 344 3742 eod.
355 3690 386 3757 (s,
396 3693 440 3756 1ο).
493 3689 619 3756 ⁸)lllnlr'rn
634 3710 689 3743 eum
701 3694 823 3746 urerent.
835 3697 903 3748 citro.
956 3694 976 3762 t')
994 3697 1031 3759 Cf.
1048 3697 1080 3746 J..
1091 3708 1112 3749 1.

157 3762 189 3813 l..
204 3774 225 3816 t.
244 3764 268 3825 ἕ.
283 3774 303 3813 1.
323 3761 354 3811 D.
371 3764 406 3812 ad
420 3767 467 3829 lep.
485 3762 667 3829 Fod.(48,1o).
687 3763 719 3814 Ιι.
735 3777 754 3817 o.
773 3766 797 3815 C.
813 3767 869 3817 eod.
924 3762 957 3832 ¹⁰)
974 3768 1082 3832 Corripe
1096 3784 1113 3816 1.

158 3831 375 3899 (quinquaqinta).
403 3834 441 3895 Cf.
454 3834 542 3884 Cottae.
554 3846 588 3891 11,
598 3845 618 3885 e.
633 3835 656 3896 §-
666 3846 686 3887 tt.
734 3832 769 3901 ¹¹)
783 3837 823 3899 ἐξ.
834 3848 855 3889 t.
866 3848 887 3887 1.
907 3845 999 3887 extant
1009 3839 1035 3886 in
1048 3838 1079 3889 L,
1090 3850 1111 3887 1.

157 3904 189 3953 1).
204 3905 235 3954 de
247 3905 325 3971 supii.
340 3903 385 3968 (11,
399 3904 430 3969 1).
