2378 4386
407 578 537 615 mvnvs
555 577 671 615 anlavo.
956 573 1018 631 125

67 702 135 759 utilia
151 705 265 778 cognitu
280 719 367 778 neque
382 702 525 761 iniucunda
538 706 584 778 qui
594 704 687 778 legere
699 705 784 778 uolet,
800 707 920 763 inueniet
930 705 1021 763 Sabini

65 785 166 859 librum,
190 789 234 844 cui
249 787 346 843 titulus
361 795 403 844 est
418 787 451 844 de
466 782 575 845 lurtis.¹
608 787 637 843 lu
653 805 707 862 quo
723 789 750 845 id
766 807 875 865 quoque
889 791 1021 863 scriptum

65 879 114 942 cst,
136 871 209 944 quod
225 872 311 945 uolgo
326 873 492 945 inopinatum
507 881 559 944 est,
580 888 635 928 non
654 872 792 930 homiuum
813 882 917 930 tantum
934 890 1021 948 neque

63 970 150 1010 rerum
165 956 344 1027 mouentium,
360 972 427 1029 quae
442 956 543 1012 auferri
558 956 663 1012 occulte
678 965 707 1012 et
715 957 820 1031 subripi
831 966 957 1031 possunt,
972 956 1020 1013 sed

63 1038 136 1094 iuudi
158 1055 269 1112 quoque
292 1047 320 1094 et
340 1039 442 1095 aedium
458 1037 515 1096 lieri
531 1040 648 1107 lurtum;
670 1040 896 1114 condempnatum
911 1057 1021 1115 quoque

62 1120 127 1178 furti
141 1122 281 1193 colonum,
297 1123 344 1196 qui
359 1122 452 1192 lando,
475 1140 555 1196 quem
570 1123 745 1195 conduxerat,
769 1125 890 1196 uendito,
913 1140 1020 1198 posses·

62 1207 137 1261 sione
148 1207 207 1262 eius
225 1204 364 1262 dominum
381 1207 588 1263 interuertisset.
612 1207 700 1279 Atque
711 1208 737 1263 id
750 1211 836 1277 etiam,
850 1208 923 1280 quod
935 1210 1021 1281 magis

62 1288 225 1363 inopinabile
247 1298 300 1360 est,
322 1287 438 1345 Sabinus
452 1291 526 1360 dicit,
548 1291 636 1346 iurem
659 1306 718 1345 esse
733 1290 848 1347 hominis
864 1292 1021 1362 iudicatum,

10 1396 11 1401 ¹
62 1373 108 1445 qui
130 1389 190 1428 cum
213 1372 348 1446 fugitiuus
369 1382 477 1446 praeter
498 1374 592 1431 oculos
614 1372 686 1428 lorte
708 1373 809 1430 domiui
823 1376 885 1444 iret,
908 1375 1021 1429 obtentu

62 1462 151 1529 togae,
174 1464 311 1528 tamquam
333 1472 362 1511 se
385 1458 518 1528 amiciens,
541 1473 576 1513 ne
598 1454 737 1512 uideretur
759 1457 915 1528 adoniae,
939 1456 1021 1513 obsti·

62 1540 146 1595 unser„
163 1569 205 1580 -
220 1538 289 1595 oua
308 1539 357 1610 ιι,
374 1538 424 1596 18.
437 1542 466 1611 s.
485 1541 617 1596 11-14.

450 1672 637 1757 Fastorum.

125 1778 154 1838 8.
178 1779 309 1837 llmnrlus
331 1778 462 1838 lastorum
484 1784 603 1839 secundo
626 1781 803 1839 ‘Vinaliorum
818 1781 900 1855 dies’,
922 1785 1021 1857 iuquit,

60 1865 130 1922 ‘loni
153 1880 230 1922 sacer
252 1871 304 1934 est,
326 1882 391 1936 nou,
414 1873 445 1922 ut
466 1867 572 1939 quidam
587 1875 693 1940 putant,
710 1865 828 1923 Venerl'.
847 1896 884 1907 —
901 1866 1019 1924 llacrob.

61 1950 116 2007 sat·
125 1949 164 2088 911
178 1946 312 2088 ltmsurtffis
339 2033 417 2088 etiam
444 2033 564 2089 secundo
591 2033 724 2090 ipsiorum
746 2033 917 2092 ‘Liberalium
938 2034 1019 2099 oies’,

12 2117 161 2190 intinquit,
184 2115 212 2170 ‘a
234 2113 406 2188 pontificibus
429 2119 556 2191 agoniam
577 2117 697 2175 Martiale
720 2119 892 2191 appellatur'.
910 2148 947 2158 —
968 2119 1021 2174 ila·

62 2198 190 2338 “⁰le
200 2199 237 2336 111
254 2196 396 2338 ilnbeodem
418 2283 500 2340 libro:
523 2282 598 2339 ‘liam
619 2292 726 2342 noctem
748 2287 930 2359 deincepsque
952 2286 1021 2341 iusc-

63 2373 196 2441 quentcm
212 2362 294 2436 diem,
309 2368 353 2438 qul
365 2374 409 2423 est
421 2365 586 2424 lucarium’.
602 2397 644 2408 -
658 2368 774 2424 llacrob.
791 2369 828 2426 ib.

126 2443 168 2505 11.
192 2439 338 2504 ²llasurius
353 2457 380 2505 et
395 2450 439 2505 aiii
455 2467 509 2507 uno
525 2450 578 2520 dic,
594 2450 620 2505 ld
636 2460 677 2506 est
692 2461 789 2524 quarto
805 2452 908 2509 decimo
926 2451 1021 2509 Kalen·

62 2534 111 2589 das
126 2531 263 2588 lanuarias
278 2530 360 2590 luisse
375 2533 525 2590 Saturnalia
540 2533 718 2593 crediderunt.
738 2564 773 2573 -
791 2534 905 2591 llacrob.
922 2536 978 2591 Sat.
994 2537 1022 2606 1,

68 2614 324 2759 101825111111113
345 2700 433 2756 adiicit
454 2699 625 2755 simulacrum
647 2699 727 2754 huius
750 2698 815 2754 deae
837 2699 885 2770 (sc.
901 2703 1025 2772 Angero-

64 2780 135 2858 niae)
160 2798 207 2839 ore
230 2782 352 2855 obligato
376 2793 457 2856 atque
479 2785 588 2856 signato
611 2783 637 2837 in
659 2798 706 2837 ara
729 2780 858 2855 Volupiae
881 2791 1024 2855 propterea

54 2862 239 2936 collocatum,
261 2866 334 2938 quod
356 2869 402 2940 qui
422 2883 486 2922 suos
505 2866 613 2923 ‹lolores
629 2867 831 2939 anxietatesque
847 2865 1025 2937 dissimulant,

63 2950 226 3023 perueniant
247 2950 390 3021 patientiae
411 2948 541 3006 beneficio
565 2949 598 3006 ad
620 2950 758 3006 maalmam
782 2949 959 3025 uoluptatem.
986 2981 1023 2991 -

64 3031 182 3091 ilacrob.
198 3031 237 3089 ib.
253 3031 282 3102 S.
299 3031 328 3088 8.

425 3149 464 3205 lle
486 3149 669 3224 indigenis.

126 3265 170 3324 18.
194 3264 327 3320 Masurius
349 3273 438 3321 autern
454 3264 565 3321 Sabinus
587 3267 614 3321 ln
628 3269 836 3338 commentariis,
853 3285 922 3342 quos
938 3268 970 3323 de
986 3271 1026 3325 in·

64 3350 174 3426 «ligonis
198 3347 367 3419 composuit:
404 3347 602 3421 ‘Religionum',
619 3351 717 3422 inquit,
732 3346 797 3422 (εει,
821 3350 892 3424 quotl
916 3363 1027 3424 propter

64 3435 239 3492 sanctitatem
262 3429 377 3502 aliquam
400 3440 532 3487 remotum
555 3449 585 3488 ac
607 3434 756 3505 sepositum
771 3450 785 3487 a
800 3434 876 3488 nobis
892 3441 950 3500 est3
968 3450 1027 3489 uer·

64 3515 128 3575 bum
152 3533 168 3572 a
189 3513 368 3585 relinquendo
391 3514 501 3584 dictum,
525 3522 650 3589 tauquam
672 3517 846 3571 caerimoniae
862 3532 875 3570 a
891 3515 1028 3572 carendo'.

139 3678 161 3745 ¹)
178 3677 293 3727 llnatro
305 3678 425 3740 nunnoni
438 3678 611 3741 kancporten
623 3679 707 3742 suinae
721 3677 845 3727 librorum
853 3678 1030 3727 deiurecioili

65 3755 221 3817 opinantur.
245 3744 291 3793 Ex
300 3760 377 3809 eoque
391 3747 422 3795 de
433 3749 516 3810 furtis
526 3747 591 3798 libro
601 3749 677 3797 ctiam
684 3748 755 3809 furti
764 3747 895 3808 nannifesti
901 3746 1028 3806 definitio·

65 3840 121 3873 nens
138 3819 251 3871 Gellium
261 3817 376 3878 petiisse,
391 3823 459 3865 certe
478 3819 615 3866 verisimile
634 3824 678 3865 eat.
718 3814 739 3880 ⁹)
755 3817 814 3865 Cum
833 3814 963 3862 Dirlcseno
979 3829 1029 3862 non

65 3892 164 3951 dubito,
184 3889 248 3953 quin
263 3891 287 3935 et
301 3885 349 3935 lloc
363 3894 387 3935 et
400 3901 506 3950 sequena
518 3887 555 3949 fr.
575 3888 611 3935 ori
623 3886 729 3935 eundern
743 3886 835 3934 librum
845 3883 1030 3945 pertinuerint.
