2378 4386
613 44 617 57 t

10 39 1124 327 u

514 158 518 165 ι

632 190 637 197 ι

384 579 482 616 suuis.
502 581 555 616 svis.
574 582 635 616 nois.
654 579 740 616 varic.
974 564 1036 629 713

12 709 71 757 [61⁷]
84 704 180 756 vatum
199 702 322 770 aliquem
339 701 462 770 potuisse
480 717 580 771 capere
592 702 672 755 tento
690 702 825 755 minorem
841 701 928 755 habet
940 703 1037 756 verisi-

83 768 279 833 militudinem,
291 769 367 835 quod
379 769 513 836 privatim
526 769 650 836 excerpti
663 768 920 822 iurisconsultorum
931 770 987 822 loci
1000 785 1035 824 an

104 838 196 890 lenam
214 836 299 889 fidem
317 836 442 889 habituri
459 837 552 889 essent
568 835 597 886 in
615 835 725 888 iudiciis
742 836 865 900 recitati,
885 836 1036 890 admodum

83 855 200 957 dubium
219 903 309 956 videri
326 901 456 957 debebat.
485 901 599 955 Maioris
619 919 654 955 ue
673 918 706 955 oe
726 903 749 955 ti
766 903 887 970 spiritus,
906 920 990 971 quam
1008 904 1036 957 in

104 971 194 1024 riveto
207 974 321 1024 auctore
334 972 473 1046 expectes
491 969 577 1020 etiam
589 919 659 1046 idud
676 919 811 1022 indicium
825 972 876 1032 est,
894 972 969 1038 quod
980 987 1037 1025 non

133 1040 194 1091 tum
207 1053 241 1090 ex
260 1037 371 1090 usitatis
389 1035 538 1097 codicibus,
555 1034 604 1087 sed
617 1036 702 1087 etiam
715 1035 836 1100 aliunde,
855 1040 888 1090 ut
905 1039 1036 1104 vidimus,

83 1107 175 1158 tracta
197 1105 263 1157 sunt
279 1103 415 1177 rescripta
432 1102 463 1177 et
480 1101 598 1153 rariores
616 1101 700 1176 etium
719 1101 847 1155 lCtornm
869 1104 934 1157 libri
957 1104 1034 1158 edhi-

84 1173 144 1226 biti.
181 1171 287 1223 Eodem
310 1169 388 1221 ducit
409 1183 510 1221 omisso
532 1169 561 1219 iii
585 1168 727 1234 rescriptis
745 1168 854 1222 Codicis
872 1170 1038 1240 Gregoriani

84 1239 130 1292 vel
147 1236 366 1305 Hermogeninni
384 1235 498 1286 mentio
526 1233 581 1287 Cur
598 1248 646 1288 eos
663 1236 790 1301 privatus
808 1237 890 1289 homo
909 1240 1037 1292 taceret?

84 1305 116 1358 In
130 1304 284 1379 collatione
298 1306 328 1355 et
340 1301 557 1378 Consultationa
571 1317 642 1377 quae
656 1307 721 1377 sunt
732 1303 914 1420 priuatorum,
932 1304 1037 1380 ubique

84 1371 597 1509 illuderitutilibet
609 1369 1038 1505 illitillilttsslssllti

85 1521 141 1558 non
159 1503 322 1571 petiebatur
333 1501 474 1554 aemulum
492 1500 564 1552 alius
577 1501 728 1554 eorundem
741 1503 860 1555 sontium
877 1519 979 1555 nomen
993 1519 1037 1556 oo-

86 1572 162 1624 dicis.
193 1568 301 1621 Deinde
320 1583 391 1634 opus
409 1569 507 1635 aperte
524 1583 580 1620 non
597 1569 679 1621 unius
696 1567 816 1621 hominis
833 1569 948 1623 consilio
966 1570 1038 1636 regi·

85 1640 138 1690 tur.
169 1634 229 1687 Hoc
246 1634 342 1702 prodit
359 1635 430 1686 mira
447 1634 475 1687 in
494 1635 669 1702 excerpendo
687 1637 717 1688 et
733 1637 926 1704 componendo
943 1638 1037 1690 incon·

86 1703 197 1758 stantia.
227 1699 352 1767 Leviora,
371 1701 450 1754 velut
462 1701 627 1755 vocabulum
647 1701 745 1755 ‘idem’
764 1705 793 1755 et
811 1702 880 1757 alias
899 1702 988 1756 ‘item’
1007 1704 1038 1757 in

86 1785 219 1824 noverum
233 1768 390 1836 specierum
402 1770 516 1822 exordio
529 1768 612 1821 modo
624 1770 757 1837 scriptum
770 1770 853 1822 modo
867 1770 999 1823 omissum
1009 1773 1039 1826 et

86 1836 229 1890 interdum
242 1835 362 1888 eundem
375 1837 517 1889 auctorem
531 1835 681 1902 repetitum
696 1837 751 1889 iem
763 1851 818 1888 non
832 1851 931 1890 moror.
958 1837 1037 1891 Eius·

87 1905 151 1957 dem
174 1902 283 1971 generis
305 1904 360 1967 est,
384 1902 461 1969 quod
480 1904 529 1970 qui
547 1907 586 1966 ὃς.
605 1909 721 1956 90-92.
744 1904 833 1956 exseri
854 1904 902 1967 sit,
925 1906 1038 1970 praeter

86 1970 189 2024 librum
207 1969 292 2022 etiam
310 1968 434 2036 titulum,
454 1969 523 2022 alius
540 1974 575 2033 (ς’.
588 1973 656 2032 227.)
669 1969 808 2022 rubricam
826 1920 977 2038 diligenter
988 1987 1037 2024 no·

86 2038 166 2091 tavit.
197 2036 233 2089 Et
249 2037 281 2088 ut
298 2034 341 2088 illi
358 2036 413 2095 loci
429 2036 464 2089 eb
478 2036 533 2090 elio
544 2036 670 2157 &resecti
687 2037 826 2100 videntur,
845 2037 886 2090 ita
898 2037 983 2090 etiam
995 2053 1038 2092 re·

87 2103 1040 2248 ittet,iiiiii-llitillrlltllll.disertuli

87 2239 121 2292 de
141 2238 330 2315 cogmtoribus
347 2237 546 2314 componendis
564 2254 677 2315 operam
695 2238 984 2319 collocassepraeter
996 2253 1038 2293 ea.

86 2304 1040 2449 lutrettulitretiulittil?ltttiltililld

87 2439 239 2495 secundum
262 2439 355 2506 partes
378 2438 463 2490 edicti
485 2440 705 2491 numerabantur
722 2444 755 2505 (ξ,
774 2445 832 2492 266.
855 2438 958 2493 collata
976 2456 1039 2492 cum

86 2513 110 2570 ξ.
124 2513 179 2559 120,
193 2507 222 2558 et
234 2521 277 2570 ec,
296 2506 371 2572 quod
384 2504 441 2557 dixi
453 2520 538 2572 supra
549 2523 575 2572 p.
591 2513 638 2559 156
651 2506 707 2572 fin.)
726 2509 755 2558 et
769 2506 871 2559 mirum
883 2507 912 2558 in
925 2506 1038 2559 modum

87 2572 299 2627 constitutiones
317 2574 346 2624 ct
361 2571 619 2625 iurisconsultorum
637 2573 712 2626 locos
733 2573 857 2635 miscuit,
881 2574 913 2624 ut
931 2588 947 2624 ο
969 2573 1038 2638 inor,

88 2640 162 2708 quod
179 2640 208 2692 in
227 2639 305 2691 libris
323 2638 363 2714 de·
376 2639 423 2713 his·
436 2639 561 2692 materiis
579 2640 700 2705 scriptis,
723 2654 793 2714 quos
810 2590 976 2702 adhibebab,
999 2639 1040 2693 its

87 2707 252 2770 inveneret,¹
271 2705 337 2757 dum
355 2722 384 2756 in
402 2707 446 2757 tit.
460 2721 494 2758 ex
512 2707 606 2772 empto
621 2708 650 2757 et
662 2706 775 2758 vendito
794 2706 874 2758 etde
893 2703 1038 2758 usufructu

88 2772 299 2828 constitutiones
322 2787 417 2825 omnes
439 2773 588 2840 seperatim
611 2787 662 2824 con
685 2774 799 2839 regetac
821 2771 896 2825 locos
914 2787 948 2824 ex
967 2772 1039 2825 lctis

88 2839 239 2907 exscriptos
257 2838 302 2891 vel
321 2841 475 2906 sequuntur
491 2839 537 2892 vel
555 2839 653 2891 antece
675 2841 737 2904 unt,
756 2838 888 2914 idemque
907 2838 993 2890 etiam
1011 2838 1039 2891 in

87 2906 144 2962 titt
162 2904 196 2958 de
214 2921 244 2958 re
262 2907 358 2958 uxoria
377 2908 406 2959 et
426 2905 461 2958 de
484 2905 719 2966 excusationibus,
743 2920 813 2973 quos
837 2906 894 2957 inte
917 2919 960 2956 ros
983 2919 1038 2957 non

86 2972 230 3036 habemus,
248 2972 353 3024 factum
366 2988 425 3025 esse
438 2972 546 3039 opinari
562 2972 636 3036 licet,
654 2973 705 3047 nisi
721 2972 741 3024 ii
759 2987 792 3024 ex
812 2922 1037 3046 merisqctcrum

87 3038 233 3092 sententiis
258 3039 407 3106 compositi
431 3039 548 3100 fuerint.
578 3040 664 3114 priori
694 3043 788 3092 tamen
818 3054 873 3091 uno
903 3053 987 3091 resori
1010 3040 1039 3091 to

88 3110 121 3170 (ξ.
136 3110 205 3167 113.)
244 3122 273 3157 ro
295 3107 338 3158 ier
350 3106 510 3174 argumenti
528 3105 738 3159 similitudinem
756 3106 886 3160 immisto.
913 3103 956 3157 Ne
968 3055 1040 3157 ilbd

87 3173 200 3241 quidem
218 3122 299 3225 biciso
318 3173 423 3237 credas,
442 3172 562 3226 eundem
575 3172 715 3226 hominem
727 3178 751 3236 ξ.
766 3178 813 3249 169
827 3173 857 3225 et
868 3177 934 3236 246,
954 3175 977 3235 §-
992 3177 1040 3226 186

87 3242 117 3294 et
133 3246 203 3304 240,
222 3245 245 3304 ἕ.
266 3245 313 3293 186
332 3243 362 3293 et
378 3247 449 3303 ssi,
468 3246 490 3304 §.
513 3246 577 3294 183¹.
597 3257 660 3293 cum
678 3242 805 3317 sequenti
823 3240 853 3292 et
869 3244 942 3300 ⁴238..
965 3253 1038 3306 quae

87 3322 182 3383 omnes
203 3305 279 3359 idem
301 3308 458 3371 continent,
478 3308 648 3375 excerpsisse
671 3309 700 3360 et
719 3324 749 3360 in
767 3307 867 3360 eodem
884 3305 967 3359 titulo
991 3322 1040 3374 po·

86 3390 180 3426 suisse.

153 3439 230 3494 Haec
247 3456 310 3493 cnm
327 3441 368 3494 ita
384 3442 448 3505 sint,
467 3442 647 3495 statuendum
660 3441 778 3505 videtur,
797 3440 974 3494 membranas
985 3438 1040 3492 Va·

85 3507 192 3583 ticenae
219 3508 269 3559 aut
293 3506 425 3583 reliquias
449 3523 508 3560 esse
533 3509 591 3560 eius
614 3508 730 3583 codicis,
757 3523 841 3575 quem
868 3507 951 3560 simul
977 3524 1040 3559 cum

16 3588 75 3637 [uis]
87 3575 319 3627 constitutionum
338 3574 432 3627 codice
450 3572 622 3626 Theodosius
640 3574 771 3627 adiuncto
786 3573 976 3627 Valentiniani
993 3588 1040 3626 no·

85 3640 160 3693 mine
180 3647 270 3696 alit.
289 3639 318 3693 L.
337 3649 360 3695 ὁ.
380 3639 431 3696 Th.
452 3638 481 3692 C.
504 3639 539 3692 de
558 3643 644 3696 const.
663 3642 749 3706 princ.
768 3642 808 3708 (1,
829 3646 854 3704 1)
877 3640 938 3694 fieri
959 3639 1040 3693 iussit

85 3765 162 3771 ——-
176 3764 297 3771 .—-.

160 3839 179 3908 ¹)
194 3843 251 3892 Puto
265 3856 329 3903 voro,
344 3843 377 3891 ibi
391 3842 496 3906 propriis
511 3840 636 3903 scriptoris
647 3840 726 3889 verbis
741 3850 864 3905 uirumque
879 3856 953 3904 genus
966 3853 1038 3904 scpu-

85 3918 162 3961 retum
176 3913 258 3962 inisse.
1050 3934 1053 3940 ·
