2378 4386
146 577 190 636 40
493 588 523 623 rs.
539 587 650 623 rrusrus
668 587 768 624 cresso.

209 708 258 769 6³,
275 712 310 767 A.
328 710 445 767 Laudato
457 710 564 784 quidem
578 728 593 766 a
611 721 638 767 te
653 712 775 783 grauiter
789 720 816 767 et
833 727 912 767 uere:
928 712 976 768 sed
991 728 1108 785 quorsus

146 798 198 853 hoc
213 794 351 867 pertinet?

209 878 249 932 M.
271 877 389 932 Primum
406 876 437 932 ad
453 893 495 947 ea,
510 876 652 950 Pomponi,
673 876 706 932 de
722 875 819 950 qulbus
835 879 920 933 acturi
936 877 986 933 iam
1003 895 1107 951 sumus,

147 978 216 1035 quae
231 967 305 1015 tanta
317 976 377 1015 esse
389 960 531 1027 uolumus;
547 976 601 1016 nou
619 961 689 1016 enim
702 969 790 1026 erunt,
806 962 857 1016 nisi
870 977 900 1016 ea
913 960 1025 1031 luerint,
1037 962 1108 1019 unde

145 1044 190 1101 illa
206 1052 324 1114 manant,
341 1043 520 1116 amplissima;
541 1042 637 1099 deinde
652 1044 719 1099 iasio
736 1053 763 1099 et
778 1041 904 1100 lubenter
919 1053 955 1115 et,
972 1054 1002 1100 ut
1017 1062 1107 1119 spero,

146 1136 230 1198 reete,
252 1126 325 1199 quod
341 1143 408 1196 eam,
431 1128 528 1200 quoius
542 1127 632 1182 studio
649 1135 744 1182 terreor
759 1143 881 1200 quaeque
896 1143 938 1182 me
954 1145 1024 1199 eum,
1047 1131 1107 1202 qui·

147 1227 262 1284 sumque
277 1227 348 1279 sum,
364 1211 464 1281 effecit,
480 1226 534 1266 non
550 1226 661 1283 possum
676 1209 785 1266 silentio
801 1213 961 1283 praeterire.

210 1295 243 1349 A.
268 1293 336 1349 Vero
352 1293 417 1349 iacis
432 1301 458 1349 et
474 1295 571 1349 merito
587 1301 615 1349 et
629 1295 683 1367 pie,
709 1293 814 1367 fuitque
828 1294 864 1359 id,
880 1302 910 1350 ut
925 1294 1000 1365 diois,
1014 1298 1040 1351 ln
1056 1296 1108 1353 boo

147 1394 273 1434 sermone
288 1376 450 1436 faciundum.

466 1494 576 1548 LIBER>
594 1493 791 1549 SECVNDVS.

210 1590 230 1646 l.
251 1587 276 1646 1.
299 1591 334 1646 A.
357 1588 408 1643 Sed
430 1588 517 1657 ulsne‚
539 1589 665 1661 quonium
686 1596 715 1643 et
733 1591 800 1645 satis
819 1590 872 1656 iam
888 1588 1050 1646 ambulatum
1067 1598 1110 1646 est

148 1682 176 1731 et
192 1673 240 1729 tibi
255 1672 326 1728 aliud
343 1672 446 1727 dicendi
463 1673 568 1727 initium
584 1672 744 1728 sumendum
760 1680 811 1744 est,
826 1672 917 1729 locum
932 1682 1066 1728 mutemus
1082 1682 1109 1729 et

149 1756 292 1827 ininsula,
314 1771 381 1828 quae
397 1764 438 1810 est
454 1757 481 1810 in
498 1753 629 1819 Fibreno,
646 1772 720 1826 nam,
744 1757 855 1830 opinor,
871 1757 898 1812 id
913 1755 951 1811 illl
967 1757 1044 1813 alteri
1059 1756 1110 1812 llu-

148 1841 215 1896 minl
230 1856 329 1896 nomen
345 1848 396 1910 est,
412 1840 530 1893 sermonl
545 1839 650 1911 reliquo
665 1839 758 1894 demus
774 1856 882 1912 operam
896 1839 1040 1895 sedentes?

213 1923 253 1980 M.
277 1923 345 1978 Sane
361 1921 483 1995 quidem;
499 1937 558 1976 nam
575 1921 621 1976 illo
637 1920 698 1976 loeo
711 1920 886 1977 libentissime
898 1923 974 1978 soleo
988 1925 1035 1989 nti,
1051 1925 1110 1978 sine

153 2007 217 2080 quid
233 2022 337 2061 mecum
353 2007 410 2077 ipse
427 2007 530 2078 cogito,
545 2006 602 2060 siue
618 2011 663 2058 aut
679 2004 743 2075 quid
758 2005 847 2059 scribo
863 2012 908 2059 aut
923 2004 994 2076 lego.
1154 2010 1156 2016 '

212 2085 240 2145 2.
261 2090 294 2144 A.
318 2087 458 2161 Equidem,
475 2090 520 2162 qni
535 2105 606 2144 nunc
622 2088 792 2161 potissimum
808 2087 862 2143 hue
877 2090 1006 2158 nemrim,
1018 2091 1110 2144 satiari

149 2189 204 2230 uon
220 2189 302 2248 queo,
322 2170 528 2244 magnificasque
544 2171 620 2227 uillas
637 2179 665 2226 et
685 2172 837 2244 pauimenta
856 2187 1004 2227 marmorea
1023 2180 1050 2227 et
1072 2172 1109 2228 la·

106 2321 107 2325 Ἰ
151 2266 246 2333 questa
267 2264 336 2312 teeta
359 2265 517 2318 contemno:
541 2254 637 2310 duetus
654 2270 719 2310 uero
734 2271 873 2328 aquarum,
890 2271 959 2328 quos
976 2256 1021 2311 isti
1036 2254 1110 2311 Nilos

150 2350 179 2397 et
193 2340 308 2412 Euripos
329 2347 438 2409 uocant,
459 2340 519 2411 quis
540 2355 603 2409 non,
626 2355 686 2395 euni
708 2339 774 2395 baec
787 2338 886 2410 uideat,
909 2339 1046 2395 inriserit?
1061 2341 1110 2395 ita·

151 2440 214 2496 que,
236 2430 266 2477 ut
282 2430 312 2477 tu
327 2421 408 2494 paulo
424 2428 485 2477 ante
500 2422 533 2478 de
549 2422 611 2496 lege
627 2430 655 2478 et
670 2422 702 2477 de
717 2423 775 2478 inre
791 2422 925 2479 disserens
940 2423 972 2478 ad
988 2431 1110 2479 naturam

151 2504 285 2562 referebas
302 2507 400 2574 omnia,
415 2506 455 2561 sic
469 2506 495 2561 in
508 2506 550 2562 his
563 2507 627 2580 ipsis
636 2506 727 2578 rebus,
743 2523 811 2580 quae
823 2506 856 2562 ad
868 2508 1016 2582 requietem
1029 2506 1109 2561 animi

151 2587 412 2661 delectationemque
428 2599 608 2663 quaeruntur,
623 2599 719 2646 natura
734 2589 898 2647 dominatur.
921 2607 973 2665 qua
988 2607 1017 2646 re
1032 2599 1110 2647 antea

151 2671 276 2745 mirabar,
295 2671 362 2728 nihil
384 2674 453 2727 enim
469 2673 510 2729 his
526 2676 554 2729 in
570 2673 636 2730 locis
652 2677 703 2730 nisi
719 2691 781 2730 saxa
796 2681 824 2730 et
839 2683 944 2732 montes
960 2673 1110 2748 cogitabam

151 2759 242 2831 ltaque
257 2763 286 2812 ut
302 2756 415 2813 lacerem
430 2764 457 2812 et
473 2758 639 2813 orationibus
654 2757 799 2812 inducebar
810 2758 865 2813 tuis
877 2765 904 2813 et
915 2757 1048 2827 uersibus,
1063 2757 1110 2812 sed

151 2839 276 2911 mirabar,
292 2839 401 2911 uldini,
417 2848 444 2895 te
460 2850 513 2896 tam
530 2840 607 2896 ualde
623 2838 748 2896 hocloco
765 2840 904 2896 delectari:
925 2855 997 2895 nune
1017 2848 1109 2895 eontra

151 2925 234 2979 miror
250 2931 286 2992 te,
302 2939 363 2979 oum
379 2923 460 2978 Roma
477 2922 556 2993 absis,
573 2938 684 2995 usquam
699 2924 791 2994 potius
807 2939 876 2978 esse.

234 3000 261 3063 3.
284 3006 324 3062 M.
349 3004 405 3079 Ego
421 3022 499 3075 uero,
515 3021 574 3061 eum
590 3004 653 3060 licet
668 3004 820 3077 plurisdies
833 3003 937 3073 abesse,
952 3004 1109 3076 praesertim

152 3088 203 3144 boe
219 3096 341 3162 tempore
356 3091 432 3158 anni,
452 3097 479 3143 et
499 3089 688 3142 amoenitatem
709 3087 778 3143 hane
792 3083 838 3160 (et)
856 3079 1053 3141 salubritatem¹
1069 3101 1111 3140 se·

152 3187 232 3246 quor,
256 3188 319 3228 raro
340 3180 430 3228 autern
451 3171 522 3226 lieet.
560 3170 607 3224 sed
630 3169 754 3225 nimlrum
777 3185 819 3224 me
841 3169 890 3223 alia
906 3184 1014 3242 quoque
1030 3184 1110 3225 eausa

152 3255 277 3327 delectat,
293 3272 361 3329 quoe
378 3261 404 3309 te
420 3269 473 3308 nou
489 3252 598 3324 attingit
613 3253 658 3307 lta.

215 3340 248 3394 A.
270 3336 342 3404 Quae
358 3336 465 3392 laudem
480 3336 530 3390 lsta
546 3351 624 3390 eausa
640 3333 701 3390 estl

215 3421 256 3476 M.
281 3419 362 3490 Oula,
377 3420 400 3474 sl
415 3432 509 3473 uerum
524 3417 652 3488 dicimus,
673 3417 740 3473 baec
753 3424 795 3473 est
809 3432 866 3472 mea
881 3424 909 3472 et
924 3417 1003 3473 huius
1019 3417 1110 3474 lratris

151 3505 203 3560 mei
219 3517 346 3575 germana
362 3501 463 3574 patria:
486 3501 530 3557 hle
550 3503 621 3556 enim
636 3502 689 3556 ortl
705 3502 789 3574 stirpe
803 3501 986 3575 antiquissima
1003 3518 1110 3570 sumus3

151 3586 296 3654 dissaert,
311 3583 356 3638 bio
371 3599 466 3655 genus,
482 3585 524 3640 hie
539 3586 668 3640 maiorum
684 3582 768 3641 multa
784 3585 908 3657 uestigia.
939 3585 1001 3657 quid
1017 3585 1111 3658 plural

151 3668 220 3723 bane
242 3664 318 3721 uides
341 3666 444 3730 uillam,
468 3676 500 3723 ut
522 3685 593 3725 nune
615 3667 722 3741 quidem
745 3676 803 3741 est,
824 3667 925 3724 lautius
948 3667 1111 3724 aedificatam

151 3751 235 3824 patrls
251 3752 338 3805 nostrl
354 3750 456 3822 studio,
472 3753 518 3824 qul
532 3768 593 3807 eum
609 3759 682 3807 esset
696 3751 799 3808 infirma
815 3750 981 3824 ualetudine,
997 3753 1040 3808 bio
1054 3752 1111 3809 lere

152 3846 353 3854 ——-.—.

226 3875 246 3945 ¹)
260 3880 320 3928 hanc
335 3880 395 3929 add.
410 3879 461 3928 AB
475 3880 566 3931 dire'tne
580 3884 652 3931 tunc?
