<?xml version="1.0" encoding="UTF-8"?>
<!DOCTYPE html PUBLIC "-//W3C//DTD XHTML 1.0 Transitional//EN"
    "http://www.w3.org/TR/xhtml1/DTD/xhtml1-transitional.dtd">
<html xmlns="http://www.w3.org/1999/xhtml" xml:lang="en" lang="en">
 <head>
  <title>
</title>
<meta http-equiv="Content-Type" content="text/html;charset=utf-8" />
  <meta name='ocr-system' content='tesseract 3.04.00' />
  <meta name='ocr-capabilities' content='ocr_page ocr_carea ocr_par ocr_line ocrx_word'/>
</head>
<body>
  <div class='ocr_page' id='page_1' title='image "./iurisprvdentiae00huscgoog_0269.png"; bbox 0 0 2378 4386; ppageno 0'>
   <div class='ocr_carea' id='block_1_1' title="bbox 158 557 816 625">
    <p class='ocr_par' dir='ltr' id='par_1_1' title="bbox 158 557 816 625">
     <span class='ocr_line' id='line_1_1' title="bbox 158 557 816 625; baseline -0.011 -10"><span class='ocrx_word' id='word_1_1' title='bbox 158 559 223 625; x_wconf 80' lang='grc'><strong>234</strong></span> <span class='ocrx_word' id='word_1_2' title='bbox 460 577 519 612; x_wconf 78' lang='lat' dir='ltr'><strong>carr</strong></span> <span class='ocrx_word' id='word_1_3' title='bbox 536 575 637 611; x_wconf 77' lang='lat' dir='ltr'><strong>rusam.</strong></span> <span class='ocrx_word' id='word_1_4' title='bbox 655 557 691 616; x_wconf 85' lang='grc' dir='ltr'><strong>Π.</strong></span> <span class='ocrx_word' id='word_1_5' title='bbox 708 561 816 611; x_wconf 80' lang='grc'><strong>60-61.</strong></span> 
     </span>
    </p>
   </div>
   <div class='ocr_carea' id='block_1_2' title="bbox 158 713 1187 2058">
    <p class='ocr_par' dir='ltr' id='par_1_2' title="bbox 158 713 1187 2058">
     <span class='ocr_line' id='line_1_2' title="bbox 159 713 1122 790; baseline -0.002 -15"><span class='ocrx_word' id='word_1_6' title='bbox 159 718 271 776; x_wconf 78' lang='lat' dir='ltr'><strong>alienam</strong></span> <span class='ocrx_word' id='word_1_7' title='bbox 287 718 426 790; x_wconf 82' lang='lat' dir='ltr'><strong>usucsplt:</strong></span> <span class='ocrx_word' id='word_1_8' title='bbox 449 732 508 771; x_wconf 91' lang='lat' dir='ltr'><strong>nam</strong></span> <span class='ocrx_word' id='word_1_9' title='bbox 525 716 571 788; x_wconf 88' lang='lat' dir='ltr'><strong>qui</strong></span> <span class='ocrx_word' id='word_1_10' title='bbox 587 731 644 771; x_wconf 89' lang='lat' dir='ltr'><strong>rem</strong></span> <span class='ocrx_word' id='word_1_11' title='bbox 660 715 739 771; x_wconf 86' lang='lat' dir='ltr'><strong>alicui</strong></span> <span class='ocrx_word' id='word_1_12' title='bbox 761 713 874 771; x_wconf 84' lang='lat' dir='ltr'><strong>fiduciae</strong></span> <span class='ocrx_word' id='word_1_13' title='bbox 895 732 975 771; x_wconf 86' lang='lat' dir='ltr'><strong>causa</strong></span> <span class='ocrx_word' id='word_1_14' title='bbox 990 718 1122 790; x_wconf 87' lang='lat' dir='ltr'><strong>mancipio</strong></span> 
     </span>
     <span class='ocr_line' id='line_1_3' title="bbox 159 798 1123 874; baseline 0 -17"><span class='ocrx_word' id='word_1_15' title='bbox 159 800 264 857; x_wconf 76' lang='lat' dir='ltr'>dederit</span> <span class='ocrx_word' id='word_1_16' title='bbox 279 800 323 857; x_wconf 89' lang='lat' dir='ltr'><strong>uel</strong></span> <span class='ocrx_word' id='word_1_17' title='bbox 339 802 365 856; x_wconf 86' lang='lat' dir='ltr'><strong>in</strong></span> <span class='ocrx_word' id='word_1_18' title='bbox 381 802 440 855; x_wconf 87' lang='lat' dir='ltr'><strong>iure</strong></span> <span class='ocrx_word' id='word_1_19' title='bbox 456 800 579 871; x_wconf 86' lang='lat' dir='ltr'><strong>cesserit,</strong></span> <span class='ocrx_word' id='word_1_20' title='bbox 596 801 618 854; x_wconf 89' lang='lat' dir='ltr'><strong>sl</strong></span> <span class='ocrx_word' id='word_1_21' title='bbox 634 798 746 855; x_wconf 88' lang='lat' dir='ltr'><strong>eandem</strong></span> <span class='ocrx_word' id='word_1_22' title='bbox 761 800 820 872; x_wconf 88' lang='lat' dir='ltr'><strong>ipse</strong></span> <span class='ocrx_word' id='word_1_23' title='bbox 841 799 1009 873; x_wconf 82' lang='lat' dir='ltr'><strong>possederit,</strong></span> <span class='ocrx_word' id='word_1_24' title='bbox 1031 810 1123 874; x_wconf 89' lang='lat' dir='ltr'><strong>potest</strong></span> 
     </span>
     <span class='ocr_line' id='line_1_4' title="bbox 159 876 1123 959; baseline 0.002 -19"><span class='ocrx_word' id='word_1_25' title='bbox 159 899 308 958; x_wconf 80' lang='lat' dir='ltr'><strong>usucapere</strong></span> <span class='ocrx_word' id='word_1_26' title='bbox 323 900 394 940; x_wconf 83' lang='lat' dir='ltr'><strong>anno</strong></span> <span class='ocrx_word' id='word_1_27' title='bbox 410 882 525 952; x_wconf 85' lang='lat' dir='ltr'><strong>scillcet,</strong></span> <span class='ocrx_word' id='word_1_28' title='bbox 542 876 652 959; x_wconf 86' lang='lat' dir='ltr'><strong>(etiarn)</strong></span> <span class='ocrx_word' id='word_1_29' title='bbox 669 882 720 939; x_wconf 91' lang='lat' dir='ltr'><strong>soli</strong></span> <span class='ocrx_word' id='word_1_30' title='bbox 735 883 759 938; x_wconf 91' lang='lat' dir='ltr'><strong>si</strong></span> <span class='ocrx_word' id='word_1_31' title='bbox 774 885 820 942; x_wconf 90' lang='lat' dir='ltr'><strong>sit.</strong></span> <span class='ocrx_word' id='word_1_32' title='bbox 854 900 923 956; x_wconf 86' lang='lat' dir='ltr'><strong>quac</strong></span> <span class='ocrx_word' id='word_1_33' title='bbox 938 886 1043 957; x_wconf 86' lang='lat' dir='ltr'><strong>species</strong></span> <span class='ocrx_word' id='word_1_34' title='bbox 1060 902 1123 942; x_wconf 89' lang='lat' dir='ltr'><strong>usu·</strong></span> 
     </span>
     <span class='ocr_line' id='line_1_5' title="bbox 159 967 1187 1043; baseline -0.006 -18"><span class='ocrx_word' id='word_1_35' title='bbox 159 969 279 1043; x_wconf 83' lang='lat' dir='ltr'><strong>capionis</strong></span> <span class='ocrx_word' id='word_1_36' title='bbox 300 967 400 1024; x_wconf 89' lang='lat' dir='ltr'><strong>dicitur</strong></span> <span class='ocrx_word' id='word_1_37' title='bbox 415 969 601 1043; x_wconf 86' lang='lat' dir='ltr'><strong>usureccptio‚</strong></span> <span class='ocrx_word' id='word_1_38' title='bbox 624 969 686 1042; x_wconf 87' lang='lat' dir='ltr'><strong>quia</strong></span> <span class='ocrx_word' id='word_1_39' title='bbox 707 968 744 1037; x_wconf 80' lang='lat' dir='ltr'><strong>id,</strong></span> <span class='ocrx_word' id='word_1_40' title='bbox 769 968 841 1041; x_wconf 88' lang='lat' dir='ltr'><strong>quod</strong></span> <span class='ocrx_word' id='word_1_41' title='bbox 863 969 1007 1041; x_wconf 85' lang='lat' dir='ltr'><strong>aliquando</strong></span> <span class='ocrx_word' id='word_1_42' title='bbox 1031 968 1120 1026; x_wconf 87' lang='lat' dir='ltr'><strong>habui·</strong></span> <span class='ocrx_word' id='word_1_43' title='bbox 1136 980 1187 1031; x_wconf 79' lang='lat' dir='ltr'><strong>[¹⁵9l</strong></span> 
     </span>
     <span class='ocr_line' id='line_1_6' title="bbox 158 1048 1122 1128; baseline 0.003 -20"><span class='ocrx_word' id='word_1_44' title='bbox 158 1069 229 1124; x_wconf 87' lang='lat' dir='ltr'><strong>mus,</strong></span> <span class='ocrx_word' id='word_1_45' title='bbox 252 1053 398 1127; x_wconf 76' lang='lat' dir='ltr'><strong>recipimus</strong></span> <span class='ocrx_word' id='word_1_46' title='bbox 421 1069 470 1128; x_wconf 86' lang='lat' dir='ltr'><strong>per</strong></span> <span class='ocrx_word' id='word_1_47' title='bbox 486 1054 691 1127; x_wconf 75' lang='lat' dir='ltr'><strong>usucapionem.</strong></span> <span class='ocrx_word' id='word_1_48' title='bbox 728 1048 779 1110; x_wconf 82' lang='grc'><strong>60.</strong></span> <span class='ocrx_word' id='word_1_49' title='bbox 793 1052 846 1108; x_wconf 87' lang='lat' dir='ltr'><strong>Sed</strong></span> <span class='ocrx_word' id='word_1_50' title='bbox 862 1069 922 1110; x_wconf 91' lang='lat' dir='ltr'><strong>cum</strong></span> <span class='ocrx_word' id='word_1_51' title='bbox 939 1051 1034 1109; x_wconf 86' lang='lat' dir='ltr'><strong>fiducia</strong></span> <span class='ocrx_word' id='word_1_52' title='bbox 1049 1054 1122 1111; x_wconf 88' lang='lat' dir='ltr'><strong>&#39;con-</strong></span> 
     </span>
     <span class='ocr_line' id='line_1_7' title="bbox 160 1131 1123 1212; baseline 0.004 -20"><span class='ocrx_word' id='word_1_53' title='bbox 160 1131 305 1193; x_wconf 85' lang='lat' dir='ltr'><strong>trahatur¹</strong></span> <span class='ocrx_word' id='word_1_54' title='bbox 329 1144 376 1195; x_wconf 90' lang='lat' dir='ltr'><strong>aut</strong></span> <span class='ocrx_word' id='word_1_55' title='bbox 397 1153 458 1194; x_wconf 89' lang='lat' dir='ltr'><strong>cum</strong></span> <span class='ocrx_word' id='word_1_56' title='bbox 481 1138 616 1194; x_wconf 78' lang='lat' dir='ltr'><strong>creditore</strong></span> <span class='ocrx_word' id='word_1_57' title='bbox 639 1139 762 1212; x_wconf 74' lang='lat' dir='ltr'><strong>pignoris</strong></span> <span class='ocrx_word' id='word_1_58' title='bbox 784 1139 854 1209; x_wconf 89' lang='lat' dir='ltr'><strong>iure,</strong></span> <span class='ocrx_word' id='word_1_59' title='bbox 877 1145 924 1193; x_wconf 89' lang='lat' dir='ltr'><strong>aut</strong></span> <span class='ocrx_word' id='word_1_60' title='bbox 943 1155 1004 1195; x_wconf 92' lang='lat' dir='ltr'><strong>cum</strong></span> <span class='ocrx_word' id='word_1_61' title='bbox 1026 1140 1123 1209; x_wconf 85' lang='lat' dir='ltr'><strong>amico,</strong></span> 
     </span>
     <span class='ocr_line' id='line_1_8' title="bbox 159 1214 1122 1296; baseline 0.004 -19"><span class='ocrx_word' id='word_1_62' title='bbox 159 1214 228 1294; x_wconf 78' lang='lat' dir='ltr'><strong>quo²</strong></span> <span class='ocrx_word' id='word_1_63' title='bbox 244 1222 329 1279; x_wconf 89' lang='lat' dir='ltr'><strong>tutius</strong></span> <span class='ocrx_word' id='word_1_64' title='bbox 345 1231 460 1280; x_wconf 87' lang='lat' dir='ltr'><strong>nostrae</strong></span> <span class='ocrx_word' id='word_1_65' title='bbox 481 1239 525 1279; x_wconf 89' lang='lat' dir='ltr'><strong>res</strong></span> <span class='ocrx_word' id='word_1_66' title='bbox 546 1225 619 1296; x_wconf 82' lang='lat' dir='ltr'><strong>apud</strong></span> <span class='ocrx_word' id='word_1_67' title='bbox 633 1238 695 1279; x_wconf 92' lang='lat' dir='ltr'><strong>eum</strong></span> <span class='ocrx_word' id='word_1_68' title='bbox 710 1226 776 1293; x_wconf 86' lang='lat' dir='ltr'><strong>siut,</strong></span> <span class='ocrx_word' id='word_1_69' title='bbox 798 1222 946 1295; x_wconf 87' lang='lat' dir='ltr'><strong>siquidem</strong></span> <span class='ocrx_word' id='word_1_70' title='bbox 962 1239 1022 1278; x_wconf 90' lang='lat' dir='ltr'><strong>cum</strong></span> <span class='ocrx_word' id='word_1_71' title='bbox 1037 1226 1122 1281; x_wconf 85' lang='lat' dir='ltr'><strong>amico</strong></span> 
     </span>
     <span class='ocr_line' id='line_1_9' title="bbox 158 1302 1124 1381; baseline 0.002 -19"><span class='ocrx_word' id='word_1_72' title='bbox 158 1314 297 1363; x_wconf 82' lang='lat' dir='ltr'><strong>contracta</strong></span> <span class='ocrx_word' id='word_1_73' title='bbox 316 1309 352 1364; x_wconf 89' lang='lat' dir='ltr'><strong>sit</strong></span> <span class='ocrx_word' id='word_1_74' title='bbox 367 1305 479 1379; x_wconf 83' lang='lat' dir='ltr'><strong>fiducia,</strong></span> <span class='ocrx_word' id='word_1_75' title='bbox 498 1324 563 1363; x_wconf 83' lang='lat' dir='ltr'><strong>sanc</strong></span> <span class='ocrx_word' id='word_1_76' title='bbox 579 1305 734 1365; x_wconf 86' lang='lat' dir='ltr'><strong>omnimodo</strong></span> <span class='ocrx_word' id='word_1_77' title='bbox 749 1309 872 1380; x_wconf 88' lang='lat' dir='ltr'><strong>conpetit</strong></span> <span class='ocrx_word' id='word_1_78' title='bbox 888 1306 1085 1381; x_wconf 88' lang='lat' dir='ltr'><strong>&#39;ususreceptio</strong></span> <span class='ocrx_word' id='word_1_79' title='bbox 1095 1302 1124 1376; x_wconf 80' lang='lat'><strong>3³</strong></span> 
     </span>
     <span class='ocr_line' id='line_1_10' title="bbox 158 1391 1123 1466; baseline 0.002 -19"><span class='ocrx_word' id='word_1_80' title='bbox 158 1392 182 1447; x_wconf 86' lang='lat' dir='ltr'><strong>si</strong></span> <span class='ocrx_word' id='word_1_81' title='bbox 197 1407 263 1448; x_wconf 89' lang='lat' dir='ltr'><strong>uero</strong></span> <span class='ocrx_word' id='word_1_82' title='bbox 279 1409 340 1449; x_wconf 92' lang='lat' dir='ltr'><strong>cum</strong></span> <span class='ocrx_word' id='word_1_83' title='bbox 356 1391 502 1462; x_wconf 87' lang='lat' dir='ltr'><strong>creditore,</strong></span> <span class='ocrx_word' id='word_1_84' title='bbox 522 1392 613 1448; x_wconf 85' lang='lat' dir='ltr'><strong>soluta</strong></span> <span class='ocrx_word' id='word_1_85' title='bbox 629 1391 736 1466; x_wconf 88' lang='lat' dir='ltr'><strong>quidem</strong></span> <span class='ocrx_word' id='word_1_86' title='bbox 756 1393 869 1465; x_wconf 86' lang='lat' dir='ltr'><strong>pecunia</strong></span> <span class='ocrx_word' id='word_1_87' title='bbox 888 1391 1043 1448; x_wconf 87' lang='lat' dir='ltr'><strong>omnimodo</strong></span> <span class='ocrx_word' id='word_1_88' title='bbox 1059 1410 1123 1449; x_wconf 91' lang='lat' dir='ltr'><strong>con-</strong></span> 
     </span>
     <span class='ocr_line' id='line_1_11' title="bbox 159 1476 1123 1551; baseline 0.001 -19"><span class='ocrx_word' id='word_1_89' title='bbox 159 1478 238 1551; x_wconf 91' lang='lat' dir='ltr'><strong>petit,</strong></span> <span class='ocrx_word' id='word_1_90' title='bbox 253 1477 374 1533; x_wconf 88' lang='lat' dir='ltr'><strong>nondum</strong></span> <span class='ocrx_word' id='word_1_91' title='bbox 390 1479 456 1534; x_wconf 83' lang='lat' dir='ltr'><strong>uero</strong></span> <span class='ocrx_word' id='word_1_92' title='bbox 471 1477 562 1535; x_wconf 82' lang='lat' dir='ltr'><strong>soluta</strong></span> <span class='ocrx_word' id='word_1_93' title='bbox 578 1478 616 1533; x_wconf 85' lang='lat' dir='ltr'><strong>ita</strong></span> <span class='ocrx_word' id='word_1_94' title='bbox 631 1476 739 1534; x_wconf 92' lang='lat' dir='ltr'><strong>demum</strong></span> <span class='ocrx_word' id='word_1_95' title='bbox 755 1477 896 1551; x_wconf 86' lang='lat' dir='ltr'><strong>competit,</strong></span> <span class='ocrx_word' id='word_1_96' title='bbox 917 1479 938 1532; x_wconf 86' lang='lat' dir='ltr'><strong>si</strong></span> <span class='ocrx_word' id='word_1_97' title='bbox 954 1492 1043 1549; x_wconf 85' lang='lat' dir='ltr'><strong>neque</strong></span> <span class='ocrx_word' id='word_1_98' title='bbox 1059 1493 1123 1533; x_wconf 91' lang='lat' dir='ltr'><strong>coo·</strong></span> 
     </span>
     <span class='ocr_line' id='line_1_12' title="bbox 159 1560 1123 1635; baseline 0.001 -18"><span class='ocrx_word' id='word_1_99' title='bbox 159 1560 265 1617; x_wconf 83' lang='lat' dir='ltr'><strong>duxerit</strong></span> <span class='ocrx_word' id='word_1_100' title='bbox 281 1577 339 1618; x_wconf 86' lang='lat' dir='ltr'><strong>eam</strong></span> <span class='ocrx_word' id='word_1_101' title='bbox 355 1578 411 1618; x_wconf 90' lang='lat' dir='ltr'><strong>rem</strong></span> <span class='ocrx_word' id='word_1_102' title='bbox 427 1580 442 1619; x_wconf 84' lang='lat' dir='ltr'><strong>a</strong></span> <span class='ocrx_word' id='word_1_103' title='bbox 457 1563 592 1619; x_wconf 75' lang='lat' dir='ltr'><strong>creditore</strong></span> <span class='ocrx_word' id='word_1_104' title='bbox 602 1561 719 1632; x_wconf 86' lang='lat' dir='ltr'><strong>debitor,</strong></span> <span class='ocrx_word' id='word_1_105' title='bbox 735 1577 824 1635; x_wconf 86' lang='lat' dir='ltr'><strong>neque</strong></span> <span class='ocrx_word' id='word_1_106' title='bbox 835 1563 957 1635; x_wconf 87' lang='lat' dir='ltr'><strong>precario</strong></span> <span class='ocrx_word' id='word_1_107' title='bbox 973 1564 1123 1634; x_wconf 70' lang='lat' dir='ltr'><strong>repandit,</strong></span> 
     </span>
     <span class='ocr_line' id='line_1_13' title="bbox 160 1642 1124 1721; baseline 0.001 -20"><span class='ocrx_word' id='word_1_108' title='bbox 160 1655 190 1702; x_wconf 90' lang='lat' dir='ltr'><strong>ut</strong></span> <span class='ocrx_word' id='word_1_109' title='bbox 205 1661 263 1701; x_wconf 87' lang='lat' dir='ltr'><strong>eam</strong></span> <span class='ocrx_word' id='word_1_110' title='bbox 279 1662 336 1701; x_wconf 88' lang='lat' dir='ltr'><strong>rem</strong></span> <span class='ocrx_word' id='word_1_111' title='bbox 351 1647 492 1721; x_wconf 87' lang='lat' dir='ltr'><strong>possidere</strong></span> <span class='ocrx_word' id='word_1_112' title='bbox 507 1647 616 1710; x_wconf 86' lang='lat' dir='ltr'><strong>liceret;</strong></span> <span class='ocrx_word' id='word_1_113' title='bbox 640 1663 694 1720; x_wconf 87' lang='lat' dir='ltr'><strong>quo</strong></span> <span class='ocrx_word' id='word_1_114' title='bbox 714 1661 778 1703; x_wconf 91' lang='lat' dir='ltr'><strong>casu</strong></span> <span class='ocrx_word' id='word_1_115' title='bbox 800 1645 932 1703; x_wconf 84' lang='lat' dir='ltr'><strong>lucratiua</strong></span> <span class='ocrx_word' id='word_1_116' title='bbox 955 1642 1124 1720; x_wconf 78' lang='lat' dir='ltr'><strong>&#39;ususcapio⁴</strong></span> 
     </span>
     <span class='ocr_line' id='line_1_14' title="bbox 160 1728 1123 1805; baseline 0 -18"><span class='ocrx_word' id='word_1_117' title='bbox 160 1730 293 1804; x_wconf 86' lang='lat' dir='ltr'><strong>conpetit.</strong></span> <span class='ocrx_word' id='word_1_118' title='bbox 331 1728 378 1788; x_wconf 82' lang='lat' dir='ltr'><strong>al.</strong></span> <span class='ocrx_word' id='word_1_119' title='bbox 394 1731 459 1787; x_wconf 91' lang='lat' dir='ltr'><strong>ltem</strong></span> <span class='ocrx_word' id='word_1_120' title='bbox 482 1733 506 1787; x_wconf 90' lang='lat' dir='ltr'><strong>si</strong></span> <span class='ocrx_word' id='word_1_121' title='bbox 521 1747 578 1786; x_wconf 89' lang='lat' dir='ltr'><strong>rem</strong></span> <span class='ocrx_word' id='word_1_122' title='bbox 595 1729 738 1804; x_wconf 78' lang='lat' dir='ltr'><strong>obligatam</strong></span> <span class='ocrx_word' id='word_1_123' title='bbox 754 1730 806 1786; x_wconf 87' lang='lat' dir='ltr'><strong>sihi</strong></span> <span class='ocrx_word' id='word_1_124' title='bbox 826 1731 945 1805; x_wconf 91' lang='lat' dir='ltr'><strong>populus</strong></span> <span class='ocrx_word' id='word_1_125' title='bbox 961 1730 1123 1795; x_wconf 77' lang='lat' dir='ltr'><strong>pendiderit,</strong></span> 
     </span>
     <span class='ocr_line' id='line_1_15' title="bbox 159 1807 1123 1890; baseline -0.001 -19"><span class='ocrx_word' id='word_1_126' title='bbox 159 1829 273 1888; x_wconf 82' lang='lat' dir='ltr'><strong>eamque</strong></span> <span class='ocrx_word' id='word_1_127' title='bbox 289 1815 413 1872; x_wconf 87' lang='lat' dir='ltr'><strong>dominus</strong></span> <span class='ocrx_word' id='word_1_128' title='bbox 430 1814 591 1890; x_wconf 86' lang='lat' dir='ltr'><strong>possiderit,</strong></span> <span class='ocrx_word' id='word_1_129' title='bbox 615 1831 744 1872; x_wconf 85' lang='lat' dir='ltr'><strong>concessa</strong></span> <span class='ocrx_word' id='word_1_130' title='bbox 767 1823 809 1871; x_wconf 86' lang='lat' dir='ltr'><strong>est</strong></span> <span class='ocrx_word' id='word_1_131' title='bbox 828 1807 1061 1889; x_wconf 80' lang='lat' dir='ltr'><strong>’ususreceptio:³</strong></span> <span class='ocrx_word' id='word_1_132' title='bbox 1076 1816 1123 1872; x_wconf 81' lang='lat' dir='ltr'><strong>sed</strong></span> 
     </span>
     <span class='ocr_line' id='line_1_16' title="bbox 159 1899 1125 1974; baseline -0.002 -18"><span class='ocrx_word' id='word_1_133' title='bbox 159 1900 210 1956; x_wconf 86' lang='lat' dir='ltr'><strong>hoc</strong></span> <span class='ocrx_word' id='word_1_134' title='bbox 231 1915 295 1956; x_wconf 88' lang='lat' dir='ltr'><strong>casu</strong></span> <span class='ocrx_word' id='word_1_135' title='bbox 316 1899 456 1973; x_wconf 87' lang='lat' dir='ltr'><strong>praedium</strong></span> <span class='ocrx_word' id='word_1_136' title='bbox 478 1900 586 1955; x_wconf 83' lang='lat' dir='ltr'><strong>biennio</strong></span> <span class='ocrx_word' id='word_1_137' title='bbox 615 1900 812 1971; x_wconf 87' lang='lat' dir='ltr'><strong>usurccipitur:</strong></span> <span class='ocrx_word' id='word_1_138' title='bbox 840 1908 867 1956; x_wconf 91' lang='lat' dir='ltr'><strong>et</strong></span> <span class='ocrx_word' id='word_1_139' title='bbox 887 1900 941 1956; x_wconf 88' lang='lat' dir='ltr'><strong>boc</strong></span> <span class='ocrx_word' id='word_1_140' title='bbox 966 1909 1023 1971; x_wconf 82' lang='lat' dir='ltr'><strong>est,</strong></span> <span class='ocrx_word' id='word_1_141' title='bbox 1051 1899 1125 1974; x_wconf 88' lang='lat' dir='ltr'><strong>quod</strong></span> 
     </span>
     <span class='ocr_line' id='line_1_17' title="bbox 159 1981 1125 2058; baseline 0 -19"><span class='ocrx_word' id='word_1_142' title='bbox 159 1981 243 2058; x_wconf 79' lang='lat' dir='ltr'><strong>uolgo</strong></span> <span class='ocrx_word' id='word_1_143' title='bbox 270 1984 383 2053; x_wconf 83' lang='lat' dir='ltr'><strong>dicitur,</strong></span> <span class='ocrx_word' id='word_1_144' title='bbox 411 2001 442 2040; x_wconf 83' lang='lat' dir='ltr'><strong>ex</strong></span> <span class='ocrx_word' id='word_1_145' title='bbox 458 1982 629 2057; x_wconf 83' lang='lat' dir='ltr'><strong>praediatura</strong></span> <span class='ocrx_word' id='word_1_146' title='bbox 655 1984 857 2057; x_wconf 84' lang='lat' dir='ltr'><strong>possessionem</strong></span> <span class='ocrx_word' id='word_1_147' title='bbox 884 1987 1036 2057; x_wconf 85' lang='lat' dir='ltr'><strong>usurecipi:</strong></span> <span class='ocrx_word' id='word_1_148' title='bbox 1065 2001 1125 2039; x_wconf 88' lang='lat' dir='ltr'><strong>nam</strong></span> 
     </span>
    </p>
   </div>
   <div class='ocr_carea' id='block_1_3' title="bbox 159 2066 992 2214">
    <p class='ocr_par' dir='ltr' id='par_1_3' title="bbox 159 2066 992 2214">
     <span class='ocr_line' id='line_1_18' title="bbox 159 2066 867 2142; baseline 0.004 -19"><span class='ocrx_word' id='word_1_149' title='bbox 159 2069 205 2141; x_wconf 89' lang='lat' dir='ltr'><strong>qui</strong></span> <span class='ocrx_word' id='word_1_150' title='bbox 221 2076 356 2125; x_wconf 85' lang='lat' dir='ltr'><strong>mercatur</strong></span> <span class='ocrx_word' id='word_1_151' title='bbox 371 2084 385 2123; x_wconf 91' lang='lat' dir='ltr'><strong>a</strong></span> <span class='ocrx_word' id='word_1_152' title='bbox 402 2066 520 2141; x_wconf 88' lang='lat' dir='ltr'><strong>populo,</strong></span> <span class='ocrx_word' id='word_1_153' title='bbox 535 2066 691 2141; x_wconf 85' lang='lat' dir='ltr'><strong>praediator</strong></span> <span class='ocrx_word' id='word_1_154' title='bbox 706 2069 867 2142; x_wconf 89' lang='lat' dir='ltr'><strong>appellatur.</strong></span> 
     </span>
     <span class='ocr_line' id='line_1_19' title="bbox 228 2143 992 2214; baseline 0 -16"><span class='ocrx_word' id='word_1_155' title='bbox 228 2144 293 2213; x_wconf 60' lang='grc' dir='ltr'><strong>ι[ἕξ.</strong></span> <span class='ocrx_word' id='word_1_156' title='bbox 312 2150 431 2199; x_wconf 64' lang='lat' dir='ltr'><strong>tta-6⁴.</strong></span> <span class='ocrx_word' id='word_1_157' title='bbox 451 2143 525 2198; x_wconf 84' lang='lat' dir='ltr'><strong>infra</strong></span> <span class='ocrx_word' id='word_1_158' title='bbox 542 2160 593 2199; x_wconf 87' lang='lat' dir='ltr'><strong>suo</strong></span> <span class='ocrx_word' id='word_1_159' title='bbox 612 2144 674 2199; x_wconf 91' lang='lat' dir='ltr'><strong>loco</strong></span> <span class='ocrx_word' id='word_1_160' title='bbox 693 2160 798 2212; x_wconf 80' lang='lat' dir='ltr'><strong>quaere</strong></span> <span class='ocrx_word' id='word_1_161' title='bbox 816 2149 880 2214; x_wconf 83' lang='lat' dir='ltr'><strong>post</strong></span> <span class='ocrx_word' id='word_1_162' title='bbox 897 2150 922 2210; x_wconf 68' lang='grc' dir='ltr'><strong>ξ,</strong></span> <span class='ocrx_word' id='word_1_163' title='bbox 940 2145 992 2212; x_wconf 73' lang='lat' dir='ltr'><strong>aa]</strong></span> 
     </span>
    </p>
   </div>
   <div class='ocr_carea' id='block_1_4' title="bbox 159 2250 370 2259">
    <p class='ocr_par' dir='ltr' id='par_1_4' title="bbox 159 2250 370 2259">
     <span class='ocr_line' id='line_1_20' title="bbox 159 2250 370 2259; baseline 0 0"><span class='ocrx_word' id='word_1_164' title='bbox 159 2250 370 2259; x_wconf 83' lang='lat'>———-—-</span> 
     </span>
    </p>
   </div>
   <div class='ocr_carea' id='block_1_5' title="bbox 71 2301 1131 3788">
    <p class='ocr_par' dir='ltr' id='par_1_5' title="bbox 71 2301 1131 3788">
     <span class='ocr_line' id='line_1_21' title="bbox 234 2301 1126 2372; baseline 0.002 -20"><span class='ocrx_word' id='word_1_165' title='bbox 234 2301 253 2370; x_wconf 86' lang='lat'><strong>¹)</strong></span> <span class='ocrx_word' id='word_1_166' title='bbox 276 2304 424 2353; x_wconf 87' lang='lat' dir='ltr'><strong>contrahitur</strong></span> <span class='ocrx_word' id='word_1_167' title='bbox 444 2304 470 2354; x_wconf 82' lang='lat'><strong>0.</strong></span> <span class='ocrx_word' id='word_1_168' title='bbox 489 2305 529 2353; x_wconf 87' lang='lat' dir='ltr'><strong>ed.</strong></span> <span class='ocrx_word' id='word_1_169' title='bbox 548 2304 597 2372; x_wconf 74' lang='lat' dir='ltr'><strong>Bp.</strong></span> <span class='ocrx_word' id='word_1_170' title='bbox 615 2313 641 2357; x_wconf 86' lang='lat' dir='ltr'><strong>et</strong></span> <span class='ocrx_word' id='word_1_171' title='bbox 663 2306 712 2355; x_wconf 87' lang='lat' dir='ltr'><strong>Kr.</strong></span> <span class='ocrx_word' id='word_1_172' title='bbox 732 2317 753 2365; x_wconf 78' lang='lat' dir='ltr'><strong>a,</strong></span> <span class='ocrx_word' id='word_1_173' title='bbox 773 2322 838 2370; x_wconf 82' lang='lat' dir='ltr'><strong>quae</strong></span> <span class='ocrx_word' id='word_1_174' title='bbox 858 2308 933 2356; x_wconf 87' lang='lat' dir='ltr'><strong>initia</strong></span> <span class='ocrx_word' id='word_1_175' title='bbox 951 2307 1044 2357; x_wconf 88' lang='lat' dir='ltr'><strong>omittit</strong></span> <span class='ocrx_word' id='word_1_176' title='bbox 1062 2321 1126 2367; x_wconf 88' lang='lat' dir='ltr'><strong>eum,</strong></span> 
     </span>
     <span class='ocr_line' id='line_1_22' title="bbox 155 2372 1127 2442; baseline 0 -16"><span class='ocrx_word' id='word_1_177' title='bbox 155 2383 248 2440; x_wconf 72' lang='lat' dir='ltr'><strong>postea</strong></span> <span class='ocrx_word' id='word_1_178' title='bbox 263 2382 324 2424; x_wconf 88' lang='lat' dir='ltr'><strong>ante</strong></span> <span class='ocrx_word' id='word_1_179' title='bbox 338 2376 360 2424; x_wconf 89' lang='lat' dir='ltr'><strong>si</strong></span> <span class='ocrx_word' id='word_1_180' title='bbox 374 2375 470 2440; x_wconf 87' lang='lat' dir='ltr'><strong>quidem</strong></span> <span class='ocrx_word' id='word_1_181' title='bbox 484 2377 596 2426; x_wconf 81' lang='lat' dir='ltr'><strong>intrudit</strong></span> <span class='ocrx_word' id='word_1_182' title='bbox 611 2385 736 2428; x_wconf 77' lang='lat' dir='ltr'><strong>utcontra</strong></span> <span class='ocrx_word' id='word_1_183' title='bbox 749 2377 774 2426; x_wconf 75' lang='lat'><strong>0.</strong></span> <span class='ocrx_word' id='word_1_184' title='bbox 785 2385 810 2427; x_wconf 89' lang='lat' dir='ltr'><strong>et</strong></span> <span class='ocrx_word' id='word_1_185' title='bbox 825 2377 886 2426; x_wconf 83' lang='lat' dir='ltr'><strong>Gaii</strong></span> <span class='ocrx_word' id='word_1_186' title='bbox 894 2380 995 2442; x_wconf 71' lang='lat' dir='ltr'><strong>stylum.</strong></span> <span class='ocrx_word' id='word_1_187' title='bbox 1034 2372 1055 2441; x_wconf 82' lang='lat'><strong>¹)</strong></span> <span class='ocrx_word' id='word_1_188' title='bbox 1071 2377 1127 2426; x_wconf 85' lang='lat' dir='ltr'><strong>Iam</strong></span> 
     </span>
     <span class='ocr_line' id='line_1_23' title="bbox 159 2448 1127 2513; baseline 0.002 -18"><span class='ocrx_word' id='word_1_189' title='bbox 159 2449 186 2496; x_wconf 85' lang='lat' dir='ltr'><strong>in</strong></span> <span class='ocrx_word' id='word_1_190' title='bbox 202 2448 260 2510; x_wconf 84' lang='lat' dir='ltr'><strong>ipsa</strong></span> <span class='ocrx_word' id='word_1_191' title='bbox 275 2448 395 2497; x_wconf 86' lang='lat' dir='ltr'><strong>oratione</strong></span> <span class='ocrx_word' id='word_1_192' title='bbox 405 2449 484 2511; x_wconf 84' lang='lat' dir='ltr'><strong>posui</strong></span> <span class='ocrx_word' id='word_1_193' title='bbox 493 2462 539 2512; x_wconf 90' lang='lat' dir='ltr'><strong>quo</strong></span> <span class='ocrx_word' id='word_1_194' title='bbox 550 2463 602 2512; x_wconf 81' lang='lat' dir='ltr'><strong>pro</strong></span> <span class='ocrx_word' id='word_1_195' title='bbox 617 2448 681 2513; x_wconf 89' lang='lat' dir='ltr'><strong>quod</strong></span> <span class='ocrx_word' id='word_1_196' title='bbox 693 2449 718 2498; x_wconf 84' lang='lat' dir='ltr'><strong>C.</strong></span> <span class='ocrx_word' id='word_1_197' title='bbox 738 2455 763 2498; x_wconf 88' lang='lat' dir='ltr'><strong>et</strong></span> <span class='ocrx_word' id='word_1_198' title='bbox 773 2455 865 2513; x_wconf 82' lang='lat' dir='ltr'><strong>postea</strong></span> <span class='ocrx_word' id='word_1_199' title='bbox 877 2449 926 2498; x_wconf 89' lang='lat' dir='ltr'><strong>sint</strong></span> <span class='ocrx_word' id='word_1_200' title='bbox 936 2456 1079 2512; x_wconf 81' lang='lat' dir='ltr'><strong>preessent</strong></span> <span class='ocrx_word' id='word_1_201' title='bbox 1095 2448 1127 2504; x_wconf 80' lang='lat' dir='ltr'><strong>C;</strong></span> 
     </span>
     <span class='ocr_line' id='line_1_24' title="bbox 159 2518 1128 2586; baseline -0.001 -19"><span class='ocrx_word' id='word_1_202' title='bbox 159 2534 217 2568; x_wconf 87' lang='lat' dir='ltr'><strong>nam</strong></span> <span class='ocrx_word' id='word_1_203' title='bbox 231 2519 331 2583; x_wconf 75' lang='lat' dir='ltr'><strong>alioqui</strong></span> <span class='ocrx_word' id='word_1_204' title='bbox 344 2532 435 2568; x_wconf 75' lang='lat' dir='ltr'><strong>sennua</strong></span> <span class='ocrx_word' id='word_1_205' title='bbox 444 2527 510 2569; x_wconf 83' lang='lat' dir='ltr'><strong>esset</strong></span> <span class='ocrx_word' id='word_1_206' title='bbox 515 2535 524 2568; x_wconf 93' lang='lat'><strong>.·</strong></span> <span class='ocrx_word' id='word_1_207' title='bbox 538 2520 608 2586; x_wconf 87' lang='lat' dir='ltr'><strong>quod</strong></span> <span class='ocrx_word' id='word_1_208' title='bbox 616 2518 780 2584; x_wconf 83' lang='lat' dir='ltr'><strong>putabamus,</strong></span> <span class='ocrx_word' id='word_1_209' title='bbox 791 2521 877 2569; x_wconf 82' lang='lat' dir='ltr'><strong>tutius</strong></span> <span class='ocrx_word' id='word_1_210' title='bbox 886 2527 990 2569; x_wconf 85' lang='lat' dir='ltr'><strong>nostras</strong></span> <span class='ocrx_word' id='word_1_211' title='bbox 999 2534 1043 2569; x_wconf 89' lang='lat' dir='ltr'><strong>res</strong></span> <span class='ocrx_word' id='word_1_212' title='bbox 1057 2521 1128 2583; x_wconf 83' lang='lat' dir='ltr'><strong>apud</strong></span> 
     </span>
     <span class='ocr_line' id='line_1_25' title="bbox 159 2587 1127 2655; baseline -0.001 -15"><span class='ocrx_word' id='word_1_213' title='bbox 159 2605 215 2640; x_wconf 86' lang='lat' dir='ltr'><strong>eura</strong></span> <span class='ocrx_word' id='word_1_214' title='bbox 227 2591 302 2655; x_wconf 83' lang='lat' dir='ltr'><strong>sore:</strong></span> <span class='ocrx_word' id='word_1_215' title='bbox 317 2591 536 2655; x_wconf 82' lang='lat' dir='ltr'><strong>nonsatiaaptua.</strong></span> <span class='ocrx_word' id='word_1_216' title='bbox 589 2587 668 2655; x_wconf 78' lang='lat' dir='ltr'><strong>⁸)Sic</strong></span> <span class='ocrx_word' id='word_1_217' title='bbox 685 2591 710 2642; x_wconf 80' lang='lat'><strong>0.</strong></span> <span class='ocrx_word' id='word_1_218' title='bbox 726 2590 1010 2655; x_wconf 81' lang='lat' dir='ltr'><strong>usureceptioedd.1.a.</strong></span> <span class='ocrx_word' id='word_1_219' title='bbox 1050 2588 1072 2654; x_wconf 84' lang='lat'><strong>⁴)</strong></span> <span class='ocrx_word' id='word_1_220' title='bbox 1082 2590 1127 2640; x_wconf 82' lang='lat' dir='ltr'><strong>Sic</strong></span> 
     </span>
     <span class='ocr_line' id='line_1_26' title="bbox 160 2659 1127 2729; baseline -0.002 -17"><span class='ocrx_word' id='word_1_221' title='bbox 160 2661 186 2712; x_wconf 81' lang='grc'><strong>0.</strong></span> <span class='ocrx_word' id='word_1_222' title='bbox 202 2662 317 2726; x_wconf 84' lang='lat' dir='ltr'><strong>usucapio</strong></span> <span class='ocrx_word' id='word_1_223' title='bbox 336 2662 394 2711; x_wconf 83' lang='lat' dir='ltr'><strong>edd.</strong></span> <span class='ocrx_word' id='word_1_224' title='bbox 415 2675 435 2713; x_wconf 89' lang='lat'><strong>1.</strong></span> <span class='ocrx_word' id='word_1_225' title='bbox 454 2674 474 2712; x_wconf 78' lang='lat' dir='ltr'><strong>a.</strong></span> <span class='ocrx_word' id='word_1_226' title='bbox 531 2659 553 2729; x_wconf 75' lang='lat'><strong>⁸)</strong></span> <span class='ocrx_word' id='word_1_227' title='bbox 576 2662 653 2713; x_wconf 81' lang='lat' dir='ltr'><strong>Recte</strong></span> <span class='ocrx_word' id='word_1_228' title='bbox 672 2662 856 2712; x_wconf 80' lang='lat' dir='ltr'><strong>Heimbaediur</strong></span> <span class='ocrx_word' id='word_1_229' title='bbox 874 2664 978 2721; x_wconf 84' lang='lat' dir='ltr'><strong>statuit,</strong></span> <span class='ocrx_word' id='word_1_230' title='bbox 997 2661 1047 2711; x_wconf 82' lang='lat' dir='ltr'><strong>due</strong></span> <span class='ocrx_word' id='word_1_231' title='bbox 1065 2678 1127 2726; x_wconf 87' lang='lat' dir='ltr'><strong>per·</strong></span> 
     </span>
     <span class='ocr_line' id='line_1_27' title="bbox 158 2732 1130 2799; baseline -0.003 -16"><span class='ocrx_word' id='word_1_232' title='bbox 158 2735 242 2784; x_wconf 84' lang='lat' dir='ltr'><strong>tinere</strong></span> <span class='ocrx_word' id='word_1_233' title='bbox 252 2735 291 2797; x_wconf 63' lang='grc' dir='ltr'><strong>ἐξ.</strong></span> <span class='ocrx_word' id='word_1_234' title='bbox 302 2744 399 2786; x_wconf 79' lang='lat' dir='ltr'><strong>tt-ta.</strong></span> <span class='ocrx_word' id='word_1_235' title='bbox 428 2732 535 2784; x_wconf 85' lang='lat' dir='ltr'><strong>Scilicet</strong></span> <span class='ocrx_word' id='word_1_236' title='bbox 545 2751 596 2799; x_wconf 84' lang='lat' dir='ltr'><strong>per</strong></span> <span class='ocrx_word' id='word_1_237' title='bbox 610 2735 837 2798; x_wconf 74' lang='lat' dir='ltr'><strong>transpositionem</strong></span> <span class='ocrx_word' id='word_1_238' title='bbox 848 2734 964 2796; x_wconf 77' lang='lat' dir='ltr'><strong>fortasse</strong></span> <span class='ocrx_word' id='word_1_239' title='bbox 977 2734 1055 2783; x_wconf 81' lang='lat' dir='ltr'><strong>unius</strong></span> <span class='ocrx_word' id='word_1_240' title='bbox 1067 2733 1130 2795; x_wconf 75' lang='lat' dir='ltr'><strong>folii</strong></span> 
     </span>
     <span class='ocr_line' id='line_1_28' title="bbox 157 2802 1129 2871; baseline -0.006 -13"><span class='ocrx_word' id='word_1_241' title='bbox 157 2807 305 2868; x_wconf 52' lang='lat' dir='ltr'><strong>§ita-ta.</strong></span> <span class='ocrx_word' id='word_1_242' title='bbox 334 2806 491 2856; x_wconf 86' lang='lat' dir='ltr'><strong>continentis</strong></span> <span class='ocrx_word' id='word_1_243' title='bbox 510 2808 537 2855; x_wconf 89' lang='lat' dir='ltr'><strong>in</strong></span> <span class='ocrx_word' id='word_1_244' title='bbox 556 2807 705 2871; x_wconf 81' lang='lat' dir='ltr'><strong>antiquiore</strong></span> <span class='ocrx_word' id='word_1_245' title='bbox 724 2806 827 2862; x_wconf 83' lang='lat' dir='ltr'><strong>codice,</strong></span> <span class='ocrx_word' id='word_1_246' title='bbox 847 2819 882 2853; x_wconf 81' lang='lat' dir='ltr'><strong>eac</strong></span> <span class='ocrx_word' id='word_1_247' title='bbox 901 2819 949 2869; x_wconf 83' lang='lat' dir='ltr'><strong>quo</strong></span> <span class='ocrx_word' id='word_1_248' title='bbox 970 2802 1129 2854; x_wconf 81' lang='lat' dir='ltr'><strong>Veronensis</strong></span> 
     </span>
     <span class='ocr_line' id='line_1_29' title="bbox 155 2876 1128 2943; baseline -0.002 -17"><span class='ocrx_word' id='word_1_249' title='bbox 155 2877 235 2943; x_wconf 74' lang='lat' dir='ltr'><strong>fluuit</strong></span> <span class='ocrx_word' id='word_1_250' title='bbox 250 2876 326 2942; x_wconf 76' lang='lat' dir='ltr'><strong>(sotii</strong></span> <span class='ocrx_word' id='word_1_251' title='bbox 340 2883 407 2940; x_wconf 83' lang='lat' dir='ltr'><strong>puta</strong></span> <span class='ocrx_word' id='word_1_252' title='bbox 427 2892 477 2926; x_wconf 90' lang='lat' dir='ltr'><strong>non</strong></span> <span class='ocrx_word' id='word_1_253' title='bbox 498 2878 580 2926; x_wconf 80' lang='lat' dir='ltr'><strong>iustae</strong></span> <span class='ocrx_word' id='word_1_254' title='bbox 596 2878 713 2940; x_wconf 79' lang='lat' dir='ltr'><strong>formae,</strong></span> <span class='ocrx_word' id='word_1_255' title='bbox 727 2877 907 2935; x_wconf 71' lang='lat' dir='ltr'><strong>sedationem,</strong></span> <span class='ocrx_word' id='word_1_256' title='bbox 929 2877 1023 2939; x_wconf 81' lang='lat' dir='ltr'><strong>quippe</strong></span> <span class='ocrx_word' id='word_1_257' title='bbox 1038 2877 1064 2924; x_wconf 89' lang='lat' dir='ltr'><strong>in</strong></span> <span class='ocrx_word' id='word_1_258' title='bbox 1079 2890 1128 2939; x_wconf 88' lang='lat' dir='ltr'><strong>quo</strong></span> 
     </span>
     <span class='ocr_line' id='line_1_30' title="bbox 158 2945 1129 3014; baseline -0.001 -19"><span class='ocrx_word' id='word_1_259' title='bbox 158 2954 255 2996; x_wconf 88' lang='lat' dir='ltr'><strong>tantum</strong></span> <span class='ocrx_word' id='word_1_260' title='bbox 269 2961 335 3011; x_wconf 83' lang='lat' dir='ltr'><strong>qnae</strong></span> <span class='ocrx_word' id='word_1_261' title='bbox 349 2947 514 3006; x_wconf 73' lang='lat' dir='ltr'><strong>exciderant,</strong></span> <span class='ocrx_word' id='word_1_262' title='bbox 528 2954 606 2997; x_wconf 87' lang='lat' dir='ltr'><strong>erant</strong></span> <span class='ocrx_word' id='word_1_263' title='bbox 619 2945 756 3014; x_wconf 82' lang='lat' dir='ltr'><strong>suppleta),</strong></span> <span class='ocrx_word' id='word_1_264' title='bbox 768 2948 869 3010; x_wconf 83' lang='lat' dir='ltr'><strong>sactum</strong></span> <span class='ocrx_word' id='word_1_265' title='bbox 883 2953 936 3005; x_wconf 84' lang='lat' dir='ltr'><strong>est,</strong></span> <span class='ocrx_word' id='word_1_266' title='bbox 952 2953 1059 3003; x_wconf 76' lang='lat' dir='ltr'><strong>uicum,</strong></span> <span class='ocrx_word' id='word_1_267' title='bbox 1079 2960 1129 3011; x_wconf 83' lang='lat' dir='ltr'><strong>quo</strong></span> 
     </span>
     <span class='ocr_line' id='line_1_31' title="bbox 157 3016 1130 3082; baseline -0.002 -17"><span class='ocrx_word' id='word_1_268' title='bbox 157 3018 185 3065; x_wconf 88' lang='lat' dir='ltr'><strong>in</strong></span> <span class='ocrx_word' id='word_1_269' title='bbox 214 3016 309 3067; x_wconf 83' lang='lat' dir='ltr'><strong>Veron.</strong></span> <span class='ocrx_word' id='word_1_270' title='bbox 334 3018 470 3081; x_wconf 79' lang='lat' dir='ltr'><strong>lepuntur,</strong></span> <span class='ocrx_word' id='word_1_271' title='bbox 493 3020 576 3067; x_wconf 87' lang='lat' dir='ltr'><strong>locum</strong></span> <span class='ocrx_word' id='word_1_272' title='bbox 600 3017 744 3068; x_wconf 82' lang='lat' dir='ltr'><strong>obtinerent</strong></span> <span class='ocrx_word' id='word_1_273' title='bbox 767 3034 830 3068; x_wconf 86' lang='lat' dir='ltr'><strong>sane</strong></span> <span class='ocrx_word' id='word_1_274' title='bbox 854 3020 978 3082; x_wconf 84' lang='lat' dir='ltr'><strong>ineptum,</strong></span> <span class='ocrx_word' id='word_1_275' title='bbox 1003 3016 1130 3080; x_wconf 79' lang='lat' dir='ltr'><strong>quidquid</strong></span> 
     </span>
     <span class='ocr_line' id='line_1_32' title="bbox 159 3085 1128 3155; baseline -0.001 -19"><span class='ocrx_word' id='word_1_276' title='bbox 159 3085 330 3136; x_wconf 84' lang='lat' dir='ltr'><strong>Mommaenua</strong></span> <span class='ocrx_word' id='word_1_277' title='bbox 349 3088 545 3136; x_wconf 87' lang='lat' dir='ltr'><strong>commendandi</strong></span> <span class='ocrx_word' id='word_1_278' title='bbox 563 3091 603 3136; x_wconf 86' lang='lat' dir='ltr'><strong>oei</strong></span> <span class='ocrx_word' id='word_1_279' title='bbox 621 3090 768 3138; x_wconf 76' lang='lat' dir='ltr'><strong>excusandi</strong></span> <span class='ocrx_word' id='word_1_280' title='bbox 781 3092 837 3139; x_wconf 85' lang='lat' dir='ltr'><strong>eius</strong></span> <span class='ocrx_word' id='word_1_281' title='bbox 850 3090 939 3155; x_wconf 82' lang='lat' dir='ltr'><strong>pratia</strong></span> <span class='ocrx_word' id='word_1_282' title='bbox 953 3089 981 3136; x_wconf 91' lang='lat' dir='ltr'><strong>in</strong></span> <span class='ocrx_word' id='word_1_283' title='bbox 995 3088 1034 3136; x_wconf 87' lang='lat' dir='ltr'><strong>ed.</strong></span> <span class='ocrx_word' id='word_1_284' title='bbox 1051 3086 1100 3135; x_wconf 83' lang='lat' dir='ltr'><strong>Kr.</strong></span> <span class='ocrx_word' id='word_1_285' title='bbox 1116 3098 1128 3136; x_wconf 76' lang='lat' dir='ltr'><strong>u</strong></span> 
     </span>
     <span class='ocr_line' id='line_1_33' title="bbox 159 3156 1129 3226; baseline 0.001 -20"><span class='ocrx_word' id='word_1_286' title='bbox 159 3157 347 3207; x_wconf 84' lang='lat' dir='ltr'><strong>contradicat.</strong></span> <span class='ocrx_word' id='word_1_287' title='bbox 374 3156 412 3219; x_wconf 81' lang='lat' dir='ltr'><strong>Cf.</strong></span> <span class='ocrx_word' id='word_1_288' title='bbox 428 3160 466 3207; x_wconf 84' lang='lat' dir='ltr'><strong>tit.</strong></span> <span class='ocrx_word' id='word_1_289' title='bbox 482 3158 505 3207; x_wconf 90' lang='lat' dir='ltr'><strong>I.</strong></span> <span class='ocrx_word' id='word_1_290' title='bbox 520 3171 541 3220; x_wconf 80' lang='lat' dir='ltr'><strong>a,</strong></span> <span class='ocrx_word' id='word_1_291' title='bbox 556 3171 576 3210; x_wconf 78' lang='grc'><strong>8.</strong></span> <span class='ocrx_word' id='word_1_292' title='bbox 601 3161 659 3222; x_wconf 82' lang='lat' dir='ltr'><strong>qui,</strong></span> <span class='ocrx_word' id='word_1_293' title='bbox 679 3167 707 3208; x_wconf 84' lang='lat' dir='ltr'><strong>ut</strong></span> <span class='ocrx_word' id='word_1_294' title='bbox 721 3175 764 3209; x_wconf 83' lang='lat' dir='ltr'><strong>res</strong></span> <span class='ocrx_word' id='word_1_295' title='bbox 775 3160 894 3226; x_wconf 63' lang='lat' dir='ltr'><strong>linquat,</strong></span> <span class='ocrx_word' id='word_1_296' title='bbox 913 3175 1000 3210; x_wconf 85' lang='lat' dir='ltr'><strong>rerum</strong></span> <span class='ocrx_word' id='word_1_297' title='bbox 1015 3160 1129 3224; x_wconf 81' lang='lat' dir='ltr'><strong>acquici-</strong></span> 
     </span>
     <span class='ocr_line' id='line_1_34' title="bbox 160 3225 1130 3295; baseline 0.003 -19"><span class='ocrx_word' id='word_1_298' title='bbox 160 3225 273 3276; x_wconf 84' lang='lat' dir='ltr'><strong>tionibue</strong></span> <span class='ocrx_word' id='word_1_299' title='bbox 287 3226 364 3275; x_wconf 88' lang='lat' dir='ltr'><strong>etiam</strong></span> <span class='ocrx_word' id='word_1_300' title='bbox 380 3228 544 3278; x_wconf 81' lang='lat' dir='ltr'><strong>naturalibus</strong></span> <span class='ocrx_word' id='word_1_301' title='bbox 558 3228 692 3286; x_wconf 80' lang='lat' dir='ltr'><strong>absolutis,</strong></span> <span class='ocrx_word' id='word_1_302' title='bbox 706 3230 738 3279; x_wconf 86' lang='lat' dir='ltr'><strong>de</strong></span> <span class='ocrx_word' id='word_1_303' title='bbox 752 3230 807 3288; x_wconf 81' lang='lat' dir='ltr'><strong>dia,</strong></span> <span class='ocrx_word' id='word_1_304' title='bbox 827 3231 919 3295; x_wconf 82' lang='lat' dir='ltr'><strong>quidus</strong></span> <span class='ocrx_word' id='word_1_305' title='bbox 938 3233 1055 3281; x_wconf 86' lang='lat' dir='ltr'><strong>alienare</strong></span> <span class='ocrx_word' id='word_1_306' title='bbox 1070 3231 1130 3279; x_wconf 85' lang='lat' dir='ltr'><strong>iicet</strong></span> 
     </span>
     <span class='ocr_line' id='line_1_35' title="bbox 159 3298 1130 3367; baseline 0.002 -20"><span class='ocrx_word' id='word_1_307' title='bbox 159 3299 199 3347; x_wconf 87' lang='lat' dir='ltr'><strong>ael</strong></span> <span class='ocrx_word' id='word_1_308' title='bbox 213 3312 273 3356; x_wconf 87' lang='lat' dir='ltr'><strong>non,</strong></span> <span class='ocrx_word' id='word_1_309' title='bbox 288 3298 362 3346; x_wconf 88' lang='lat' dir='ltr'><strong>nulla</strong></span> <span class='ocrx_word' id='word_1_310' title='bbox 376 3299 463 3347; x_wconf 86' lang='lat' dir='ltr'><strong>atiena</strong></span> <span class='ocrx_word' id='word_1_311' title='bbox 478 3315 507 3348; x_wconf 88' lang='lat' dir='ltr'><strong>re</strong></span> <span class='ocrx_word' id='word_1_312' title='bbox 522 3301 660 3349; x_wconf 83' lang='lat' dir='ltr'><strong>interiecta</strong></span> <span class='ocrx_word' id='word_1_313' title='bbox 675 3303 738 3366; x_wconf 76' lang='lat' dir='ltr'><strong>apii.</strong></span> <span class='ocrx_word' id='word_1_314' title='bbox 767 3300 801 3349; x_wconf 86' lang='lat' dir='ltr'><strong>Et</strong></span> <span class='ocrx_word' id='word_1_315' title='bbox 823 3308 850 3351; x_wconf 88' lang='lat' dir='ltr'><strong>ut</strong></span> <span class='ocrx_word' id='word_1_316' title='bbox 869 3305 944 3367; x_wconf 75' lang='lat' dir='ltr'><strong>tonpe</strong></span> <span class='ocrx_word' id='word_1_317' title='bbox 958 3304 1046 3366; x_wconf 82' lang='lat' dir='ltr'><strong>aptiae</strong></span> <span class='ocrx_word' id='word_1_318' title='bbox 1065 3316 1130 3366; x_wconf 87' lang='lat' dir='ltr'><strong>quae</strong></span> 
     </span>
     <span class='ocr_line' id='line_1_36' title="bbox 158 3369 1131 3437; baseline 0.002 -18"><span class='ocrx_word' id='word_1_319' title='bbox 158 3370 198 3430; x_wconf 62' lang='grc' dir='ltr'><strong>ἐξ,</strong></span> <span class='ocrx_word' id='word_1_320' title='bbox 213 3380 240 3419; x_wconf 78' lang='lat'><strong>80</strong></span> <span class='ocrx_word' id='word_1_321' title='bbox 253 3383 305 3432; x_wconf 84' lang='lat' dir='ltr'><strong>seq.</strong></span> <span class='ocrx_word' id='word_1_322' title='bbox 327 3369 446 3432; x_wconf 80' lang='lat' dir='ltr'><strong>iepirnue,</strong></span> <span class='ocrx_word' id='word_1_323' title='bbox 466 3372 523 3431; x_wconf 73' lang='lat' dir='ltr'><strong>§um</strong></span> <span class='ocrx_word' id='word_1_324' title='bbox 541 3381 576 3421; x_wconf 77' lang='lat' dir='ltr'><strong>ct.</strong></span> <span class='ocrx_word' id='word_1_325' title='bbox 595 3387 671 3435; x_wconf 84' lang='lat' dir='ltr'><strong>quam</strong></span> <span class='ocrx_word' id='word_1_326' title='bbox 687 3373 744 3435; x_wconf 75' lang='lat' dir='ltr'><strong>§um</strong></span> <span class='ocrx_word' id='word_1_327' title='bbox 762 3384 796 3423; x_wconf 76' lang='lat' dir='ltr'><strong>aa.</strong></span> <span class='ocrx_word' id='word_1_328' title='bbox 815 3381 971 3437; x_wconf 83' lang='lat' dir='ltr'><strong>sequnntur,</strong></span> <span class='ocrx_word' id='word_1_329' title='bbox 991 3375 1028 3422; x_wconf 88' lang='lat' dir='ltr'><strong>ita</strong></span> <span class='ocrx_word' id='word_1_330' title='bbox 1050 3372 1131 3421; x_wconf 82' lang='lat' dir='ltr'><strong>Gaius</strong></span> 
     </span>
     <span class='ocr_line' id='line_1_37' title="bbox 158 3440 1130 3507; baseline 0.003 -19"><span class='ocrx_word' id='word_1_331' title='bbox 158 3440 190 3501; x_wconf 79' lang='lat' dir='ltr'><strong>§o</strong></span> <span class='ocrx_word' id='word_1_332' title='bbox 206 3450 240 3490; x_wconf 75' lang='lat' dir='ltr'><strong>aa.</strong></span> <span class='ocrx_word' id='word_1_333' title='bbox 255 3454 298 3496; x_wconf 81' lang='lat' dir='ltr'><strong>eo,</strong></span> <span class='ocrx_word' id='word_1_334' title='bbox 318 3453 390 3503; x_wconf 84' lang='lat' dir='ltr'><strong>quem</strong></span> <span class='ocrx_word' id='word_1_335' title='bbox 410 3440 437 3489; x_wconf 87' lang='lat' dir='ltr'><strong>in</strong></span> <span class='ocrx_word' id='word_1_336' title='bbox 458 3440 483 3490; x_wconf 87' lang='lat' dir='ltr'><strong>C.</strong></span> <span class='ocrx_word' id='word_1_337' title='bbox 504 3440 599 3491; x_wconf 86' lang='lat' dir='ltr'><strong>Veron.</strong></span> <span class='ocrx_word' id='word_1_338' title='bbox 620 3441 716 3492; x_wconf 85' lang='lat' dir='ltr'><strong>obtinet</strong></span> <span class='ocrx_word' id='word_1_339' title='bbox 735 3446 830 3500; x_wconf 81' lang='lat' dir='ltr'><strong>locuni,</strong></span> <span class='ocrx_word' id='word_1_340' title='bbox 850 3444 939 3493; x_wconf 84' lang='lat' dir='ltr'><strong>dicere</strong></span> <span class='ocrx_word' id='word_1_341' title='bbox 959 3460 1009 3494; x_wconf 89' lang='lat' dir='ltr'><strong>non</strong></span> <span class='ocrx_word' id='word_1_342' title='bbox 1025 3451 1130 3507; x_wconf 82' lang='lat' dir='ltr'><strong>poterat</strong></span> 
     </span>
     <span class='ocr_line' id='line_1_38' title="bbox 158 3509 1131 3577; baseline 0.004 -18"><span class='ocrx_word' id='word_1_343' title='bbox 158 3525 222 3573; x_wconf 83' lang='lat' dir='ltr'><strong>quae</strong></span> <span class='ocrx_word' id='word_1_344' title='bbox 237 3509 353 3571; x_wconf 83' lang='lat' dir='ltr'><strong>dirimas,</strong></span> <span class='ocrx_word' id='word_1_345' title='bbox 367 3511 415 3559; x_wconf 80' lang='lat' dir='ltr'><strong>aed</strong></span> <span class='ocrx_word' id='word_1_346' title='bbox 429 3527 498 3562; x_wconf 81' lang='lat' dir='ltr'><strong>enare</strong></span> <span class='ocrx_word' id='word_1_347' title='bbox 511 3527 559 3562; x_wconf 88' lang='lat' dir='ltr'><strong>suo</strong></span> <span class='ocrx_word' id='word_1_348' title='bbox 573 3528 633 3576; x_wconf 85' lang='lat' dir='ltr'><strong>quae</strong></span> <span class='ocrx_word' id='word_1_349' title='bbox 648 3529 720 3577; x_wconf 88' lang='lat' dir='ltr'><strong>supra</strong></span> <span class='ocrx_word' id='word_1_350' title='bbox 736 3514 849 3574; x_wconf 85' lang='lat' dir='ltr'><strong>diximus,</strong></span> <span class='ocrx_word' id='word_1_351' title='bbox 863 3515 951 3562; x_wconf 87' lang='lat' dir='ltr'><strong>dicere</strong></span> <span class='ocrx_word' id='word_1_352' title='bbox 961 3530 1017 3563; x_wconf 88' lang='lat' dir='ltr'><strong>eam</strong></span> <span class='ocrx_word' id='word_1_353' title='bbox 1027 3522 1131 3577; x_wconf 86' lang='lat' dir='ltr'><strong>oporte-</strong></span> 
     </span>
     <span class='ocr_line' id='line_1_39' title="bbox 71 3580 1131 3647; baseline 0.003 -18"><span class='ocrx_word' id='word_1_354' title='bbox 71 3594 73 3598; x_wconf 66' lang='lat'><strong><em>‘</em></strong></span> <span class='ocrx_word' id='word_1_355' title='bbox 158 3581 212 3630; x_wconf 83' lang='lat' dir='ltr'><strong>bat.</strong></span> <span class='ocrx_word' id='word_1_356' title='bbox 227 3607 260 3617; x_wconf 94' lang='lat'>-</span> <span class='ocrx_word' id='word_1_357' title='bbox 277 3580 368 3644; x_wconf 87' lang='lat' dir='ltr'><strong>Itaque</strong></span> <span class='ocrx_word' id='word_1_358' title='bbox 383 3582 434 3631; x_wconf 87' lang='lat' dir='ltr'><strong>iam</strong></span> <span class='ocrx_word' id='word_1_359' title='bbox 448 3584 487 3645; x_wconf 59' lang='grc' dir='ltr'><strong>ἃς.</strong></span> <span class='ocrx_word' id='word_1_360' title='bbox 502 3594 599 3635; x_wconf 75' lang='lat' dir='ltr'><strong>oa-os.</strong></span> <span class='ocrx_word' id='word_1_361' title='bbox 614 3598 661 3634; x_wconf 80' lang='lat' dir='ltr'><strong>auo</strong></span> <span class='ocrx_word' id='word_1_362' title='bbox 675 3586 732 3634; x_wconf 88' lang='lat' dir='ltr'><strong>laco</strong></span> <span class='ocrx_word' id='word_1_363' title='bbox 746 3585 884 3633; x_wconf 80' lang='lat' dir='ltr'><strong>restituere</strong></span> <span class='ocrx_word' id='word_1_364' title='bbox 901 3586 1013 3647; x_wconf 82' lang='lat' dir='ltr'><strong>placuit,</strong></span> <span class='ocrx_word' id='word_1_365' title='bbox 1034 3585 1131 3634; x_wconf 85' lang='lat' dir='ltr'><strong>lectore</strong></span> 
     </span>
     <span class='ocr_line' id='line_1_40' title="bbox 158 3651 1130 3718; baseline 0 -16"><span class='ocrx_word' id='word_1_366' title='bbox 158 3659 244 3702; x_wconf 85' lang='lat' dir='ltr'><strong>tamen</strong></span> <span class='ocrx_word' id='word_1_367' title='bbox 259 3651 389 3702; x_wconf 86' lang='lat' dir='ltr'><strong>admonita</strong></span> <span class='ocrx_word' id='word_1_368' title='bbox 405 3668 451 3703; x_wconf 87' lang='lat' dir='ltr'><strong>nec</strong></span> <span class='ocrx_word' id='word_1_369' title='bbox 465 3655 569 3704; x_wconf 81' lang='lat' dir='ltr'><strong>mutatio</strong></span> <span class='ocrx_word' id='word_1_370' title='bbox 589 3656 627 3717; x_wconf 68' lang='lat'><strong>55.</strong></span> <span class='ocrx_word' id='word_1_371' title='bbox 643 3655 770 3704; x_wconf 80' lang='lat' dir='ltr'><strong>numeria:</strong></span> <span class='ocrx_word' id='word_1_372' title='bbox 788 3653 858 3717; x_wconf 85' lang='lat' dir='ltr'><strong>quod</strong></span> <span class='ocrx_word' id='word_1_373' title='bbox 878 3654 961 3716; x_wconf 84' lang='lat' dir='ltr'><strong>ipsum</strong></span> <span class='ocrx_word' id='word_1_374' title='bbox 974 3652 1023 3718; x_wconf 73' lang='lat' dir='ltr'><strong>Bp.</strong></span> <span class='ocrx_word' id='word_1_375' title='bbox 1038 3668 1130 3702; x_wconf 87' lang='lat' dir='ltr'><strong>errare</strong></span> 
     </span>
     <span class='ocr_line' id='line_1_41' title="bbox 157 3723 507 3788; baseline 0.003 -16"><span class='ocrx_word' id='word_1_376' title='bbox 157 3737 208 3773; x_wconf 86' lang='lat' dir='ltr'><strong>suo</strong></span> <span class='ocrx_word' id='word_1_377' title='bbox 223 3724 340 3788; x_wconf 65' lang='lat' dir='ltr'><strong>cornito,</strong></span> <span class='ocrx_word' id='word_1_378' title='bbox 352 3723 419 3784; x_wconf 81' lang='lat' dir='ltr'><strong>feeit</strong></span> <span class='ocrx_word' id='word_1_379' title='bbox 432 3725 472 3774; x_wconf 87' lang='lat' dir='ltr'><strong>ed.</strong></span> <span class='ocrx_word' id='word_1_380' title='bbox 487 3735 507 3777; x_wconf 79' lang='lat' dir='ltr'><strong>a.</strong></span> 
     </span>
    </p>
   </div>
   <div class='ocr_carea' id='block_1_6' title="bbox 163 3861 1130 4004">
    <p class='ocr_par' dir='ltr' id='par_1_6' title="bbox 163 3861 1130 4004">
     <span class='ocr_line' id='line_1_42' title="bbox 165 3861 1130 3935; baseline -0.002 -19"><span class='ocrx_word' id='word_1_381' title='bbox 165 3865 241 3917; x_wconf 85' lang='lat' dir='ltr'><strong>Paul.</strong></span> <span class='ocrx_word' id='word_1_382' title='bbox 256 3878 277 3930; x_wconf 76' lang='lat' dir='ltr'><strong>a,</strong></span> <span class='ocrx_word' id='word_1_383' title='bbox 292 3879 325 3919; x_wconf 82' lang='lat' dir='ltr'><strong>ra.</strong></span> <span class='ocrx_word' id='word_1_384' title='bbox 341 3881 396 3916; x_wconf 90' lang='lat' dir='ltr'><strong>cum</strong></span> <span class='ocrx_word' id='word_1_385' title='bbox 410 3862 500 3935; x_wconf 85' lang='lat' dir='ltr'><strong>amico]</strong></span> <span class='ocrx_word' id='word_1_386' title='bbox 522 3865 560 3931; x_wconf 80' lang='lat' dir='ltr'><strong>Cf.</strong></span> <span class='ocrx_word' id='word_1_387' title='bbox 581 3865 669 3915; x_wconf 89' lang='lat' dir='ltr'><strong>Valer.</strong></span> <span class='ocrx_word' id='word_1_388' title='bbox 686 3864 759 3915; x_wconf 72' lang='lat' dir='ltr'><strong>Max.</strong></span> <span class='ocrx_word' id='word_1_389' title='bbox 776 3877 801 3924; x_wconf 86' lang='lat' dir='ltr'><strong>t,</strong></span> <span class='ocrx_word' id='word_1_390' title='bbox 817 3875 836 3915; x_wconf 77' lang='lat' dir='ltr'><strong>a.</strong></span> <span class='ocrx_word' id='word_1_391' title='bbox 857 3866 880 3927; x_wconf 63' lang='grc' dir='ltr'><strong>ξ,</strong></span> <span class='ocrx_word' id='word_1_392' title='bbox 896 3877 916 3915; x_wconf 80' lang='lat' dir='ltr'><strong>t.</strong></span> <span class='ocrx_word' id='word_1_393' title='bbox 990 3861 1014 3933; x_wconf 59' lang='grc' dir='ltr'><strong>ᾗ.</strong></span> <span class='ocrx_word' id='word_1_394' title='bbox 1031 3867 1073 3916; x_wconf 86' lang='grc'><strong>61.</strong></span> <span class='ocrx_word' id='word_1_395' title='bbox 1091 3865 1130 3928; x_wconf 76' lang='lat' dir='ltr'><strong>Cf.</strong></span> 
     </span>
     <span class='ocr_line' id='line_1_43' title="bbox 163 3936 608 4004; baseline 0.004 -18"><span class='ocrx_word' id='word_1_396' title='bbox 163 3936 196 3988; x_wconf 78' lang='lat' dir='ltr'><strong>L.</strong></span> <span class='ocrx_word' id='word_1_397' title='bbox 211 3949 231 3992; x_wconf 80' lang='lat' dir='ltr'><strong>a.</strong></span> <span class='ocrx_word' id='word_1_398' title='bbox 251 3939 283 3988; x_wconf 86' lang='lat' dir='ltr'><strong>D.</strong></span> <span class='ocrx_word' id='word_1_399' title='bbox 299 3939 331 3990; x_wconf 86' lang='lat' dir='ltr'><strong>de</strong></span> <span class='ocrx_word' id='word_1_400' title='bbox 346 3954 412 3990; x_wconf 86' lang='lat' dir='ltr'><strong>reae.</strong></span> <span class='ocrx_word' id='word_1_401' title='bbox 428 3939 500 3989; x_wconf 79' lang='lat' dir='ltr'><strong>vend.</strong></span> <span class='ocrx_word' id='word_1_402' title='bbox 516 3936 562 4004; x_wconf 77' lang='lat'>(18,</span> <span class='ocrx_word' id='word_1_403' title='bbox 576 3936 608 4004; x_wconf 79' lang='lat' dir='ltr'><strong>a).</strong></span> 
     </span>
    </p>
   </div>
   <div class='ocr_carea' id='block_1_7' title="bbox 61 4018 108 4120">
    <p class='ocr_par' dir='ltr' id='par_1_7' title="bbox 61 4018 108 4120">
     <span class='ocr_line' id='line_1_44' title="bbox 61 4018 108 4120; baseline 0 0"><span class='ocrx_word' id='word_1_404' title='bbox 61 4018 108 4120; x_wconf 77' lang='grc' dir='ltr'>Ι</span> 
     </span>
    </p>
   </div>
   <div class='ocr_carea' id='block_1_8' title="bbox 0 0 1200 4386">
    <p class='ocr_par' dir='ltr' id='par_1_8' title="bbox 0 0 1200 4386">
     <span class='ocr_line' id='line_1_45' title="bbox 0 0 1200 4386; baseline 0 0"><span class='ocrx_word' id='word_1_405' title='bbox 0 0 1200 4386; x_wconf 95' lang='lat' dir='ltr'><strong> </strong></span> 
     </span>
    </p>
   </div>
  </div>
 </body>
</html>
