2378 4386
77 39 1175 329 u

404 566 439 604 nu
458 567 491 602 uu
509 566 610 602 vxouxn
628 565 662 601 sc
680 566 800 604 nonunt.
1016 548 1074 615 753

188 692 249 755 112.
274 694 362 770 ‘Apud
378 688 565 771 magistratus¹
586 694 619 752 dc
634 695 715 770 plano
730 695 768 751 ’1.
786 689 886 752 'l'itius2
902 697 944 752 his
960 693 1049 752 uerbls
1065 711 1080 751 a

125 783 219 837 inscito
243 782 354 854 repetit:
379 777 497 859 ‘Anicius
515 777 609 836 vitalis
632 779 712 836 dixit:
741 778 887 848 ‘Quoniam
904 789 1013 854 praesto
1036 788 1078 836 est

127 864 166 920 ΡΙ.
184 863 265 920 Vetus
279 866 379 934 iunior,
395 872 458 937 peto
473 864 521 920 'lle
538 857 541 940 )
559 906 566 918 .
584 905 591 919 .
607 880 682 937 quoe
697 880 774 921 uuor
788 868 850 921 eius
861 864 929 936 suit,
948 854 1184 927 nominem-[21]

126 947 157 1004 nb
173 947 266 1005 eodem
282 963 313 1003 ex
329 947 434 1021 legibus
451 955 477 1002 et
494 943 602 1003 otictts⁴
618 947 707 1003 dotem
724 956 752 1004 et
763 944 923 1022 peculium?
960 949 1081 1004 Monalo-
1099 928 1171 999 110·

77 1029 113 1078 5⁸]
126 1040 182 1088 tum
197 1032 252 1089 sibi
266 1033 302 1087 ab
318 1047 352 1087 eo
369 1023 445 1087 esse⁶
459 1032 527 1087 stitit
541 1029 638 1086 tubulis
655 1032 780 1104 signatis,
803 1048 852 1087 nec
874 1032 1000 1105 protulit.
1039 1029 1078 1088 tt.

125 1117 206 1172 Vetus
218 1117 309 1171 iunior
319 1114 400 1170 dixit:
416 1114 513 1170 ‘Nullo
526 1118 589 1171 iure
602 1113 691 1169 abste
704 1117 870 1184 postulatus
882 1113 964 1174 sunn’
983 1115 1080 1171 Duum·

125 1201 167 1257 uir
189 1199 267 1255 dixit:
292 1197 403 1254 ‘Sermo
421 1205 512 1253 uester
533 1198 561 1253 tu
583 1197 649 1255 actis
672 1196 746 1252 erit!
791 1197 915 1264 Quaero,
938 1198 1081 1269 defuncto

124 1286 252 1353 muliere,
274 1298 312 1339 an
329 1281 363 1338 ud
380 1281 492 1337 ltesedes
508 1281 565 1336 clus
582 1281 620 1335 ccl
636 1281 746 1337 uxoriae
766 1282 835 1337 actio
850 1282 997 1351 transierit,
1019 1298 1081 1337 cum

123 1361 218 1442 ¹[h]is‚
235 1367 281 1438 qut
296 1356 452 1437 repetisset*
469 1368 531 1420 eius
541 1367 662 1433 nomine,
680 1367 742 1419 eius
755 1373 976 1436 nequeuntem,
992 1378 1081 1436 nequo

123 1457 299 1524 procuratas,
324 1463 411 1520 neque
434 1449 575 1521 cognitor,
601 1454 647 1501 aut
669 1450 733 1520 quis
754 1448 826 1502 alius
846 1447 968 1519 suisset,
999 1449 1081 1503 cuius

122 1535 342 1605 postulationem
365 1537 459 1586 ratam
482 1528 610 1587 liaberet!
656 1529 765 1586 Paullus
788 1529 939 1603 respondit,
962 1529 1080 1585 mulieris

125 1616 232 1670 nomine
258 1612 440 1687 postulatum’
471 1605 591 1684 uirum,⁸
620 1613 775 1685 sufficere·
800 1628 856 1684 per
884 1629 1080 1687 quemcunque

125 1701 198 1753 enirn
212 1712 296 1769 posse
311 1699 443 1754 actionem
459 1699 497 1754 rei
514 1697 621 1753 uxorius
636 1691 815 1770 perpetuati
1072 1693 1073 1696 ’

189 1778 251 1838 113.
276 1773 315 1834 ¹⁰.
333 1823 338 1835 .
357 1822 364 1836 .
382 1781 539 1839 Paternum
554 1783 632 1837 laedi
646 1781 845 1852 uerecundiam,
868 1781 920 1837 hoa
935 1790 987 1853 est,
1006 1783 1076 1836 uitae
1087 1777 1186 1857 '‘iiii'‘

199 1929 218 1996 ¹)
235 1930 283 1980 Ilei
296 1932 473 1993 testificandae
486 1935 583 1996 pratia.
599 1932 630 1981 L.
642 1942 677 1982 11.
692 1931 724 1979 Ι).
739 1932 770 1980 de
784 1938 840 1981 test.
856 1931 900 1994 (11,
910 1929 942 1996 t).
995 1927 1015 1996 ²)
1030 1931 1080 1980 he·

121 2003 232 2068 qendunt
246 2002 348 2051 uidetur
363 2002 453 2050 nuitius
473 2004 512 2051 uel
531 2003 557 2051 L.
573 2003 674 2051 Anicius.
748 1998 769 2066 8)
786 2000 897 2051 Restitui
917 2001 984 2050 lunc
1003 2009 1027 2049 et
1040 2016 1078 2051 se·

124 2081 228 2138 quentes
242 2088 341 2131 uersus,
351 2074 445 2136 paucis
455 2079 516 2135 post
536 2071 562 2120 V
563 2072 584 2121 ⁴.
599 2079 753 2136 compertum
768 2074 878 2121 mutatis.
902 2072 963 2122 Alia
977 2073 1078 2135 supple·

124 2152 207 2193 menta
227 2144 339 2193 Momms.
355 2143 438 2200 deun,
456 2143 488 2191 de
503 2142 594 2206 quibus
608 2144 642 2206 cs.
659 2141 790 2207 Wiedinq.
806 2141 983 2206 Libellpraces
993 2157 1020 2205 p.
1031 2152 1078 2194 111.

124 2214 155 2263 In
174 2215 223 2264 hoc
242 2229 318 2263 uersu
337 2228 387 2263 non
406 2211 493 2261 dubito
509 2212 541 2261 ue
556 2250 562 2261 .
579 2250 584 2262 .
601 2249 628 2261 ..
649 2215 750 2262 initium
765 2227 820 2262 esse
840 2215 950 2263 nominis
966 2214 1079 2276 proprii,

124 2286 192 2333 uelut
207 2285 333 2348 Remiqiae
348 2286 387 2332 uel
401 2283 546 2332 Restitutae.
576 2286 614 2332 rei
626 2286 738 2335 asturiae
752 2284 853 2334 actione
868 2283 966 2333 Booten.
981 2286 1014 2347 ci.
1029 2297 1079 2333 rem

125 2355 245 2403 uxoriam
260 2355 299 2402 ed.
315 2352 427 2402 llomms.
502 2350 523 2417 ⁴)
538 2352 607 2403 Hinc
621 2361 743 2417 apparet,
763 2356 889 2405 actionem
908 2356 949 2403 rei
968 2355 1079 2403 uxoriae

121 2426 218 2488 partim
233 2423 331 2489 leqibus
345 2422 403 2487 (111
410 2423 459 2472 tab.
470 2431 494 2472 et
505 2422 621 2489 Maenia)
632 2426 794 2474 constitutam
804 2439 867 2482 esse,
879 2426 976 2487 partim
987 2425 1079 2474 edictis

120 2501 281 2558 praetorum,
295 2495 362 2542 uelut
376 2494 408 2542 de
421 2495 547 2545 alterutra
562 2502 587 2545 et
600 2495 624 2544 si
638 2497 729 2544 mulier
743 2495 831 2544 desua
841 2494 1015 2544 dotatoheres
1025 2510 1077 2543 nta-

125 2566 176 2613 rito
191 2563 223 2612 ab
238 2565 357 2613 intestata
372 2578 421 2613 nan
436 2572 500 2614 erat.
555 2561 576 2629 δ)
593 2564 630 2625 Gi.
646 2566 669 2628 ὃ.
680 2575 727 2617 111.
746 2564 778 2613 L.
789 2577 809 2615 1.
824 2566 879 2625 (5.1.
899 2565 930 2612 D.
947 2566 978 2613 cle
993 2567 1010 2612 i.
1026 2565 1077 2614 dot.

124 2633 170 2699 (11,
184 2633 215 2698 1).
241 2633 336 2682 Petitio
350 2633 413 2683 liaeo
428 2648 457 2684 eo
471 2635 611 2697 spectabat,
625 2636 695 2700 quod
707 2636 748 2685 rei
762 2636 873 2684 uxoriae
886 2636 955 2684 actio
970 2641 1021 2683 tum
1034 2635 1078 2684 cle·

124 2721 189 2753 mum
204 2703 366 2767 competebat,
381 2719 437 2752 cum
454 2701 521 2767 ‘past
531 2706 669 2756 diuortium
679 2707 711 2755 de
720 2706 778 2755 dote
789 2706 917 2754 contentio
928 2701 975 2753 est'
988 2703 1077 2754 Boern.

125 2778 151 2823 in
169 2775 220 2823 cte.
239 2773 300 2838 Tap.
315 2785 348 2831 tt,
362 2785 396 2825 11.
407 2790 435 2837 p.
451 2786 490 2826 ste
506 2773 550 2824 Or.
602 2773 622 2840 ο)
638 2775 692 2824 Iam
706 2775 804 2826 Baeti.
815 2776 942 2839 pleraque
956 2776 1078 2824 restituit.

125 2846 163 2895 De
178 2845 281 2902 tabulis,
296 2843 387 2908 quibus
400 2845 546 2904 inundatur,
562 2847 596 2909 cf.
613 2845 699 2895 Pluut.
716 2846 790 2895 Cure.
809 2845 859 2905 IV,
874 2857 895 2907 1,
905 2857 939 2896 tt.
998 2841 1018 2909 7)
1033 2844 1079 2895 Sic

125 2932 160 2965 cx
178 2915 206 2963 V
207 2913 227 2964 ⁴.
243 2914 355 2965 Momms.
370 2915 410 2964 esi.
425 2915 462 2964 his
477 2929 536 2978 quse
551 2930 576 2964 re
592 2951 651 2964 ....
672 2915 730 2966 Vat.
782 2912 803 2980 8)
819 2915 893 2964 videri
908 2915 947 2964 esi.
964 2914 1077 2965 Momms.

126 2982 243 3050 ⁹)Dere
258 2986 293 3048 cs.
308 2984 340 3034 L.
355 2996 387 3036 11.
404 2986 427 3047 §-
442 2996 462 3035 1.
487 2984 519 3033 D.
534 2985 565 3035 de
581 3000 651 3038 usur.
667 2985 711 3052 (11,
727 2984 749 3050 1)
763 2994 787 3035 et
801 2988 824 3047 9.
840 2998 886 3037 111.
915 2985 947 3034 In
962 2987 1078 3050 marqine

124 3059 226 3106 lemma:
241 3056 268 3104 n.
280 3056 352 3104 Posse
367 3070 411 3118 per
425 3070 588 3119 quemcunque
602 3057 720 3106 sotionem
737 3096 743 3109 .
759 3093 765 3104 .
781 3095 786 3106 .
803 3093 808 3105 .
824 3055 870 3122 (rei
884 3056 979 3105 uxoriae
994 3058 1077 3119 suppl.

125 3126 281 3192 Meyerfeld)
296 3127 438 3190 perpetuari.
471 3124 544 3186 Quod
559 3129 738 3190 praemittitur
752 3127 792 3177 leis
805 3127 912 3176 scholiis
926 3126 954 3175 11.
970 3126 1078 3192 (Detles-

123 3213 184 3248 seno
199 3200 280 3248 uisum
293 3196 319 3262 b)
335 3211 384 3247 nou
399 3196 487 3247 dubito
501 3199 563 3261 quin
577 3199 705 3262 siqnistcet
719 3198 762 3247 Hic
781 3213 816 3247 sc.
831 3197 959 3254 traditur,
979 3198 1018 3246 uel
1037 3212 1077 3246 re·

124 3270 205 3331 quire.
239 3267 299 3317 Via.
313 3270 396 3317 simile
409 3267 534 3319 scholium
548 3271 574 3318 in
591 3270 702 3319 Consult.
719 3276 778 3317 ante
794 3284 815 3317 c.
831 3280 852 3319 1.
928 3263 959 3332 ¹⁰)
975 3266 1077 3317 listre-

123 3340 248 3402 scriptum
262 3339 399 3400 inferioris
417 3341 510 3388 aetatis
529 3341 693 3403 imperatoris
712 3339 747 3388 ad
762 3338 856 3387 Henati
874 3340 949 3388 simul
967 3337 1078 3388 libellum

123 3415 160 3465 et,
176 3425 231 3458 cum
246 3410 268 3457 is
282 3411 436 3473 appellasset
449 3425 465 3459 o
481 3409 593 3459 Maximi
606 3411 745 3466 sententia,
765 3409 801 3457 ad
818 3410 875 3458 eius
892 3411 1043 3459 relationem
1056 3424 1076 3458 s.

124 3480 335 3528 consultationem
354 3480 440 3528 dotum
460 3477 506 3541 (cs.
524 3479 641 3542 Gatltofr.
657 3479 693 3528 ad
706 3479 737 3526 L.
753 3490 773 3529 1.
800 3477 843 3526 tn.
861 3478 885 3527 C.
900 3480 932 3528 de
946 3482 1038 3544 appell.
1053 3488 1078 3529 et

120 3562 197 3610 poen.
212 3559 232 3605 t,
246 3559 281 3599 11.
296 3549 365 3598 etde
379 3550 480 3598 iteratis
490 3548 613 3611 precibus
628 3550 701 3612 infra
715 3550 738 3610 ὅ.
749 3549 815 3614 181.)
844 3548 1028 3609 Quaerebutur,
1042 3566 1077 3599 an

124 3620 148 3666 si
157 3625 236 3680 pater
251 3618 335 3668 libello
350 3635 366 3668 a
378 3633 474 3683 qenero
489 3617 643 3680 subscripto,
654 3633 702 3682 quo
713 3633 755 3666 res
765 3619 864 3668 dotales
875 3629 1077 3676 enumeraverat,

124 3689 155 3737 de
169 3688 209 3737 lis
220 3689 292 3750 tiliae
305 3704 368 3737 suae
382 3687 548 3737 restituendis
563 3690 679 3748 cavisset,
690 3687 737 3737 dos
748 3689 820 3749 filiae
831 3689 926 3738 donato
937 3691 1076 3747 uideretur,

124 3765 151 3806 nt
166 3774 196 3808 ea
210 3766 235 3807 et
249 3765 365 3822 repetere
374 3759 455 3809 dotem
465 3772 499 3805 esc
509 3763 588 3820 pacta
599 3764 711 3820 paterna
722 3764 818 3820 posset,
833 3773 879 3807 nec
892 3761 1012 3822 conferre
1022 3775 1076 3808 earn

121 3827 252 3889 fratribus
265 3842 367 3878 necesse
380 3827 492 3877 haberet.
518 3826 625 3875 Caetera
635 3842 669 3875 esc
683 3828 853 3885 restitutione,
868 3844 941 3892 quam
952 3830 1076 3891 informa·

124 3899 214 3953 vimus,
229 3912 374 3962 capnosces.

181 3994 283 4025 πιιιη.
298 3995 378 4027 uun.
393 3996 446 4028 uun.
464 3997 502 4028 uu.
527 3997 550 4028 v.
834 3985 867 4034 48
