2378 4386
201 524 267 589 420
465 542 593 580 roursrus
612 542 759 579 urrunsa
778 531 891 580 tte-oe.

202 673 281 746 eique
294 665 505 746 ’subiungatur¹
528 673 597 729 aeris
618 675 785 729 excurrentis
807 681 886 743 nota,
910 671 1078 728 manifestum
1100 682 1152 745 est,

202 772 258 812 earn
274 753 413 811 sedeciens
429 754 576 811 ducendam
593 771 624 812 er
639 756 811 812 adnotatione
826 756 938 812 denarii.

265 835 314 896 64.
335 838 374 895 dd
391 840 541 912 quinarium
556 846 584 895 et
604 840 775 896 uictoriatum
797 841 927 895 rationem
943 839 1042 895 Romae
1057 837 1155 897 confici

202 923 306 978 neseio:
328 921 553 997 quemadmodum
568 931 668 994 tamen,
690 925 712 978 si
736 923 815 997 uelis,
833 922 966 992 conficias,
986 922 1091 978 facilius
1107 941 1153 998 ap·

202 1005 316 1080 parebit,
332 1007 354 1061 si
369 1007 445 1079 prius
459 1007 620 1080 inspexeris,
636 1006 667 1061 ad
685 1023 763 1079 quem
779 1005 888 1062 modum
904 1008 1068 1062 sestertiaria
1084 1009 1153 1063 ratio

202 1087 315 1162 condam
332 1098 396 1147 tune
416 1091 486 1146 enim
507 1092 674 1147 excurrentis
695 1092 765 1145 aeris
787 1091 862 1162 leges
884 1090 1037 1162 exemplum
1051 1084 1155 1165 'iuei)²

202 1173 364 1229 denariariae
383 1175 504 1244 rationis,
529 1181 556 1228 et
578 1173 711 1229 dimidiam
734 1174 825 1244 duces,
849 1173 892 1229 uel
915 1175 1104 1247 sestertiarius,
1127 1184 1154 1231 et

201 1257 358 1331 duplicabis.

264 1335 312 1403 66,
336 1339 375 1395 nd
390 1341 545 1396 sestertium
560 1342 630 1396 ratio
646 1341 668 1396 si
684 1337 793 1410 condat,
808 1333 919 1396 'semis³
941 1341 991 1398 hac
1007 1350 1071 1396 nota
1086 1343 1153 1398 seri·

201 1424 275 1482 bitur
295 1424 345 1463 '-
360 1417 417 1493 ’μς
446 1432 559 1479 uocetur
585 1422 673 1480 iibeiia
695 1426 844 1480 teruncius.
890 1433 931 1480 est
953 1434 1042 1479 autern
1065 1423 1153 1480 iibeiia

201 1509 321 1565 sestertii
335 1507 436 1563 decima
451 1524 528 1580 pars,
546 1509 684 1563 teruncius
699 1506 912 1582 quadragesima,
929 1524 997 1580 quae
1012 1508 1080 1563 duae
1095 1510 1154 1563 iun·

202 1600 260 1650 ctae
275 1599 397 1648 octauam
413 1592 546 1661 sestertii,
568 1589 595 1646 id
611 1598 668 1658 est,
684 1593 837 1661 semissem,
853 1590 991 1653 efficiunt:
1015 1608 1073 1646 nam
1090 1600 1152 1646 octo

201 1675 311 1747 libeilis,
325 1674 352 1730 id
367 1683 409 1731 est
424 1683 487 1732 octo
502 1673 620 1743 decimis,
638 1676 749 1731 teruncii
766 1683 845 1745 octo,
861 1674 887 1730 id
903 1683 945 1731 est
961 1684 1023 1731 octo
1039 1674 1152 1747 quadra-

202 1761 320 1833 gesimae
335 1756 413 1831 (quae
429 1756 496 1813 fiunt
512 1765 641 1830 quattuor
656 1759 809 1829 uicesimae,
826 1758 878 1814 hoc
893 1767 934 1814 est
946 1759 1013 1814 duae
1025 1758 1152 1829 decimae)

202 1842 319 1898 adiectae
341 1840 478 1915 complent
499 1842 667 1912 sestertium3
710 1836 759 1898 66.
782 1851 847 1897 sunt
874 1844 943 1897 onim
972 1844 998 1896 in
1026 1844 1153 1897 sestertio

202 1925 307 1983 libellas
331 1925 439 1995 decem,
464 1922 586 1996 singulae
612 1924 726 1997 uiginti,
749 1927 863 1982 teruncii
883 1925 1068 1998 quadraginta.
1106 1920 1152 1981 67.

202 2008 271 2064 inira
291 2009 428 2064 semissem
448 2023 527 2063 tremo
550 2001 680 2063 'temere⁶
701 2010 834 2065 rationem
854 2010 1045 2063 sestertiariam
1070 2009 1152 2064 tirreit

201 2100 291 2166 potest
306 2099 409 2146 tamen:
426 2106 485 2145 nam
501 2089 644 2165 quadrans,
661 2092 706 2165 qui
722 2101 763 2148 est
775 2108 836 2165 pars
847 2099 922 2147 senta
938 2090 1039 2146 decima
1052 2100 1153 2145 sester-

202 2179 241 2247 tii,
258 2176 358 2249 poterit
372 2175 461 2230 notari
476 2173 593 2247 singula,
610 2190 678 2246 quae
694 2185 735 2231 est
752 2176 875 2232 uicesima
887 2173 1016 2244 sestertii,
1032 2181 1059 2227 ot
1074 2173 1152 2228 dimi·

201 2258 246 2315 dio
262 2259 399 2328 terunciu,
415 2259 461 2329 qui
476 2265 518 2313 est
533 2260 698 2332 octogesima
720 2260 852 2319 sestertii:
873 2273 934 2313 nam
957 2266 1072 2329 utraque
1088 2257 1154 2313 haec

202 2359 263 2414 pars
285 2343 375 2396 iuncta
398 2339 481 2397 eidcit
510 2350 612 2398 sertam
639 2342 778 2399 decimam.
827 2336 877 2398 68.
904 2342 940 2396 As
962 2342 1050 2396 notari
1074 2340 1154 2396 tiebet

202 2426 252 2471 ἐ
262 2417 318 2497 133⁸
333 2425 399 2481 haec
414 2425 445 2480 ad
461 2428 616 2482 sestertium
631 2434 695 2482 nota
712 2435 825 2483 uocatur
835 2424 903 2481 duae
915 2423 1019 2480 iibeiiae
1030 2424 1153 2498 singulm

202 2508 270 2566 fiunt
284 2508 352 2565 duas
366 2507 482 2566 decimae
498 2518 526 2566 et
540 2511 680 2578 uicesima,
702 2510 754 2566 hoe
775 2518 817 2564 est
832 2517 926 2582 quarta
942 2524 1002 2581 pars
1018 2509 1152 2575 sestertii3
1163 2527 1186 2576 [s

203 2610 262 2649 nam
278 2601 374 2667 quater
388 2592 465 2649 binae
475 2593 581 2650 libellas
593 2600 655 2649 octo
668 2590 737 2650 duait
749 2592 877 2666 decimae,
893 2601 1022 2667 quattuor
1033 2592 1154 2665 singuise

275 2750 294 2819 ¹)
309 2753 489 2815 subiniungatur
504 2753 617 2804 Momms.
632 2753 672 2802 ed.
687 2768 722 2802 ecc
737 2752 767 2801 P.
787 2751 818 2802 V.
870 2747 1035 2816 ¹)Sappteui.
1094 2747 1116 2816 ³)
1129 2750 1153 2799 Α

200 2826 303 2874 semisse
324 2824 476 2873 Maecianus
494 2824 537 2871 iria
556 2824 659 2885 incipit,
679 2838 730 2873 non
749 2829 776 2871 ut
795 2824 822 2871 in
836 2822 990 2871 denariaria
1006 2823 1108 2870 ratione
1121 2819 1152 2869 ab

201 2896 329 2959 asse,quia
348 2894 383 2942 ad
395 2894 540 2942 sestertium
558 2895 667 2940 maxime
681 2894 793 2942 minutae
811 2894 928 2942 rationes
946 2894 1012 2941 aeiut
1026 2892 1058 2940 de
1071 2892 1153 2955 quoti·

201 2967 290 3013 diesis
303 2966 413 3019 olerum,
428 2964 529 3018 earnis,
540 2976 673 3025 pomorum
687 2965 796 3027 aliisque
809 2964 952 3025 simpiariis
966 2960 1154 3011 venditionibus

203 3032 413 3095 conficiebantur,
428 3033 455 3079 in
470 3030 561 3093 quibus
574 3033 650 3081 etiam
664 3035 777 3082 semissis
790 3035 829 3081 eei
838 3034 903 3082 adeo
917 3033 1071 3095 quadrantis
1084 3031 1153 3079 ratio

202 3101 351 3152 debebatur.
424 3096 446 3165 ⁴)
461 3100 609 3152 &nemisse
627 3116 664 3152 sc.
683 3105 759 3152 etiam
776 3103 960 3161 dienatalis,
979 3117 1051 3166 quarn
1069 3099 1152 3148 drevi-

201 3174 263 3222 tatis
287 3171 373 3219 studio
398 3170 551 3219 Maecianus
577 3174 669 3221 omisit.
708 3173 746 3235 Cf.
765 3174 788 3234 ξ.
806 3184 842 3223 ss.
879 3172 908 3221 ad
931 3173 1067 3221 sestertium
1089 3178 1152 3219 nota.

203 3242 318 3293 Ceterum
331 3240 519 3298 animadverte,
538 3243 637 3307 sipnum
652 3269 687 3279 —
702 3245 853 3306 praeposita
871 3245 984 3292 sestertii
1002 3249 1061 3292 nota
1077 3243 1154 3290 attam

200 3310 414 3377 scarificationem
436 3309 568 3370 debuisse,
591 3328 624 3361 ae
646 3314 671 3361 si
692 3312 757 3361 nituit
779 3320 987 3375 praeponeretur
1010 3311 1056 3378 (ss.
1077 3313 1100 3373 §-
1122 3310 1154 3377 2),

198 3382 309 3447 perinde
328 3387 355 3428 ut
373 3387 433 3430 nota
453 3381 483 3438 S,
505 3397 570 3445 quae
588 3382 631 3432 die
649 3383 782 3431 dimidium
800 3385 943 3432 sestertium
964 3385 981 3430 r'.
1001 3397 1023 3431 e.
1043 3385 1154 3445 quinque

202 3453 301 3502 libellas
315 3449 486 3515 sipnificabat.
516 3451 554 3515 Cf.
570 3454 609 3513 §5-
624 3464 658 3503 ss.
674 3463 768 3502 itt-ts.
842 3449 863 3517 ⁶)
878 3452 919 3502 Ita
939 3452 1050 3502 Baecula.
1073 3460 1153 3500 tenere

201 3539 236 3572 eas
251 3523 281 3572 P.
301 3522 331 3570 V.
348 3520 460 3571 Momms.
475 3522 515 3571 ed.
567 3520 648 3587 ⁶)Sic
662 3537 718 3570 cum
734 3522 846 3571 dioensis.
861 3538 896 3571 ece
911 3523 941 3570 P.
961 3523 992 3571 V.
1008 3524 1076 3571 dedi.
1103 3522 1155 3571 It'ec

201 3601 283 3643 tamen
305 3591 429 3643 credibile
447 3600 497 3656 est,
518 3599 603 3642 notam
621 3593 739 3656 sinputae
754 3594 834 3654 piane
853 3593 958 3642 eandem
974 3593 1058 3654 fuisse
1078 3600 1154 3655 atque

200 3666 353 3722 semunciae,
368 3664 400 3712 de
413 3679 464 3728 qua
478 3663 529 3712 oid.
544 3664 568 3725 θ.
582 3674 604 3713 t.
618 3669 668 3711 not.
679 3673 700 3710 t.
728 3661 814 3720 Immo,
829 3679 885 3712 eum
899 3671 923 3712 et
937 3665 994 3726 ipsa
1009 3663 1041 3711 ab
1057 3664 1155 3711 initiati

202 3736 218 3783 S
233 3737 367 3800 inciperet,
381 3734 521 3784 cauendum
536 3740 601 3789 erat,
616 3746 648 3779 ne
662 3733 700 3780 rei
714 3746 770 3780 cum
783 3735 895 3782 semissis
910 3748 971 3782 neue
985 3749 1041 3782 cum
1055 3748 1154 3782 seinam-

201 3807 258 3855 ciac
273 3813 332 3856 nata
346 3804 557 3867 confunderetur.
585 3800 712 3865 Suspicor
730 3817 791 3852 uero
809 3819 844 3851 eac
858 3805 882 3865 ξ.
897 3815 930 3855 rt.
950 3819 1035 3851 ererum
1053 3806 1155 3868 sipnnm

198 3877 282 3938 fuisse
299 3876 315 3924 Σ
333 3876 381 3932 aed,
395 3874 464 3938 quod
476 3872 524 3938 Bp.
538 3871 621 3929 habet,
635 3872 652 3921 Σ
673 3873 691 3920 i.
706 3886 727 3920 e.
741 3872 845 3925 selibra.
