2378 4386
171 564 236 618 XVI
543 563 760 618 PRAEFATIO.

229 732 290 798 AD
314 730 529 808 QVARTAM
552 729 801 797 EDITIONEM
824 728 1081 796 PRAEFATIO.

238 832 328 908 Quod
375 855 408 897 er
430 833 513 897 hanc
535 836 719 917 provectam
741 835 881 896 aetatem
904 831 973 896 fore
989 852 1055 897 non
1070 854 1140 918 spe·

172 939 332 1000 raveram,
351 856 417 982 ilai
436 918 637 1002 benignitate
659 916 858 997 factumest,
883 921 919 980 ut
934 918 1031 981 etiam
1047 939 1141 1002 quar·

172 1008 241 1067 tum
264 1000 338 1066 huic
362 1025 376 1066 s
399 1002 504 1087 llogae
527 1000 667 1066 edendae
690 1022 762 1065 cum
785 1000 851 1064 vita
872 1004 941 1064 tum
964 1001 1047 1066 vires
1066 1024 1103 1067 su
1131 1040 1141 1052 -

172 1092 329 1171 peterent.
374 1024 442 1151 ileo
464 1087 533 1150 sine
557 1107 653 1150 causa
675 1085 787 1150 tertiae
809 1084 960 1150 editionis
986 1087 1021 1149 in
1043 1025 1139 1153 titulo

173 1171 369 1254 adscriptum
386 1172 526 1257 elogium
543 1175 654 1236 auctae
671 1172 703 1233 et
715 1169 901 1234 emendatae
917 1171 1015 1234 etiam
1030 1170 1064 1235 in
1079 1169 1141 1238 hac

173 1258 287 1339 quarta
309 1255 446 1319 retinere
469 1256 567 1320 licuit.
605 1276 787 1338 quanquam
815 1253 848 1317 id
870 1254 948 1337 iam,
970 1256 1140 1340 perpaucis

174 1345 206 1404 et
220 1340 397 1404 subitaneis
412 1343 539 1403 tantum
554 1340 589 1403 in
606 1339 720 1403 ceteris
735 1338 881 1422 partibus
897 1339 1050 1423 exceptis,
1072 1339 1139 1406 fere

173 1425 278 1489 solum
302 1430 341 1488 ad
362 1425 435 1488 Gaii
457 1424 683 1488 Institutioues
706 1426 831 1506 spectat
853 1444 939 1488 nunc
962 1423 1001 1487 ad
1024 1423 1139 1489 Stude·

174 1508 286 1573 mundi
309 1508 531 1595 apographum
549 1511 685 1585 exactas,
710 1507 833 1590 quade
856 1529 890 1571 re
913 1508 952 1571 ad
975 1529 1029 1573 eas
1052 1529 1140 1593 seps·

172 1595 268 1658 ratim
290 1593 489 1677 praemonui.
526 1592 656 1657 Mallem
672 1612 760 1670 sane,
784 1593 881 1655 etiarn
904 1597 1009 1656 cetera
1023 1595 1061 1656 ut
1081 1613 1140 1658 no·

174 1679 221 1742 vis
251 1679 333 1743 curis
361 1678 522 1762 perpetuis
552 1676 703 1741 adhibitis
733 1677 893 1740 limatiora
917 1677 1084 1759 prodirent
1106 1679 1140 1742 at

174 1763 221 1827 ita
244 1764 379 1847 posteris
402 1762 613 1826 traderentur.
651 1760 713 1825 Sed
729 1781 782 1824 eas
805 1781 877 1825 cum
900 1761 1140 1826 senescentibus

174 1847 294 1912 viribus
322 1849 365 1910 im
391 1847 506 1911 endere
528 1866 594 1909 non
618 1845 791 1927 potuerim,
821 1845 937 1909 solatio
960 1849 1024 1928 est,
1054 1847 1140 1931 quod

174 1933 219 1996 sic
250 1933 299 1994 uti
333 1869 436 1994 adime
470 1950 550 2013 quae
584 1930 641 1993 edo
674 1929 874 1993 infructuosa
902 1950 966 1993 non
996 1929 1138 2014 luerunt,

175 2015 284 2079 eadem
308 2016 403 2078 etiam
427 2015 459 2077 in
484 2017 645 2096 posterum
662 2013 803 2096 aliquam
826 2014 998 2078 utilitatem
1020 2013 1140 2079 habere

175 2120 269 2184 posse
292 2099 453 2180 videntur,
476 2103 576 2161 donec
598 2098 782 2162 melioribus
806 2099 930 2162 cedant.

241 2199 308 2265 Sor.
325 2198 536 2264 Vratislaviae
552 2221 660 2264 mense
677 2197 809 2265 Octobri
824 2206 854 2259 M
858 2204 1094 2261 occcnxxvm.

240 2391 302 2455 AD
325 2388 528 2464 QVINTAM
550 2388 801 2455 EDITIONEM
825 2386 1082 2454 PRAEFATIO.

240 2490 359 2554 Evenit
373 2489 432 2554 Dei
449 2492 564 2574 gratia,
588 2491 670 2574 quod
688 2512 852 2574 nunquam
874 2510 1075 2575 speraveram
1098 2492 1140 2573 et,

176 2581 213 2641 ut
235 2577 306 2658 ipsa
320 2596 371 2638 res
393 2575 519 2655 clamat,
542 2577 642 2640 multo
665 2576 769 2638 minus
793 2576 890 2639 etiam
913 2595 1008 2659 quam
1029 2575 1063 2638 in
1087 2594 1142 2638 cu-

176 2660 276 2725 randa
305 2664 416 2743 quarta
445 2661 597 2741 editione,
626 2661 694 2724 fore
723 2660 901 2758 exspectari
936 2663 1076 2743 poterat,
1104 2661 1143 2722 ut

176 2746 254 2811 adeo
279 2746 409 2829 quintae
432 2745 526 2811 huius
549 2744 693 2829 syllogae
715 2745 811 2808 editio
835 2767 853 2808 a
876 2765 926 2807 me
949 2742 1141 2807 desiderare-

176 2837 230 2895 tur
253 2831 345 2913 eique
368 2852 455 2894 nunc
478 2829 687 2912 praefandum
711 2831 762 2892 sit.

241 2913 328 2987 Quae
358 2935 429 2977 oum
458 2917 584 2977 retento
615 2912 720 2996 elogio
752 2916 863 2977 auctae
895 2916 927 2976 et
955 2910 1142 2976 emendatae

178 2997 294 3080 prodit,
310 2997 371 3060 hoc
386 2996 469 3079 quod
486 2997 525 3059 ad
543 3001 663 3060 ceteras
680 2998 806 3080 quidem
821 3000 929 3079 partes
941 2994 1141 3060 collectionis

179 3082 309 3161 attinet,
332 3101 441 3145 rursus
464 3085 501 3144 ut
522 3083 555 3143 in
578 3086 690 3163 quarta
714 3082 854 3146 editione
877 3081 1079 3164 potissimum
1100 3078 1142 3143 ad

178 3167 248 3230 Gaii
262 3165 482 3229 institutiones
488 3186 574 3229 nunc
587 3164 1140 3249 ‘supplementisStudemundianis’

178 3254 287 3314 auctas
316 3248 428 3312 referri
457 3251 569 3331 velim,
600 3250 637 3314 de
665 3272 727 3333 qua
750 3271 783 3313 re
811 3250 844 3313 in
868 3249 1066 3332 praefatione
1088 3268 1142 3331 pe·

178 3334 289 3398 culiari
312 3333 492 3398 accuratius
515 3334 658 3399 disserui.

242 3417 374 3481 Interim
403 3423 510 3483 tamen
539 3420 633 3484 etiam
663 3441 766 3484 novae
800 3419 955 3502 quaedam
989 3415 1143 3500 reliquiae

177 3503 444 3585 iurisprudentiae
471 3503 742 3568 anteiustinianae
771 3503 805 3566 in
834 3502 938 3567 lucem
964 3503 1143 3584 protractae

179 3591 270 3669 sunt,
299 3609 379 3670 quae
409 3589 581 3672 permodici
604 3609 663 3652 nec
692 3609 794 3672 paene
817 3592 983 3672 separatae
1007 3583 1143 3650 editioni

178 3672 211 3733 in
234 3678 397 3754 posterum
421 3672 611 3737 sufficientis
633 3673 771 3736 ambitus
793 3672 833 3735 ob
856 3673 889 3736 id
912 3673 1017 3755 ipsum
1040 3667 1143 3734 multo

179 3757 285 3838 aptius
318 3757 496 3822 collectioni
524 3759 711 3821 inseruntur
739 3761 771 3820 et
798 3757 845 3820 ita
878 3759 961 3821 hanc
996 3755 1144 3839 syllogen

178 3844 319 3906 nostram
343 3843 446 3906 denuo
470 3841 624 3905 edendam
647 3862 705 3923 pro
729 3840 863 3905 consilio
880 3847 912 3906 et
927 3839 1051 3904 ratione
1074 3837 1144 3903 eius

178 3927 268 4009 quasi
291 3927 481 3992 naturaliter
503 3930 670 3989 auxerunt.
