2378 4386
115 539 177 604 166

111 694 287 798 qgjmffque·
304 678 427 796 inriiicem
449 678 628 796 utilissssmum
643 678 832 797 d(iroesothentus
855 680 971 798 edissioni·
998 697 1065 735 suae

110 760 494 879 {efittr’rmitfihthrith
507 760 736 880 {tertiaria
749 761 1066 868 trituretur

110 878 228 931 multum
247 877 322 953 ultra
333 877 471 953 decimam
482 880 592 954 partem
605 879 697 944 operis
709 879 827 943 interiit,
840 882 943 932 etcum
957 880 1064 958 aliquid

112 960 146 998 ex
164 943 329 1007 collatione,
349 961 383 997 ex
395 944 556 997 Alarrcrana
567 944 705 1012 Epitoma,
725 946 846 1013 denique
864 963 898 999 ex
916 947 1065 1000 Iustiniani

109 1010 336 1064 Institutionibus
363 1013 392 1064 et
414 1009 537 1079 Digestis
563 1013 657 1080 potuit
682 1013 822 1076 resarciri,
849 1015 909 1065 tum
936 1015 1064 1080 repetitis

110 1079 234 1131 virorum
254 1078 399 1130 doctorum
417 1079 489 1132 curis
509 1078 638 1132 effectum
658 1082 709 1144 est,
728 1082 760 1133 ut
777 1079 834 1132 iam
851 1081 880 1132 in
899 1081 994 1133 nostra
1007 1081 1064 1133 edi·

109 1145 186 1198 tione
204 1161 261 1199 non
278 1146 397 1197 multum
415 1145 489 1198 ultra
511 1146 692 1200 tredecimam
734 1149 824 1200 artem
845 1147 949 1216 integri
971 1149 1064 1213 operis

110 1210 292 1333 desidteretuq
305 1212 384 1265 cuius
396 1214 519 1266 iacturae
533 1229 621 1281 paene
635 1165 781 1268 dimidium
793 1216 904 1283 spectat
915 1214 951 1266 ad
960 1214 1064 1268 librum

110 1293 181 1344 quar
195 1297 251 1334 um.

177 1363 339 1418 Editionum
348 1364 469 1418 indicem
479 1366 726 1431 accuratissimum,
737 1366 840 1421 additis
849 1367 935 1420 etiam
945 1367 1064 1420 aliarum
1074 1375 1112 1423 [99.

111 1432 377 1486 commentationum
391 1431 489 1496 titulis,
507 1449 579 1499 quae
598 1432 633 1484 ad
652 1433 842 1488 emendandas
859 1435 904 1488 vel
922 1433 1064 1488 illustran-

111 1499 161 1554 das
174 1498 237 1553 Gaii
250 1498 443 1552 institutiones
461 1499 576 1563 faciunt,
594 1499 782 1577 Boeokingius
801 1501 921 1555 confecit
937 1501 967 1554 in
1005 1516 1064 1554 rae·

111 1566 217 1620 satione
240 1582 307 1621 suae
331 1566 477 1632 editionis,
521 1583 558 1619 ua
580 1568 623 1620 ter
645 1570 767 1634 repetita
785 1571 972 1635 (postremum
1012 1568 1064 1636 ips.

113 1636 197 1698 18⁶5.)
219 1634 279 1701 ipse
303 1632 337 1686 de
357 1631 427 1686 Gaio
451 1636 480 1686 et
498 1584 612 1687 gaianis
630 1635 730 1689 studiis
754 1636 860 1711 optime
878 1635 996 1689 meritus
1014 1645 1065 1689 est.

112 1698 189 1763 Quae
206 1703 272 1768 post
289 1700 361 1753 hanc
379 1700 439 1754 sola
456 1700 569 1768 prodiit,
582 1702 688 1753 inserta
706 1702 929 1756 ‘Institutionum
943 1705 972 1756 et
984 1720 1065 1772 regu-

110 1765 200 1821 larum
222 1767 290 1821 iuris
312 1766 391 1821 Rom.
414 1766 608 1835 syntagmati’,
636 1783 653 1818 a
674 1768 746 1821 Rud.
769 1768 869 1823 Gneist
895 1770 968 1837 Lips.
993 1776 1066 1825 1858.

443 1917 460 1966 l,

112 1834 198 1901 edito,
215 1851 267 1904 pro
285 1835 372 1888 totius
390 1835 473 1900 synta
523 1834 575 1886 atis
593 1833 701 1886 ratione
714 1837 857 1902 ceteroqui
870 1853 943 1889 noro
957 1853 989 1889 ao
1002 1853 1066 1890 con·

112 1903 186 1955 sulto
201 1901 317 1956 consilio
330 1900 450 1953 institut
473 1851 731 1976 ffitionesmagis(
750 1902 834 1977 artiru
848 1903 934 1968 benc)
948 1905 1066 1956 selectas

131 1984 197 2022 uam
210 1985 296 2022 novas
307 1971 439 2036 praestat.
470 1967 511 2020 Ex
524 1981 699 2034 superiorum
712 1919 867 2020 editionum
879 1986 995 2022 numero
1009 1974 1068 2024 tres

111 1986 339 2100 Pioeschenanaa
358 2050 430 2103 quae
449 2036 550 2088 ceteris
568 2034 708 2100 omnibus,
727 2034 830 2086 codicis
848 2037 986 2102 scriptura
1004 2038 1066 2088 dili·

112 2105 212 2173 genter
230 2106 353 2168 enotata,
371 2101 450 2169 quasi
468 2101 653 2154 fundamenta
670 2101 769 2165 iecere,
788 2116 867 2170 segre
889 2102 978 2154 andae
990 2105 1066 2169 sunt,

111 2172 242 2240 princeps
260 2170 476 2224 Berol.a.18·20.
495 2168 647 2236 publicata,
666 2167 763 2231 altera,
776 2184 848 2234 quae
882 2168 1067 2222 ifficilioribus

112 2238 216 2292 codicis
234 2237 302 2290 locis
320 2254 338 2290 a
350 2236 478 2288 Bluhmio
497 2236 590 2288 denuo
608 2235 750 2303 inspectis,
771 2235 829 2287 eius
847 2235 957 2288 nobedis
976 2236 1067 2289 ditata

28 2302 36 2316 ¹
111 2304 218 2373 prodiit
234 2319 258 2357 a.
280 2309 367 2369 1824„
385 2305 414 2356 et
431 2303 530 2368 tertia,
553 2305 617 2369 post
635 2301 789 2356 Goescheni
812 2302 920 2355 obitum
944 2318 961 2355 a
977 2301 1065 2356 Lach-

112 2386 215 2424 manno
233 2385 257 2425 a.
279 2376 351 2425 1842.
369 2373 570 2425 consummata.

179 2455 223 2510 Ad
235 2457 393 2524 postremae
405 2471 532 2509 normam
545 2458 640 2509 nostra
652 2470 763 2524 quoque
777 2454 864 2507 editio
876 2455 1005 2508 instituta
1014 2465 1063 2519 est,

111 2526 153 2578 ita
169 2526 265 2578 tamen
283 2526 315 2577 ut
332 2525 417 2576 etiam
429 2523 552 2576 Boeokin
575 2523 654 2577 ianae
668 2521 842 2586 novissimae,
856 2537 928 2589 qnae
941 2521 1066 2575 omnium

112 2591 232 2647 maxims
251 2591 417 2656 celebratur,
436 2591 508 2644 ratio
526 2541 685 2644 haqosretur.
722 2589 782 2666 Nec
799 2591 894 2666 tamen
912 2590 1019 2665 omnia,
1037 2589 1067 2642 iu

134 2661 215 2714 uibus
228 2659 263 2712 ab
276 2659 318 2712 his
331 2658 501 2712 editionibus
513 2657 733 2722 deflecteremus,
746 2674 776 2709 m
788 2660 861 2710 notis
874 2657 1066 2709 indicavimus.

112 2676 232 2781 gnaras
250 2727 421 2795 parcendum
440 2728 508 2779 erat.
545 2727 642 2792 ltaque
666 2723 798 2783 levicula,
823 2738 879 2789 quo
901 2725 930 2776 iu
950 2739 1066 2777 numero

112 2799 233 2848 maxime
252 2794 288 2847 ad
306 2792 532 2861 orthographiam
552 2791 723 2858 pertinentia
740 2792 816 2850 sunt,
841 2791 927 2843 tacite
946 2792 1067 2844 correxi·

111 2879 187 2923 mus,
206 2860 253 2914 vel
270 2862 345 2927 quod
363 2861 392 2911 in
410 2874 439 2911 re
459 2860 606 2924 tantopere
624 2860 659 2910 ab
679 2856 794 2910 arbitrio
833 2857 954 2911 endeute
972 2857 1066 2911 dicere

112 2930 248 3002 praestat,
270 2925 447 2999 mutavimus.
483 2923 633 2998 Praeterea
654 2923 683 2975 iu
706 2875 838 3000 contengr
859 2925 961 3001 titteris
984 2925 1067 2978 rectis

113 2988 1067 3134 2rt?⁸32⁰?‘att}rh.mterittetauerteratque&

112 3077 214 3188 finees,
234 3140 257 3176 sr
275 3124 417 3176 breviores
429 3124 501 3184 sunt,
520 3123 641 3189 syllabas
652 3126 738 3176 trium
750 3124 809 3177 sere
822 3125 989 3188 litterarum,
1008 3124 1067 3177 lou·

112 3192 205 3261 giores
227 3190 394 3257 interposito
418 3205 443 3240 v.
468 3190 541 3242 totos
564 3206 672 3257 versus,
700 3190 748 3257 qui
770 3207 823 3245 nec
846 3192 904 3269 legi
926 3208 977 3246 uec
1005 3192 1067 3245 tuto

113 3257 239 3335 suppleri
256 3258 417 3325 potuerunt.
454 3254 485 3306 ln
509 3257 635 3326 margine
660 3258 797 3312 exteriore
821 3275 939 3329 paginas
957 3262 1068 3312 tantum

134 3323 248 3378 rimitivi
266 3323 379 3387 codicis,
398 3337 470 3390 quae
488 3326 645 3391 supersunt,
664 3325 885 3389 numeravimus;
905 3325 1006 3392 quibus
1020 3325 1067 3377 ad-

15 3393 21 3406 '
113 3344 205 3446 Situm
215 3392 247 3446 ‘t
257 3398 289 3443 s.’
301 3392 411 3457 spectat
423 3388 457 3443 ad
468 3392 511 3442 ter
521 3391 638 3459 scriptas
647 3391 834 3454 (Goescheno:
849 3392 891 3443 his
900 3391 983 3443 rescri
1006 3393 1068 3452 tas).

113 3459 206 3514 Etiam
224 3473 317 3511 versus
335 3456 437 3510 codicis
456 3458 639 3526 distinguere,
663 3458 715 3512 nisi
738 3459 787 3511 ubi
804 3459 948 3520 intererat,
967 3457 976 3507 i
1015 3459 1067 3518 est,

114 3526 162 3580 nbi
185 3539 259 3578 nova
281 3525 419 3592 quaedam
442 3525 477 3577 ad
501 3524 665 3578 schedarum
688 3525 789 3578 ductus
812 3522 1011 3591 supplevimus,
1035 3523 1069 3573 ut

114 3593 234 3647 otiosum
252 3608 307 3646 non
325 3590 440 3660 placuit.
469 3590 499 3643 ln
513 3592 611 3645 critica
623 3592 804 3645 adnotatione
817 3590 891 3657 ipsos
903 3587 1068 3640 schedarum

114 3660 215 3713 ductus
233 3659 443 3735 repraesentare
456 3658 536 3711 initio
549 3659 762 3720 constitueram
782 3655 831 3709 sed
844 3654 1067 3731 moxnconsiliuur

114 3724 288 3781 difficultatis
309 3725 422 3794 plenum
445 3725 535 3778 abieci
558 3726 679 3780 maxime
702 3725 851 3792 postquam
870 3721 1066 3785 animadverti,

134 3810 198 3848 uam
222 3793 295 3847 male
317 3793 346 3845 id
364 3791 534 3861 Boeckiugio
558 3791 685 3860 quamvis
709 3788 921 3858 diligentissimo
946 3788 1067 3845 cesserit.

114 3813 213 3931 {ltaque
231 3861 284 3915 heo
300 3861 380 3929 parte
399 3858 570 3913 Lachmanni
588 3857 675 3914 editio
697 3855 828 3911 adeunda
851 3858 900 3908 est.
936 3854 1066 3926 Denique
