2378 4386
155 577 196 635 38
499 584 526 619 is.
545 583 656 620 rums
675 584 775 620 oroneo.

155 728 214 769 nam
234 712 287 765 isla
309 709 416 781 quidem
438 724 534 779 magna
556 706 714 764 diiudicatio
736 715 789 776 esi,
812 715 842 762 ut
864 724 896 764 ex
916 709 1018 782 teipso
1033 726 1115 784 saepe

154 793 281 865 cognoui.
319 791 367 846 sed
382 800 456 847 certe
471 793 508 846 ita
523 805 566 844 res
581 807 611 845 se
624 789 718 846 habet:
734 800 765 846 nt
779 807 812 846 ex
826 800 923 847 natura
938 794 1030 848 uiuere
1042 810 1114 850 snm-

153 892 225 931 mnm
245 874 346 930 bonnm
367 875 417 943 sit,
437 873 465 928 id
485 881 542 941 ost,
564 873 620 928 uita
640 873 743 930 modica
763 883 791 929 et
810 883 871 947 apta
886 876 987 930 uirtute
1002 877 1113 949 perfrui,

153 967 200 1014 aut
215 967 336 1013 naturam
347 959 426 1028 sequi
440 958 536 1012 eteius
548 958 625 1028 quasi
643 957 702 1029 lege
715 960 808 1013 uiuere
824 958 851 1012 id
868 967 920 1029 est,
937 959 1013 1029 nihil,
1030 976 1115 1032 quan·

155 1053 210 1098 turn
232 1044 260 1097 in
281 1042 342 1114 ipso
365 1042 417 1112 sit,
439 1040 654 1114 praetermittere
677 1056 731 1112 quo
754 1042 841 1096 minus
864 1058 905 1113 ea,
928 1058 997 1114 quae
1019 1051 1113 1099 natura

153 1124 284 1200 postulet,
296 1133 490 1196 consequatur,
504 1117 611 1195 'quom¹
628 1124 700 1178 inter
711 1123 776 1179 baec
785 1124 852 1180 uelit
863 1127 967 1182 uirtute
979 1135 1113 1198 tamquam

152 1209 213 1282 lege
236 1209 339 1266 uiuere.
377 1216 544 1281 quapropter
566 1206 618 1263 boc
640 1206 779 1263 diiudicari
800 1210 892 1265 nescio
908 1224 1113 1283 ennumquam,

151 1291 199 1348 sed
218 1292 271 1348 boc
292 1307 417 1347 sermone
438 1299 513 1347 certe
533 1306 587 1345 non
607 1298 712 1362 potest,
733 1291 756 1345 si
772 1290 879 1364 quidem
893 1293 937 1363 id,
951 1291 1033 1364 {quod
1053 1310 1113 1349 sus-

151 1377 281 1450 cepimus,
296 1375 443 1449 perfecturi
457 1389 561 1432 snmus.

214 1459 289 1518 llllll.
310 1453 355 1516 57.
376 1461 410 1514 A.
434 1461 468 1513 At
483 1472 535 1530 ego
551 1456 604 1511 buo
617 1455 783 1513 declinabam
798 1474 848 1515 nec
862 1461 977 1517 inuitus.

215 1546 247 1614 Q.
269 1542 372 1600 Licebit
394 1541 476 1598 elias:
500 1556 572 1595 nunc
588 1539 613 1594 id
630 1557 757 1614 agamus,
773 1541 847 1614 quod
862 1544 1012 1618 coepimus,
1029 1559 1111 1616 quom

151 1630 309 1702 praesertim
329 1626 362 1680 ad
379 1625 406 1680 id
420 1624 486 1679 nibil
501 1625 717 1704 pertineatlhaec
731 1624 764 1680 de
778 1642 883 1682 summo
899 1627 968 1683 malo
984 1625 1112 1700 bonoque

152 1712 293 1766 dissensio.

214 1794 253 1851 M.
275 1792 495 1860 Prudentissime,
516 1789 626 1861 Ouinio,
647 1791 728 1859 diois3
754 1808 813 1848 nani
836 1808 938 1865 quaes
961 1811 1003 1850 me
1024 1795 1111 1850 adbuc

151 1879 222 1935 dicta
236 1886 300 1933 sunt
314 1893 354 1932 a*
371 1869 413 1930 te²
428 1874 544 1947 Lycurgi
564 1874 638 1946 leges
660 1890 746 1946 neque
762 1875 870 1930 Solonis
891 1892 977 1948 neqne
993 1876 1111 1932 Charon·

151 1962 200 2018 dae
220 1976 308 2033 neque
322 1959 426 2015 Zaleuci
446 1974 497 2013 nec
511 1966 617 2013 nostras
632 1956 773 2013 duodecim
788 1957 892 2014 tabulas
908 1975 957 2013 nec
971 1959 1110 2031 plebiscita

150 2044 283 2112 desidero,
306 2043 353 2098 sed
375 2050 401 2098 te
420 2043 543 2098 existimo
565 2056 624 2096 oum
641 2040 749 2113 populis
766 2049 821 2094 tum
836 2043 916 2096 etiam
931 2042 1046 2114 singolis
1062 2043 1110 2098 bo·

150 2128 245 2184 dlerno
260 2142 385 2182 sermone
399 2126 475 2199 leges
492 2124 600 2180 uiuendi
615 2132 644 2178 ot
658 2123 825 2196 disciplinam
839 2124 972 2180 daturum.

212 2208 260 2268 be.
281 2209 323 2265 M.
339 2210 385 2265 list
401 2210 480 2264 buius
495 2224 562 2264 uero
578 2206 778 2282 disputationis,
794 2206 900 2277 Quinto,
917 2208 1056 2281 proprium
1072 2209 1109 2278 id,

151 2294 222 2369 quod
243 2303 379 2367 expectas,
400 2303 481 2365 atque
502 2293 603 2347 utinam
618 2300 690 2347 esset
704 2293 783 2346 etiam
797 2291 931 2347 facultatis
947 2308 1029 2348 meae.
1061 2292 1109 2349 sed

149 2378 274 2451 proiecto
289 2379 327 2433 iia
341 2392 371 2432 se
386 2391 431 2432 res
442 2375 537 2447 babet,
554 2383 601 2449 ut,
618 2377 745 2448 quoniam
761 2377 888 2432 uitiorum
903 2377 1108 2433 emendatricem

149 2460 238 2534 legem
250 2475 309 2516 esse
321 2466 431 2533 oportet
441 2458 748 2533 commendatricemque
760 2461 900 2530 uirtutum,
915 2459 947 2515 ab
959 2477 989 2516 ea
1000 2460 1108 2517 uiuendi

148 2543 270 2601 doctrina
292 2543 415 2601 ducatur.
452 2545 489 2601 ita
511 2543 551 2614 lit,
575 2552 605 2599 ut
625 2551 712 2600 mater
734 2545 852 2600 omnium
874 2544 1002 2601 bonarum
1018 2560 1108 2600 rerum

150 2624 204 2704 (sti)
221 2630 367 2704 sapientia,
385 2624 422 2703 (a)
438 2630 537 2701 quoius
552 2644 642 2684 amore
658 2628 760 2684 Graeco
777 2628 860 2684 uerbo
875 2628 1045 2702 philosophia
1061 2644 1109 2684 no·

148 2728 211 2769 men
225 2715 339 2782 inuenit,
356 2730 408 2786 qua
423 2713 489 2769 nihil
506 2730 520 2768 a
535 2713 575 2768 dis
590 2711 776 2768 inmortalibus
792 2710 911 2773 uberius,
927 2711 993 2766 nibil
1010 2711 1109 2767 lloren·

148 2797 212 2868 tius,
234 2798 299 2853 nibil
321 2797 507 2869 praestabilius
526 2797 663 2850 bominum
679 2794 751 2848 uitae
766 2793 861 2847 datum
873 2802 924 2850 eet.
959 2792 1023 2850 baec
1037 2797 1108 2850 enim

148 2896 201 2936 una
223 2897 273 2934 nos
295 2895 357 2933 cum
372 2888 474 2934 ceteras
490 2893 533 2933 res
548 2892 652 2945 omnes,
675 2885 742 2944 tum,
765 2873 838 2947 quod
852 2884 896 2930 esi
911 2874 1108 2946 dillicillimnm,

148 2962 251 3031 docuit,
266 2969 298 3016 nt
312 2970 419 3015 nosmet
438 2962 512 3032 ipsos
528 2973 714 3013 nosceremus:
736 2958 812 3012 cuins
828 2961 963 3030 praecepti
978 2967 1050 3013 tanta
1068 2959 1108 3014 uis

148 3053 176 3100 et
191 3053 264 3099 tanta
278 3043 411 3097 sententia
426 3051 478 3111 ost,
493 3049 525 3097 ul
539 3056 569 3095 ea
585 3057 638 3096 uon
655 3040 755 3096 bomini
769 3041 911 3113 quoipiam,
924 3039 971 3095 sed
982 3039 1107 3112 Delphico

148 3126 198 3182 deo
221 3124 394 3182 tribueretur.
430 3120 478 3180 eo.
503 3138 563 3179 nam
584 3125 631 3196 qni
648 3141 678 3179 se
697 3127 755 3195 ipsc
770 3125 852 3189 norit,
874 3124 987 3194 primum
1008 3122 1107 3194 aliquid

147 3225 177 3265 se
192 3207 290 3264 habere
306 3208 406 3263 sentiet
420 3207 540 3262 diuinum
555 3208 748 3279 ingeniumque
763 3208 790 3262 in
805 3223 835 3262 se
850 3222 929 3262 sunm
944 3208 1014 3260 sicut
1025 3208 1106 3261 simn-

147 3291 248 3348 lacrnm
264 3290 372 3362 aliquod
384 3290 502 3346 dicatum
517 3289 631 3361 putabit,
648 3298 777 3362 tantoque
793 3305 903 3345 munere
914 3288 1026 3344 deornm
1037 3306 1106 3344 sem-

146 3373 321 3448 perdignum
337 3372 437 3444 aliquid
452 3382 480 3429 et
495 3372 574 3428 iaciet
594 3382 623 3428 et
641 3374 748 3442 sentiet,
771 3381 807 3441 et,
829 3388 911 3444 quom
926 3388 955 3427 se
972 3374 1030 3444 ipse
1045 3389 1107 3446 per·

146 3460 265 3532 spexerit
287 3464 428 3528 totumque
451 3458 596 3529 temptarit,
619 3455 777 3528 intelleget,
804 3470 885 3528 quem
911 3455 1071 3511 admodum
1092 3473 1107 3511 a

219 3668 239 3735 ²)
258 3669 321 3734 quod
335 3669 386 3718 AB
397 3671 437 3720 ed.
449 3671 480 3720 V.
519 3665 540 3732 ¹)
555 3677 610 3718 sunt
622 3669 652 3734 be
665 3684 735 3718 corr.
755 3685 799 3719 neo
813 3668 864 3718 AB
876 3669 951 3719 Haec
969 3669 1028 3731 sere
1045 3686 1106 3733 per-

145 3743 206 3792 iisse
216 3749 295 3805 palo:
309 3754 352 3788 nec
363 3738 429 3803 (ipse
438 3742 493 3791 alia
506 3748 586 3790 mente
600 3740 740 3802 disputari,
751 3756 825 3805 qnam
835 3747 862 3789 ul
870 3740 1018 3803 adpareret,
1025 3756 1107 3805 popu·

144 3814 261 3947 {igme
270 3813 325 3861 alia
335 3813 458 3861 constitui
466 3818 594 3874 oportere,
610 3825 685 3874 quam
698 3826 763 3874 quae
774 3827 834 3860 uere
844 3810 920 3873 bona)
931 3818 993 3860 sunl.
1007 3908 1009 3912 b
1020 3810 1048 3866 0.
1060 3812 1108 3861 ileo
