2378 4386
179 602 241 667 800
389 616 487 653 emon.
506 615 560 652 svs.
579 616 641 652 nost.
661 616 745 652 vnesc.
765 603 921 653 eet-294.

179 750 263 824 patris
287 747 368 803 rebus
396 749 455 802 lure
481 747 642 802 donationis
668 739 842 802 uindicant.¹
887 745 962 804 Noli
982 750 1079 821 ipitnr
1098 765 1148 806 nne-

180 841 261 889 tnere
288 823 436 903 ’fratrum²
463 836 572 884 tuorum
600 829 828 901 inquietudinem,
851 829 876 883 si
903 847 963 902 qua
992 832 1149 891 donativo

176 923 264 989 patre
285 923 332 971 tna
346 917 376 969 in
392 921 419 969 te
435 915 542 969 coliata
558 919 662 985 aequet
675 916 845 982 portionem,
862 929 937 985 quae
956 913 1008 971 tibi
1025 916 1148 973 ethonis

179 998 264 1073 patris
285 998 322 1054 ab
348 1001 483 1054 intestato
502 997 631 1066 debetur,
658 1011 777 1068 eamque
801 999 934 1053 indiam
962 1004 1147 1057 nouissimum

179 1081 308 1137 uoluntas
325 1097 502 1154 perseuerans
515 1082 656 1136 adinstar
668 1083 765 1136 mortis
776 1095 869 1135 canoa
882 1083 1063 1141 donationis
1073 1086 1147 1141 rede·

178 1167 230 1239 pit,
245 1165 290 1222 uel
312 1167 392 1221 etiam
408 1164 483 1221 inubi
500 1181 531 1220 ex
543 1166 656 1237 pecunia
672 1181 686 1220 a
700 1172 774 1236 potae
790 1165 842 1219 tibi
852 1165 973 1223 donata
984 1171 1147 1241 comparati

177 1254 321 1321 possessio
347 1250 457 1321 pridem
480 1248 526 1303 tilii
548 1247 659 1317 tradita,
680 1264 710 1303 eo
732 1247 908 1320 postmodum
928 1261 1083 1309 reuocata
1097 1268 1145 1308 non

179 1341 232 1391 eet.
265 1334 353 1391 Tuam
375 1337 463 1406 ipitnr
476 1334 552 1406 quoa
566 1348 605 1388 ex
619 1333 771 1388 donatione
793 1327 950 1403 competit⁸
967 1335 1045 1391 iacta
1060 1351 1145 1392 nume·

180 1433 254 1486 rans,
270 1418 341 1491 quod
363 1432 446 1490 penes
460 1423 574 1487 patrem
589 1420 736 1486 remansit,
749 1414 982 1486 cumfratribus
999 1433 1044 1476 ex
1060 1436 1144 1494 aequo

180 1502 283 1559 cliniae.
314 1500 370 1559 ilat.
386 1499 427 1555 lll.
442 1500 494 1559 lnol.
511 1498 568 1556 Oet.
600 1499 703 1554 Verona
720 1538 848 1556 ......

242 1580 305 1642 2⁰1.
327 1583 348 1639 ⁴.
368 1625 375 1638 .
392 1626 397 1637 .
417 1628 423 1639 .
443 1585 568 1655 Apotre
587 1598 685 1639 rernm
705 1585 883 1639 donationem
906 1587 936 1641 in
955 1595 984 1641 te
1002 1588 1142 1651 caninum,

179 1668 243 1725 licet
256 1670 284 1722 ln
299 1676 435 1740 potestate
447 1667 546 1738 saeris
560 1671 738 1735 constitutus,
755 1671 782 1722 si
801 1674 896 1722 tamen
912 1673 944 1724 in
958 1673 1039 1727 diem
1055 1673 1141 1730 nonis·

179 1754 276 1806 simum
292 1752 363 1806 uitae
377 1750 503 1805 uoluntas
519 1754 580 1806 eius
594 1752 729 1820 daranit,
749 1767 805 1806 non
826 1751 895 1806 lieet
916 1753 1080 1823 fratribus
1093 1759 1142 1811 inii

178 1839 355 1907 impnpnare:
379 1833 443 1889 'seo
468 1843 496 1889 tu
523 1828 649 1903 eorum,h
671 1850 738 1904 qinne
764 1834 937 1907 praetulisti,
959 1841 1053 1908 ficiem
1067 1842 1141 1896 instit

175 1919 395 1990 probationibus
413 1917 543 1989 faciens,
565 1933 601 1972 ne
621 1919 691 1990 quin
710 1916 756 1972 lint
781 1925 877 1973 contra
899 1920 1079 1981 uoluntatem
1099 1923 1140 1977 de·

180 2003 275 2072 iuncti,
292 2004 429 2058 obtinebis
444 2003 480 2057 ab
496 2017 538 2070 eo,
554 2017 636 2074 quem
646 2016 768 2070 praeses
779 2006 959 2072 prouinciae
974 2007 1141 2063 hereditatio

180 2088 318 2142 arbitrum
332 2085 457 2141 diuisioni
469 2084 556 2140 dabit:
571 2086 617 2154 qul
629 2086 655 2138 in
673 2089 813 2141 sententia
824 2086 952 2143 dicenda
964 2091 1023 2147 boc
1034 2092 1141 2145 scilicet

180 2174 309 2240 inprimis
329 2177 459 2240 spectare
481 2166 603 2235 debebit,
626 2175 656 2222 ut
678 2168 724 2223 tibi
746 2170 813 2224 istae
828 2184 871 2223 nes
884 2177 1071 2244 praecipuae
1085 2174 1136 2227 ad·

179 2255 351 2321 indicentur,
368 2259 395 2306 et
408 2257 564 2321 praeterea
576 2254 673 2321 portio
689 2269 720 2308 ex
732 2251 837 2325 legibus
856 2252 889 2308 ab
901 2256 1037 2312 intestato
1048 2255 1136 2311 ‹lebita

180 2350 219 2391 ea
240 2336 326 2390 rebus
347 2335 532 2388 hereditariis
552 2337 665 2407 intepra
688 2343 833 2393 seruetur.
876 2336 928 2394 PP⁴
954 2339 985 2395 V.
1010 2339 1063 2397 bol.
1084 2339 1138 2395 lau.

180 2416 327 2471 Treueris.
347 2457 353 2470 .
371 2457 376 2468 .
394 2457 401 2472 .
420 2461 426 2472 .
445 2410 469 2471 ,θ
497 2416 525 2471 ΙΙ.
542 2434 633 2474 conss.

87 2490 165 2612 ”ffb
241 2494 309 2556 2⁰2.
338 2493 359 2555 ⁷.
378 2540 383 2555 .
402 2541 432 2554 ..
455 2501 572 2558 llonotio
594 2502 736 2575 quideme
762 2512 838 2577 patre
866 2505 893 2560 in
922 2505 1142 2581 filiumfamilias

84 2576 98 2612 ⁶
115 2573 166 2612 ΝΠ·
180 2585 286 2641 collata
302 2588 365 2656 ipso
380 2588 444 2641 inre
460 2603 516 2642 non
532 2589 626 2648 nolet,·
640 2589 692 2643 seii
706 2589 728 2643 si
745 2589 771 2642 in
794 2587 886 2644 eodem
902 2590 1055 2648 uoluntate
1069 2600 1143 2666 poten

177 2673 382 2742 perseuerauit
402 2686 491 2740 nsque
516 2674 545 2724 in
569 2672 642 2726 diem
668 2675 746 2726 niiae
770 2668 982 2739 nouissimam,⁸
1004 2677 1142 2746 uoluntas,

180 2770 258 2826 quom
280 2756 307 2809 ln
329 2762 481 2809 extremum
497 2769 587 2826 nsque
602 2760 811 2822 normulam,
833 2759 1028 2815 custodienda
1045 2768 1101 2831 est,
1115 2768 1143 2817 nt

76 2830 211 2901 [illiti-bet
222 2839 328 2910 portio,
341 2855 410 2911 quoe
426 2837 457 2893 ub
473 2839 600 2893 intestato
612 2836 736 2909 debetur,
750 2832 755 2915 i
767 2838 879 2894 inlibata
897 2852 1044 2901 seruetur.
1071 2846 1143 2901 lusto

181 2937 249 2994 quae
266 2921 307 2976 adl
322 2930 504 2977 correctorem
521 2921 609 2976 uisum
621 2920 810 2994 clarissimum,
826 2924 940 2978 amicum
960 2936 1108 2999 nostrum,
1120 2937 1145 2985 et

182 3020 223 3074 ea,
239 3005 347 3078 quaein
364 3021 469 3078 precem
486 3004 636 3073 contulisti,
652 3004 762 3080 odlegn;
785 3008 872 3078 quiin
894 3010 1145 3069 examinationibus

181 3104 239 3145 eam
250 3091 410 3145 sententiam
422 3095 539 3161 promet,
549 3104 626 3160 quom
639 3088 704 3143 iuris
717 3099 796 3163 atque
809 3091 951 3162 aequitatis
969 3097 1045 3153 notio
1059 3095 1183 3154 dicti-lili

180 3172 261 3229 uerit.
287 3172 338 3229 ΡΡ.
354 3172 513 3242 llediolono,
526 3172 578 3229 Vll.
593 3171 644 3227 lnl.
660 3172 712 3229 lan.
740 3173 828 3229 Tusco
847 3182 875 3228 et
889 3174 1025 3235 Anullino
1038 3175 1146 3238 consa⁹

180 3305 391 3313 ——--—-

253 3371 273 3437 ¹)
297 3373 454 3423 Postremum
474 3377 624 3423 senientiam
647 3376 707 3423 inde
727 3392 743 3423 a
765 3375 849 3425 verbis
871 3372 987 3426 ‘etiamsi
1011 3379 1053 3431 ia’
1077 3400 1146 3435 nnnc

176 3445 266 3507 paullo
282 3444 358 3490 aliter
373 3460 446 3506 qaam
462 3446 487 3492 in
500 3447 591 3506 priore
606 3447 718 3494 editione
729 3446 850 3507 forinovi.
912 3442 933 3503 ²)
954 3448 980 3495 V
983 3447 1005 3497 ἃ.
1022 3467 1065 3503 res
1087 3455 1145 3504 Vat.

182 3511 258 3578 ³)lta
273 3514 311 3560 vel
326 3520 359 3560 tat
378 3514 436 3562 Vot.
452 3515 478 3562 tii
498 3514 524 3561 V
525 3514 545 3563 d.
597 3513 618 3580 ⁴)
634 3515 751 3564 Iiesit'tttt'.
774 3517 811 3578 ss.
826 3516 857 3563 L.
869 3527 895 3566 18
905 3531 950 3578 pr.
973 3519 1145 3583 C.sam.erc.

181 3583 212 3646 (3,
227 3580 271 3646 tt).
286 3584 309 3643 §-
324 3593 371 3634 290.
428 3581 449 3648 ⁶)
463 3584 494 3633 In
515 3586 544 3633 V.
558 3587 641 3649 suerit
655 3589 794 3634 sturnorum
805 3588 891 3649 prima
906 3600 929 3633 m
944 3603 1076 3643 correcta
1090 3598 1119 3644 in
1133 3609 1145 3643 e

179 3672 365 3733 superscripta.
394 3687 448 3720 nom
463 3672 539 3736 (puta
554 3673 677 3735 notatam)
692 3689 773 3722 eorum
794 3674 850 3722 Val.
866 3674 912 3722 isto
928 3664 1028 3728 mb'rum
1050 3681 1080 3730 V
1080 3681 1100 3731 ⁴.

181 3737 201 3803 ⁰)
219 3737 373 3792 ‘Ualeriano
388 3743 439 3791 III.
455 3751 479 3793 et
496 3741 623 3793 Gallieno’
639 3746 764 3805 supplevit
779 3743 885 3798 liuenti„
905 3750 934 3792 at
948 3750 1081 3806 (uerita,
1097 3762 1145 3804 itt.

179 3809 232 3859 sea
244 3814 354 3874 spatiani
369 3813 431 3863 liaeo
447 3830 496 3863 non
512 3817 623 3877 capient.
676 3812 697 3877 τ)
712 3814 758 3862 Est
769 3815 926 3863 Diocletiani
940 3823 966 3864 et
977 3817 1146 3872 nllaximiani

180 3880 225 3946 (as.
245 3884 267 3944 ἓ.
283 3881 328 3947 2³).
356 3883 515 3934 Sententiam
533 3887 642 3933 restitui.
673 3885 711 3947 Cf.
731 3885 769 3946 ἐξ.
789 3896 835 3936 990.
855 3895 902 3934 291.
977 3883 1001 3950 ⁸)
1019 3890 1064 3941 Ita
1085 3894 1145 3944 Va.

180 3953 309 4003 nouissima
329 3954 376 4005 Vi.
428 3952 550 4022 ⁹)a.2aa.
