2378 4386
382 529 441 565 ean
458 529 558 566 rnsrrr.
578 512 599 570 I.
618 517 728 568 eo-et.
980 515 1040 579 195

75 673 186 729 liberam
202 688 278 741 esse,
295 673 405 744 coierit,
421 671 554 746 siqnidem
569 672 681 729 masculi
696 683 857 744 nascantur,
878 670 954 728 liberi
975 674 1041 744 sint,

74 761 96 812 si
112 773 180 813 uero
197 758 321 827 feminae,
337 756 369 812 ad
386 774 448 814 eum
464 759 628 834 pertineant,
648 759 725 815 cuins
741 768 827 813 nrater
841 756 936 813 ancilla
950 756 1041 815 luerit.

74 841 121 896 sed
138 850 167 897 et
181 843 209 897 in
222 841 270 898 bac
279 843 370 915 specie
383 842 462 897 diuus
475 841 665 915 Vespasianus,
681 841 844 916 inelegantia
857 843 924 897 iuris
936 853 1038 911 motus,

78 928 199 982 restituit
213 928 279 981 iuris
295 928 416 998 gentium
432 924 564 1000 regulam,
581 935 612 982 ut
626 927 792 997 omnimodo,
809 928 914 983 etiamsi
930 927 1040 984 masculi

79 1019 234 1078 nascantur,
250 1012 323 1066 serni
339 1013 394 1067 sint
410 1013 479 1080 eius,
494 1012 571 1066 cuins
587 1020 615 1066 et
631 1021 716 1067 mater
731 1010 824 1067 inerit.
859 1006 909 1069 86.
925 1011 976 1067 Sed
993 1012 1039 1068 illa

77 1111 139 1168 pars
156 1095 275 1151 eiusdem
292 1094 361 1168 legis
377 1096 450 1150 salua
466 1103 516 1163 est,
535 1104 564 1149 ut
577 1113 608 1150 ex
617 1095 699 1151 libera
712 1106 739 1151 et
751 1112 832 1151 seruo
844 1096 942 1166 alieno,
959 1113 1039 1170 quem

78 1179 181 1236 sciebat
200 1196 310 1235 sernum
332 1197 404 1249 esse,
425 1181 498 1234 serni
514 1188 667 1235 noscantur.
701 1180 791 1253 itaque
806 1180 876 1252 apud
893 1197 962 1253 qnos
979 1180 1040 1237 talis

78 1263 123 1318 les
137 1280 191 1319 non
206 1275 258 1333 est,
275 1266 320 1337 qui
337 1270 471 1335 nascitur,
487 1265 546 1318 iure
561 1264 682 1336 gentium
697 1265 789 1318 matris
801 1264 986 1319 condicionem
999 1280 1039 1319 se·

74 1348 170 1420 qnitnr
185 1358 212 1405 et
228 1347 262 1404 ob
278 1348 304 1402 id
320 1347 387 1404 liber
403 1357 454 1404 est.

128 1428 184 1489 8⁷.
208 1431 311 1499 Quibus
334 1441 425 1487 autem
449 1430 555 1488 casibus
572 1432 663 1485 matris
678 1440 705 1486 et
727 1447 781 1487 non
803 1433 888 1504 patris
904 1430 1039 1487 condicio·

73 1534 134 1573 uem
159 1518 285 1587 sequitur
308 1517 353 1587 qni
376 1517 512 1588 nascitur,
528 1514 622 1568 iisdem
644 1513 749 1569 casibus
771 1515 798 1568 in
822 1519 958 1585 potestate
979 1530 1040 1571 enm

73 1602 169 1674 patris,
186 1600 291 1654 etiamsi
307 1600 328 1653 is
344 1599 412 1654 ciuis
425 1600 560 1653 Rubrenus
576 1599 620 1666 sit,
638 1614 693 1652 non
709 1614 768 1653 esse
785 1598 845 1671 plus
862 1614 941 1670 qnam
956 1600 1040 1654 mani-

71 1685 176 1741 festum
201 1690 252 1736 est.
299 1692 326 1737 et
341 1682 403 1739 ideo
419 1683 545 1755 superius
562 1682 733 1755 rettulimus,
757 1681 916 1756 quibusdam
932 1683 1039 1755 casibus

70 1787 122 1844 per
143 1783 265 1823 errorem
288 1783 341 1822 non
365 1769 437 1822 iusto
461 1774 600 1823 contracto
622 1768 792 1823 matrimonio
814 1777 936 1823 senatum
956 1770 1040 1823 inter·

72 1855 166 1910 uenire
190 1859 218 1905 et
241 1853 384 1908 emendare
407 1854 503 1908 uitium
519 1853 693 1923 matrimonii,
709 1868 797 1925 eoque
812 1851 894 1907 modo
913 1851 1040 1925 ’plerum-

72 1930 143 2010 que¹
161 1934 279 2007 efficere,
297 1945 326 1992 ut
341 1937 369 1992 in
385 1944 548 2010 potestatem
563 1938 648 2010 patris
661 1935 731 1992 filins
746 1936 896 2010 redigatur.
920 1934 969 1996 88.
986 1936 1039 1992 Sed

72 2024 95 2077 si
110 2021 207 2076 anclila
223 2037 255 2075 er
271 2021 330 2076 cine
344 2022 466 2078 Romano
488 2024 653 2095 conceperit,
675 2022 772 2078 deinde
793 2023 955 2077 manumissa
970 2023 1038 2078 ciuis

72 2107 191 2163 Romana
212 2104 280 2160 iacto
296 2107 342 2178 sit,
365 2116 393 2163 et
409 2115 473 2163 tunc
487 2109 583 2180 pariat,
605 2106 670 2162 licet
692 2108 760 2163 ciuis
775 2107 911 2163 Romanus
934 2108 969 2162 sit
992 2107 1039 2179 qui

73 2192 205 2262 nascitur,
225 2181 230 2266 Ι
250 2191 320 2246 sicut
335 2199 412 2264 pater
428 2192 496 2260 eius,
512 2207 566 2245 non
584 2199 673 2247 tamen
689 2193 716 2246 in
732 2199 868 2266 potestate
883 2193 968 2264 petris
984 2200 1037 2260 cst,
1050 2199 1093 2252 ot.

76 2276 139 2347 quia
166 2291 253 2347 neque
282 2291 314 2330 er
338 2277 411 2331 iusto
439 2277 515 2331 coitu
543 2285 690 2349 conceptus
721 2285 778 2349 est,
809 2293 898 2350 neque
925 2293 958 2332 ex
981 2274 1038 2332 ullo

74 2359 311 2414 senatusconsulto
330 2360 390 2416 talis
405 2361 493 2416 coitus
510 2361 586 2432 qirasi
602 2362 690 2415 iustus
706 2363 895 2418 constituitur.

137 2437 187 2499 89.
204 2442 280 2510 Quod
302 2455 390 2500 autem
414 2444 530 2515 placuit,
553 2446 575 2498 si
597 2445 691 2500 ancilla
709 2461 741 2499 en
763 2448 822 2502 cine
838 2446 957 2501 Romano
973 2462 1038 2501 con·

73 2529 190 2601 ceperit,
213 2527 309 2582 deinde
330 2529 492 2583 manumissa
513 2530 662 2600 pepererit,
685 2531 730 2601 qui
759 2529 892 2597 nascitur,
924 2528 1038 2584 liberum

73 2614 156 2682 nasci,
174 2609 320 2684 (naltnrali
336 2616 442 2668 ratione
458 2610 504 2679 sn;
524 2628 582 2667 nam
598 2613 640 2681 bi,
663 2614 710 2683 qui
725 2612 865 2684 illegitime
882 2613 1038 2684 concipiun-

74 2706 129 2768 tur,
144 2705 244 2752 statum
261 2708 372 2753 sumunt
387 2714 418 2752 er
435 2713 468 2752 eo
490 2704 629 2768 ternpore,
650 2712 705 2768 quo
721 2704 885 2768 nascuntur,
906 2695 998 2767 ltaque
1016 2696 1038 2750 si

74 2798 106 2837 ex
121 2779 204 2836 libera
220 2790 380 2853 nascuntur,
402 2780 479 2836 liberi
501 2780 579 2851 liunt,
602 2795 652 2835 nec
667 2782 797 2848 interest,
820 2795 852 2832 ex
875 2795 930 2851 qno
953 2786 1040 2835 mater

11 2873 59 2930 tres}
74 2882 123 2921 eos
139 2868 304 2937 conceperit,
326 2884 386 2922 cnm
408 2865 503 2921 ancilla
525 2865 620 2921 luerit:
642 2874 669 2919 at
684 2865 721 2934 bi,
745 2866 790 2937 qni
811 2863 931 2937 legitime
950 2866 1038 2921 conci-

71 2951 193 3023 piuntur,
209 2967 240 3005 ex
256 2952 441 3024 conceptionis
458 2959 580 3024 tempore
601 2959 703 3005 statum
718 2957 839 3004 sumunt.
877 2943 929 3012 90,
944 2948 1037 3024 ltaque

70 3036 93 3089 si
116 3037 162 3089 cni
180 3034 287 3089 mulieri
314 3038 367 3091 ciui
390 3035 524 3091 Romanae
547 3037 706 3108 praegnanti
729 3051 797 3108 aqua
820 3043 848 3090 et
875 3035 932 3108 igni
953 3037 1036 3092 inter·

71 3118 171 3174 dictum
190 3119 281 3188 inerit,
298 3136 385 3193 enque
402 3119 483 3175 modo
499 3122 640 3194 peregriua
657 3118 742 3176 ’laeta
755 3112 841 3175 tunc²
857 3120 954 3192 pariat,
970 3138 1035 3177 con·

71 3203 163 3275 plnres
179 3203 355 3276 distinguunt
370 3214 397 3259 et
413 3212 521 3277 putant,
543 3208 566 3258 si
583 3205 689 3278 quidem
706 3221 736 3260 ex
752 3205 832 3260 iustis
850 3207 953 3278 nuptiis
969 3221 1034 3262 con·

71 3289 183 3360 ceperit,
200 3290 287 3343 ciuem
303 3289 450 3343 Romanum
468 3305 498 3342 er
512 3306 542 3344 ea
555 3292 638 3361 nasci,
654 3290 676 3344 si
690 3304 754 3344 uero
767 3289 851 3362 uolgo
867 3291 1035 3364 conceperit,

70 3374 242 3445 peregrinum
259 3389 290 3426 ex
307 3390 337 3428 ea
354 3375 434 3429 nasci.
471 3368 515 3429 el.
533 3373 598 3430 ltem
614 3376 636 3429 si
654 3391 705 3446 qna
723 3373 820 3428 mulier
835 3374 901 3429 cinis
917 3374 1035 3429 Romana

107 3579 112 3590 ¹
142 3503 163 3572 ¹)
181 3506 219 3569 Cf.
235 3508 258 3567 ξ.
274 3518 307 3557 68.
360 3504 382 3570 ⁹)
397 3506 441 3555 ne
457 3475 792 3573 Wleicsoctlinelegitnr.
818 3509 858 3555 liat
873 3515 895 3554 et
910 3507 1034 3556 tnncedd.

66 3590 152 3638 prior.

140 3681 164 3752 ᾗ.
181 3687 223 3734 87.
246 3685 283 3747 Cf.
299 3686 338 3746 ἐξ.
354 3696 380 3735 ott
394 3700 446 3748 seq.
511 3681 536 3751 ξ.
547 3686 589 3736 88.
607 3686 645 3747 Cf.
657 3684 688 3732 L.
703 3696 738 3735 tn.
758 3684 790 3733 D.
806 3685 837 3734 de
851 3685 938 3747 adopt.
955 3682 987 3746 (1,
1002 3683 1034 3741 a).

69 3749 93 3821 ξ.
108 3757 151 3806 89.
175 3757 213 3818 Cf.
233 3755 288 3818 Uip.
304 3768 325 3817 o,
341 3768 373 3806 ιο.
393 3756 426 3804 L.
447 3768 479 3806 18.
499 3768 532 3806 nt.
552 3757 584 3804 D.
605 3757 636 3804 de
655 3763 723 3804 stain
742 3754 807 3804 born.
827 3757 858 3818 (1,
872 3754 904 3818 b).
928 3753 1033 3812 Quintil.

69 3824 136 3876 LO.
152 3839 173 3889 e,
188 3839 208 3877 s.
230 3828 252 3887 5.
269 3839 302 3878 es.
322 3827 353 3875 L.
366 3839 385 3876 r.
401 3828 424 3887 ξ.
435 3839 456 3876 a.
476 3826 508 3874 L.
520 3838 540 3876 o.
560 3827 592 3876 D.
603 3827 638 3875 od
647 3827 739 3874 munic.
751 3824 797 3887 (so,
808 3824 839 3890 1).
894 3821 921 3891 §-
936 3825 977 3872 90.
995 3821 1034 3882 Cf.

69 3897 92 3958 §-
109 3909 155 3949 rer.
222 3895 247 3964 ξ.
262 3900 304 3947 91.
322 3898 359 3960 Cf.
380 3899 421 3958 ἐξ.
436 3909 471 3947 or.
487 3909 534 3948 reo.
558 3895 711 3959 Utp.1r‚n.
737 3895 812 3942 Paul.
831 3905 852 3954 e,
867 3905 901 3944 se.
921 3893 962 3952 §b
977 3903 997 3940 e.
1013 3900 1035 3940 a.

832 3974 882 4027 ln*
