2378 4386
391 504 457 540 uvn11
476 501 570 539 rtvnni
591 503 661 538 seur.
681 484 727 540 Ill.
747 491 771 538 d.
994 490 1052 555 501

111 633 254 692 citudinem
278 643 391 706 spectat.
433 631 462 692 9.
490 628 593 690 ¹Seruo
616 632 733 690 fataliter
753 634 917 706 interempto
939 631 1060 706 legatarii

109 718 231 776 damnum
257 725 314 789 cst,
341 720 404 791 quia
432 718 549 792 legatum
575 717 648 773 nulia
676 718 753 791 culpa
785 716 890 773 heredis
914 716 1060 776 intercidit.

108 798 151 861 10.
167 796 303 858 insinuari
319 801 398 858 heres
413 809 514 876 potest,
531 810 560 856 ut
576 801 652 858 alicui
669 802 777 857 (ionium
793 809 924 872 exstruat,
939 809 986 856 aut
999 816 1061 857 acre

109 887 195 944 alieno
219 902 282 942 eum
304 885 411 941 liberet.
455 883 490 942 ll.
516 877 641 941 ³Sinendi
659 886 738 941 inodo
760 896 812 941 tarn
828 883 984 959 corporales
1007 900 1062 954 res,

109 986 187 1045 quam
203 971 313 1043 quaein
330 971 388 1024 iure
403 971 572 1041 consistunt,
589 969 674 1041 legari
690 978 822 1041 possunt,
843 976 870 1025 et
884 962 975 1024 ‘ideo⁴
990 968 1061 1024 debi-

110 1055 161 1110 tori
180 1053 226 1124 id,
247 1052 321 1126 quod
337 1052 435 1124 debet,
451 1061 524 1109 recte
540 1052 652 1126 legatur.
688 1050 729 1108 12.
754 1047 835 1107 ὁΕἰιιε
857 1054 912 1122 rei,
935 1068 1002 1124 quae
1026 1053 1062 1108 ie·

109 1146 171 1211 gata
186 1144 240 1207 est,
255 1137 380 1209 exemplo
397 1137 503 1192 heredis
519 1145 620 1208 panteni
633 1152 790 1209 agnoscere,
806 1143 908 1208 partem
921 1135 1062 1209 repudiare

110 1213 1062 1294 hwmmwmmuffistmfflmmdwmmdnt

110 1303 143 1359 ad
157 1312 257 1360 certam
273 1320 415 1378 personam
432 1303 577 1366 deteratur,
601 1292 701 1358 nuliius
723 1312 764 1357 est
780 1304 917 1358 nrorneoti.
955 1299 998 1358 14.
1022 1294 1063 1357 ⁷Si

110 1388 172 1461 quis
186 1386 238 1443 sibi
259 1395 287 1443 et
306 1387 376 1443 Titio
397 1386 515 1461 legatum
538 1387 727 1459 adscripserit,
751 1388 835 1460 tnagis
857 1393 899 1441 est
922 1394 952 1442 ut
974 1394 1063 1441 totum

111 1469 230 1544 legatum
244 1469 278 1526 ud
293 1473 465 1528 coniunctum
482 1472 624 1544 pertineat.

208 1549 254 1628 [d.
271 1554 308 1612 18
322 1572 370 1627 pr.
394 1555 430 1610 D.
447 1557 486 1610 od
499 1557 552 1628 lep.
571 1555 656 1611 Corn.
672 1555 707 1610 dc
719 1554 790 1626 sats.
808 1549 872 1627 (48,
890 1547 966 1630 10).]

176 1633 219 1694 15.
241 1629 311 1703 ⁸Qn
331 1654 361 1694 se
384 1637 439 1693 filio
464 1639 602 1694 testatoris
618 1637 749 1711 impuberi
771 1647 888 1694 tutorem
911 1638 1064 1711 adscripsit,

113 1730 144 1779 ut
160 1727 301 1793 suspectus
317 1738 331 1777 a
347 1723 429 1778 tutela
446 1723 626 1778 remouendus
647 1730 705 1791 est,
726 1722 757 1777 ad
774 1738 852 1796 quant
870 1721 941 1777 uitro
958 1722 1065 1778 uidetur

112 1803 263 1863 affectasse.
299 1801 341 1863 16.
365 1799 448 1862 ⁹iiem
471 1807 586 1880 legatam
601 1813 717 1862 testator
736 1808 759 1861 si
779 1814 872 1879 postca
895 1805 1003 1878 pignori
1019 1806 1064 1861 uei

112 1887 226 1947 fiduciae
240 1887 352 1958 dederit,
370 1905 401 1944 en
417 1906 450 1945 eo
467 1890 635 1947 uoluntatem
650 1899 768 1945 mutasse
781 1905 835 1944 oon
847 1888 963 1945 uidetur.
993 1881 1063 1946 .¹⁰l'l.

112 1971 287 2029 Ususiructus
304 1974 514 2046 uniuscuiusque
530 1977 568 2029 rei
584 1975 667 2047 legari
689 1980 795 2047 potest,
818 1981 843 2027 et
866 1981 911 2028 ant
926 1974 985 2045 ipso
1006 1975 1065 2030 iure

113 2058 295 2113 constituetur
310 2066 355 2111 aut
371 2073 419 2130 per
435 2058 560 2113 heredem
575 2057 762 2130 praestabitur.
800 2072 832 2111 eu
855 2072 933 2112 causa
957 2057 1065 2130 quidem

113 2140 290 2197 damnationis
312 2156 361 2213 per
384 2140 509 2197 heredem
533 2141 725 2213 praestabitur:
749 2142 809 2213 ipso
831 2149 919 2195 autern
941 2141 1000 2196 iure
1017 2157 1066 2214 pcr

59 2217 1066 2297 mmmmm.fflssmfflummmwmmmms

115 2307 1066 2382 mmwffimmmmuhmmmmfflmmmwe

114 2389 183 2448 alius
198 2391 397 2463 conualescere,
413 2391 480 2446 alius
495 2407 617 2446 crescere
633 2400 734 2463 potest.
771 2387 812 2447 ltt.
838 2385 985 2448 ¹²dnciiiae
1002 2411 1065 2448 usu-

114 2474 206 2532 fructu
232 2475 339 2549 legato,
368 2483 462 2548 partus
491 2477 547 2530 eius
576 2473 607 2527 ad
637 2473 811 2528 fructuarium
840 2491 894 2529 oon
917 2478 1065 2546 pertinent.

113 2553 164 2615 20.
189 2551 315 2632 ¹³Gregis
332 2559 475 2615 usufructu
491 2558 597 2630 iegato,
614 2573 698 2629 grege
713 2559 820 2628 integro
837 2563 977 2626 manente,
994 2557 1066 2612 setus

188 2705 208 2773 ¹)
225 2708 349 2771 Cfi§.1t.
370 2709 461 2759 deod.
515 2704 536 2771 ³)
553 2708 590 2770 Cf.
605 2708 628 2767 ξ.
643 2718 676 2756 21.
697 2704 718 2753 I.
733 2705 788 2754 eod.
840 2700 916 2770 ³)t'f.
926 2716 959 2756 21.
975 2707 1018 2754 eit.
1034 2706 1065 2756 Ι..

113 2790 139 2829 41
150 2795 195 2842 pr.
215 2778 247 2827 D.
258 2779 289 2827 de
299 2781 346 2844 lep.
359 2793 377 2829 1.
430 2777 451 2844 ⁴)
467 2779 556 2828 atratino
571 2778 638 2825 arieo.
669 2775 769 2839 Copitot
783 2790 843 2824 uero
855 2775 963 2824 Pontius
977 2776 1008 2824 de
1018 2775 1066 2825 doc
1086 2811 1089 2817 -

115 2850 214 2913 iepnto:
227 2848 302 2898 iteres
316 2864 384 2898 meuc
398 2851 489 2911 cinito,
504 2857 531 2897 ut
550 2847 630 2897 Titius
645 2847 713 2911 quod
726 2845 788 2894 milri
802 2845 887 2909 dedet,
901 2845 951 2893 sibi
964 2844 1065 2895 iubeat.

119 2916 139 2980 ⁸)
156 2917 193 2981 Cf.
208 2918 240 2967 L.
254 2932 275 2969 t.
295 2919 327 2967 D.
343 2920 374 2968 de
389 2922 436 2984 lep.
452 2933 472 2970 2.
496 2919 528 2967 L.
543 2931 569 2969 ce
579 2934 621 2981 pr.
646 2918 677 2965 D.
693 2918 724 2964 de
739 2919 786 2980 iep.
803 2930 821 2965 1.
892 2911 912 2979 ο)
930 2915 967 2979 Cf.
983 2916 1014 2964 Ι..
1030 2927 1064 2968 te.

114 2990 173 3051 §.d
193 2988 224 3037 D.
239 2990 270 3038 de
285 2991 341 3038 inre
356 2990 407 3038 dot.
424 2990 467 3052 (tt,
482 2989 512 3052 t).
534 2989 564 3037 1..
580 3001 603 3039 tt
615 3004 657 3051 pr.
678 2987 709 3035 D.
726 2987 756 3035 de
771 2989 818 3051 lep.
835 2999 854 3036 1.
874 2987 905 3034 L.
921 2998 940 3037 t.
955 2987 978 3048 ἓ.
994 2999 1013 3037 t.
1034 2987 1066 3037 D.

114 3058 146 3108 de
165 3060 242 3108 adim.
263 3075 285 3107 o.
306 3062 399 3123 tranas.
419 3062 466 3124 lep.
488 3060 535 3121 (tt,
555 3060 586 3119 t).
662 3054 735 3122 ἫΥ.
756 3057 786 3105 L.
807 3069 832 3106 rt
843 3071 886 3120 pr.
906 3058 928 3118 ξ.
945 3070 964 3107 1.
984 3057 1016 3105 D.
1032 3059 1068 3107 nd

115 3130 161 3194 lep.
179 3129 255 3178 Corn
270 3130 301 3178 de
313 3131 375 3192 sote.
390 3130 441 3193 (es,
456 3130 498 3194 to).
565 3127 584 3192 Β)
600 3129 707 3178 Plenior
722 3129 822 3177 uidetur
836 3135 929 3177 extare
944 3129 969 3176 in
986 3128 1016 3180 1..
1033 3141 1065 3180 to.

114 3200 137 3261 ἐ.
152 3211 173 3251 1.
192 3198 223 3247 D.
239 3199 276 3247 od
289 3201 336 3264 lep.
354 3199 428 3249 Corn.
444 3200 475 3248 de
487 3201 549 3262 fais.
565 3198 609 3264 (te,
621 3200 664 3260 ιο).
690 3196 754 3258 ‘Qut
768 3214 795 3247 se
806 3200 862 3261 filio
877 3200 1007 3248 testatoris
1022 3201 1067 3247 im·

110 3267 1069 3403 ἷῖἱῖἴῖὥῖἓΐίἕιῖἱῑῖἰῗ111119ῗέ1ἶὶῗὲῧέἔὲἓῑῖῗέἱΐὲφῇἰᾱ

114 3407 201 3468 betur,
215 3425 266 3460 non
281 3425 316 3459 ex
330 3418 488 3468 testamento,
508 3412 555 3460 sed
567 3425 601 3458 ex
620 3410 723 3459 decreto
742 3418 812 3459 tutor
831 3411 933 3459 dandus
951 3418 1003 3458 ert:
1020 3424 1068 3459 nec

114 3481 249 3530 excusatio
263 3482 319 3528 eino
329 3482 484 3538 admittetur,
500 3483 560 3545 puio
571 3483 730 3529 consensione
741 3482 843 3529 uidetur
854 3481 981 3530 uoluntati
991 3487 1066 3528 terto·

113 3547 200 3599 torin’
268 3547 289 3615 ⁹)
305 3550 343 3614 Cf.
358 3553 381 3612 ς.
397 3563 429 3601 ru.
447 3551 466 3598 Ι.
482 3552 513 3600 de
528 3553 575 3614 top.
591 3550 622 3611 (a,
637 3550 683 3613 to).
703 3549 736 3599 1..
751 3562 770 3599 a.
793 3550 817 3602 0.
833 3551 889 3601 eod.
905 3551 935 3612 (a,
950 3550 994 3614 cr).

117 3614 150 3684 10)
164 3620 210 3669 Tit.
226 3620 264 3669 tx.
280 3621 308 3668 de
324 3622 444 3670 usufructu
459 3622 498 3670 ed.
514 3620 597 3668 Ilnen.
613 3635 646 3667 eo·
664 3620 725 3668 cdd.
804 3617 836 3684 ¹¹)
854 3620 892 3683 Cf.
907 3619 938 3668 J..
954 3630 987 3669 12.
1008 3622 1030 3681 §-
1045 3631 1066 3670 t.

114 3687 145 3738 1..
160 3700 195 3743 to.
214 3690 247 3738 D.
262 3691 294 3740 de
309 3691 392 3754 ususr.
409 3691 440 3756 (r,
455 3691 485 3757 r).
544 3687 575 3753 ¹⁵)
592 3688 630 3751 Cf.
645 3689 677 3736 L.
692 3701 771 3751 ospr.
792 3690 823 3738 D.
839 3691 895 3739 eod.
915 3689 991 3740 Dte.
1011 3690 1034 3750 Ε.
1046 3702 1066 3739 1.

114 3758 146 3810 D.
161 3761 193 3810 de
208 3776 278 3812 usur.
294 3760 343 3825 (22,
359 3761 388 3828 1).
408 3765 431 3823 §-
446 3773 478 3813 tr.
504 3761 572 3809 I.de
586 3774 637 3806 rer.
658 3759 709 3807 dio.
725 3759 760 3823 (t,
780 3758 810 3825 1).
883 3755 915 3822 ¹⁸)
931 3758 970 3825 (γ’,
985 3758 1016 3808 J..
1032 3769 1065 3808 ce.

113 3829 136 3890 ἕ.
151 3841 164 3879 t
177 3844 229 3895 rep.
249 3831 280 3879 D.
296 3831 327 3881 de
342 3834 425 3895 neusr.
440 3833 471 3896 (t,
486 3831 515 3896 1).
