2378 4386
112 552 154 610 54
460 558 486 591 rr.
506 557 616 592 senatvs
635 557 734 591 crcuno.

111 689 178 754 iure,
205 685 258 740 boc
277 682 438 753 intellegant
452 682 479 736 lu
500 681 605 753 primis,
626 681 832 753 sepulchrorum
851 680 1075 755 magnificentiam

112 784 171 824 esse
187 765 366 822 minuendam.
394 759 441 820 6³.
456 780 506 819 nec
521 764 586 820 haec
601 781 616 817 a
632 764 837 836 sapientissimis
852 765 944 838 legum
959 768 1076 840 scripto·

111 849 185 906 ribus
208 847 333 922 neglecta
353 856 426 903 sunt.
457 863 519 902 nam
540 855 568 903 et
583 847 695 903 Athenis
715 849 766 903 iam
788 847 834 903 ille
854 864 914 904 mos
935 843 974 905 et¹
996 850 1075 907 ace-

110 949 203 1006 crope,
220 942 250 987 ut
265 934 350 1002 aiunt,
365 933 512 1005 permansit
528 931 581 987 hoc
594 932 636 986 ius
653 939 725 987 terra
740 931 877 1003 humandi,
898 949 1074 1007 quamquem

111 1017 237 1092 proxumi
252 1014 371 1072 fecerant
387 1013 558 1087 obductaque
573 1023 646 1070 terra
661 1024 729 1087 emt,
745 1014 871 1090 frugibus
886 1017 1076 1089 emerebatur,

111 1108 141 1155 ut
164 1102 240 1155 sinus
262 1108 289 1154 et
312 1100 444 1172 gremium
460 1099 537 1171 quasi
553 1099 644 1153 matris
659 1107 769 1155 mortuo
784 1099 964 1173 tribueretur,
985 1100 1074 1157 solum

110 1191 199 1239 autem
215 1181 339 1256 frugibus
354 1183 491 1255 expiatum
506 1175 593 1238 uiuis²
607 1181 783 1253 redderetur3
808 1185 994 1257 sequebantur
1009 1203 1075 1259 epu·

109 1267 162 1336 lae,
185 1282 250 1339 quas
271 1265 374 1322 inibant
395 1268 542 1340 propinqui
563 1268 701 1334 coronati;
723 1267 795 1340 apud
816 1261 897 1341 quas³
918 1268 951 1324 de
972 1273 1074 1325 mortui

110 1349 189 1406 laude
205 1366 298 1422 quom,
314 1352 337 1405 si
354 1349 419 1423 qnid
432 1351 499 1417 ucri,
516 1357 574 1406 erut
589 1349 785 1424 praedicatum,
801 1368 860 1406 uam
876 1353 984 1407 mentiri
999 1352 1075 1408 nefas

110 1432 269 1504 habebatur,
291 1428 483 1507 (εεριιὶειινα)4
503 1450 533 1490 ac
553 1435 624 1490 iusta
645 1433 769 1491 confecta
790 1444 874 1491 erant.
911 1431 959 1492 64.
979 1445 1075 1508 postea

111 1533 201 1591 quam,
221 1526 252 1573 ut
272 1519 366 1576 scribit
387 1517 548 1591 Phalereus,
569 1525 729 1593 sumptuosa
750 1516 808 1574 fieri
823 1519 918 1575 funera
933 1525 961 1575 et
976 1518 1076 1576 lamen·

111 1600 200 1656 labilia
215 1604 380 1675 coepissent,
403 1596 447 1658 ea⁵
463 1601 572 1659 Solonis
586 1603 648 1676 lege
664 1602 769 1659 sublata
783 1612 861 1659 sunt:
884 1620 964 1676 quam
985 1602 1074 1676 legem

110 1686 211 1741 eisdem
227 1702 313 1759 prope
329 1685 419 1741 uerbis
435 1689 521 1742 nostri
532 1686 678 1742 decemuiri
691 1689 719 1742 in
734 1687 862 1743 decimam
879 1686 996 1743 tabulam
1009 1703 1073 1743 con·

110 1770 248 1836 iecerunt3
270 1785 329 1823 nam
350 1768 383 1823 de
404 1769 491 1824 tribus
505 1771 613 1825 reciuiis
628 1777 657 1824 et
671 1769 800 1844 pleraque
815 1771 859 1826 illa
875 1770 983 1827 Solonis
998 1779 1072 1826 sunt.

111 1853 144 1908 de
159 1852 281 1908 lamentis
297 1867 362 1908 uero
378 1867 505 1924 expressa
520 1851 610 1907 uerbis
626 1860 704 1907 sunt:
728 1853 890 1909 mulieres
906 1870 1011 1926 genas
1032 1870 1074 1910 ne

111 1935 265 1991 radunto
286 1952 374 1992 neue
395 1934 523 1990 lessum
540 1934 675 1990 funeris
691 1951 776 2008 ergo
791 1935 953 1993 habento.
984 1937 1072 1994 xxvi.

111 2019 143 2075 de
158 2017 309 2092 sepulchris
331 2028 421 2076 autem
443 2018 510 2075 nihil
527 2026 568 2074 est
582 2017 654 2092 apud
669 2016 796 2074 Solonem
813 2020 926 2093 amplius
943 2037 1024 2095 quam
1039 2037 1074 2077 ne

111 2104 171 2176 quis
194 2118 224 2158 ea
246 2102 336 2160 deleat
358 2119 428 2159 neue
450 2102 567 2158 alienum
589 2101 697 2171 inferat,
720 2118 861 2176 poenaque
884 2112 942 2178 est,
965 2106 989 2158 si
1012 2107 1074 2177 quis

110 2186 230 2257 bustum,
252 2203 313 2242 nam
333 2187 360 2244 id
375 2195 442 2261 puto
459 2186 588 2261 appellari
608 2176 731 2260 τύμβον,
752 2195 798 2242 aut
819 2187 1014 2242 monimentum
1030 2189 1072 2243 in-

110 2263 256 2344 scriptum⁶
274 2279 321 2326 aut
341 2271 492 2327 columnam
513 2270 631 2341 uiolarit,
653 2263 773 2338 raserit,f
788 2270 911 2345 fregerit.
946 2270 994 2326 sed
1010 2281 1072 2344 post

110 2353 247 2427 aliquanto
259 2364 373 2428 propter
385 2355 431 2411 has
444 2353 633 2428 amplitudines
643 2354 859 2428 sepulchrorum,
876 2371 943 2428 quas
955 2356 982 2410 ln
994 2354 1073 2411 Cera·

110 2438 179 2493 mico
200 2437 334 2510 uidemus,
355 2438 417 2513 lege
441 2446 562 2495 sanctum
584 2448 636 2511 est,
657 2454 690 2493 ne
706 2441 767 2512 quis
782 2441 955 2513 sepulchrum
971 2438 1072 2494 faceret

112 2522 255 2596 operosius
271 2539 351 2596 quam
367 2522 541 2597 quoddecem
554 2523 676 2579 hemines
687 2523 826 2580 effecerint
843 2523 947 2592 triduo;
963 2519 1009 2580 66.
1024 2538 1071 2578 ne·

111 2621 164 2680 que
186 2605 213 2662 id
236 2623 318 2680 opere
340 2610 457 2664 tectorio
480 2608 602 2664 exornari
625 2624 675 2664 nec
696 2608 801 2664 hermas
823 2610 873 2665 hos
890 2625 959 2681 quos
973 2616 1072 2663 uocant

112 2689 210 2747 licebat
230 2693 334 2765 luponi,
356 2709 406 2751 uec
427 2692 461 2749 de
476 2694 576 2749 mortui
591 2691 669 2747 laude
684 2694 735 2747 uisi
751 2695 778 2747 in
794 2691 907 2764 publicis
923 2691 1071 2764 sepulturis

111 2792 161 2831 nec
176 2775 208 2829 ab
223 2776 284 2846 alio,
302 2779 353 2832 nisi
370 2779 416 2849 qui
431 2775 538 2848 publice
553 2775 584 2829 ad
600 2790 657 2829 eam
672 2789 729 2828 rem
739 2776 905 2829 constitutus
921 2783 1005 2845 esset,
1021 2774 1072 2829 dici

111 2857 217 2913 licebat.
250 2858 355 2913 sublata
382 2861 462 2913 etiam
480 2865 538 2912 erat
561 2855 701 2911 celebritas
722 2857 842 2911 uirorum
863 2872 894 2911 ac
917 2858 1072 2926 mulierum,

111 2954 166 3008 quo
182 2938 336 2993 lamentatio
352 2941 534 3006 minueretur,
555 2945 637 3008 auget
652 2937 722 2991 euim
737 2936 840 2992 luctum
855 2954 1005 2994 concursus
1023 2941 1072 2995 ho·

111 3020 220 3072 minum.
258 3015 306 3076 66.
332 3022 459 3091 quocirca
480 3020 601 3075 Pittacus
625 3020 733 3073 omuino
757 3019 884 3074 accedere
909 3037 1072 3095 quemquam

112 3108 185 3156 uetat
201 3101 228 3155 in
243 3099 324 3156 funus
340 3102 465 3156 aliorum.
499 3101 548 3157 sed
563 3102 599 3156 ait
613 3116 708 3155 rursus
723 3101 793 3157 idem
809 3103 968 3168 Demetrius,
983 3106 1071 3162 incre·

110 3181 217 3238 bruisse
240 3199 298 3238 eam
322 3182 446 3238 funerum
469 3183 730 3257 sepulchrorumque
745 3184 980 3259 magnificentiam,
1004 3206 1071 3262 quae

111 3282 182 3322 nunc
202 3265 260 3321 fere
276 3264 374 3320 homae
390 3273 448 3334 est;
469 3283 548 3338 quam
570 3267 793 3324 consuetudinem
809 3269 871 3343 lege
886 3270 982 3327 minuit
997 3274 1070 3345 ipsc:

111 3349 162 3404 fult
177 3350 247 3404 euim
264 3349 308 3404 hic
324 3349 375 3420 uir,
391 3356 421 3404 ut
435 3351 520 3421 scitis,
535 3366 591 3406 non
607 3349 695 3405 solum
710 3351 920 3425 eruditissimus,
932 3354 980 3409 sed
992 3357 1070 3409 etiam

183 3511 202 3578 ¹)
217 3515 255 3563 ille
269 3526 358 3565 mose*
374 3514 398 3562 A
412 3496 452 3580 illb
467 3493 547 3580 mobes
561 3514 587 3563 B
603 3515 642 3564 illo
657 3531 735 3565 mores
749 3518 789 3567 ed.
800 3516 830 3566 V.
850 3533 903 3567 unm
923 3527 947 3567 et
965 3518 1070 3579 Athenis,
1093 3572 1097 3580 ¹

110 3586 192 3634 nostis
206 3585 252 3633 iam
266 3585 319 3632 illos
335 3599 422 3647 mores,
437 3602 450 3634 a
465 3584 569 3650 Cecrope
585 3587 651 3635 idem
665 3589 698 3650 φ’.
733 3584 754 3652 ¹)
769 3597 794 3637 ut
809 3589 870 3637 uiuis
885 3587 936 3637 AB
948 3589 1006 3638 edd.

111 3650 215 3719 ³)AB,·
230 3656 325 3704 dictum
340 3657 401 3719 apud
417 3657 498 3720 epulus
513 3664 541 3707 nt
552 3655 635 3721 ‘opud
647 3655 778 3708 meneom'.
793 3673 854 3721 quos
868 3660 908 3708 ed.
928 3659 959 3708 V.
989 3656 1011 3723 ⁴)
1026 3658 1070 3708 Eae

114 3724 189 3788 Μ’.
205 3726 304 3775 addidi.
334 3723 355 3791 ⁶)
371 3734 394 3775 et
409 3728 432 3775 Α
448 3744 493 3778 om.
509 3727 627 3778 beat<
653 3726 941 3793 ³)tnquidBinquuA.
957 3731 1013 3779 edd.
1032 3730 1070 3793 Cf.

112 3793 190 3845 Orell.
199 3808 260 3848 uer.
270 3808 331 3848 5048.
348 3797 403 3847 el.
412 3798 456 3848 ur.
467 3811 526 3850 teet.
537 3799 563 3849 Τ.
571 3799 609 3849 lll.
616 3815 644 3864 p.
653 3812 713 3853 1119.
737 3797 878 3866 ⁷)J'acerlt0
892 3808 915 3850 et
931 3816 943 3849 c
957 3800 1071 3866 corr.)A

109 3868 183 3918 acerit
196 3866 227 3917 B.
255 3866 361 3932 Spectat
370 3869 418 3920 froc
428 3871 464 3919 ad
472 3873 654 3920 monimentum.
666 3871 749 3922 iecerit
758 3873 797 3922 ed.
811 3871 843 3922 V.
857 3872 970 3922 deiecerit
984 3873 1041 3922 edd.
