2378 4386
114 536 156 595 90
516 544 539 578 n.
559 541 668 578 cmcrve.

115 688 181 728 unm
193 670 308 741 serapem
324 675 442 739 secant,
462 665 583 737 familiae
598 669 764 738 purgandae
780 683 872 722 causa
891 667 992 723 Cereri
1007 683 1073 723 cae·

114 756 208 818 ditur,
230 751 416 821 praecidanea
437 751 544 805 dicitur.
565 742 603 787 -'-
620 746 693 805 Fest.
710 767 734 805 v.
751 742 928 805 Praecidanea
943 768 969 823 p.
988 746 1071 806 218.1

168 828 217 892 29.
240 833 349 890 Reiriua
370 833 429 889 laba
452 832 567 902 dicitur,
583 840 613 887 ut
629 834 665 887 ait
680 832 803 903 Cincius,
820 833 911 905 'quom
928 849 974 902 ea,
990 827 1073 906 quae²

113 917 146 974 ad
161 914 321 974 sacrificium
337 918 433 973 relerri
455 915 525 971 solet
547 913 656 971 domum
679 932 712 971 ex
733 924 827 990 segete
850 918 960 989 auspicii
983 933 1071 984 causa,

114 1002 188 1076 qnasi
203 994 391 1056 ’ῖῖιιοοῖιῖῖῐιῖῖ3
406 1000 514 1071 fruges,
534 1006 565 1053 ut
582 998 691 1054 domum
708 999 769 1054 'lata
784 1015 870 1055 messe
887 1001 990 1056 uirtute
1007 996 1073 1070 (sint

114 1081 224 1154 eadem)
240 1076 287 1138 ad⁴
302 1099 358 1138 rem
375 1084 491 1138 diuinam
508 1081 662 1138 faciendam.
680 1113 720 1122 -
737 1081 841 1137 Festa.
851 1082 957 1138 Reiriua
964 1101 991 1156 p.
1001 1083 1072 1140 att.

175 1164 225 1224 30.
248 1166 331 1221 Salias
353 1168 473 1240 uirgines
489 1164 595 1220 Cincius
616 1168 653 1221 ait
669 1183 729 1220 esse
744 1166 932 1235 conductitias,
955 1183 1023 1239 qnae
1040 1167 1072 1221 ad

113 1251 198 1306 Salios
213 1249 390 1305 adhibeantur
401 1247 519 1323 apicibus
531 1248 680 1321 paludatas,
698 1266 764 1322 quas
776 1249 867 1304 Aelius
879 1248 948 1305 Stilo
962 1252 1122 1323 scripsitres]

113 1332 272 1392 sacrificium
294 1333 380 1388 lacere
400 1335 427 1388 iu
448 1334 523 1406 regia
543 1347 603 1386 cum
619 1331 747 1404 pontifice
761 1331 902 1405 paludatas
917 1347 977 1389 cum
993 1336 1073 1407 apici-

112 1418 163 1474 bus
179 1421 206 1474 in
221 1416 329 1473 modum
345 1414 488 1471 Saliorum.
506 1443 542 1455 -
560 1415 633 1473 Fosi.
648 1432 672 1471 v.
690 1416 775 1471 Salias
791 1434 817 1490 p.
835 1415 905 1473 329.

175 1499 222 1560 31.
246 1501 375 1557 Sinistrae
390 1514 454 1554 aues
470 1500 664 1571 sinistrumque
679 1501 736 1555 siue
752 1501 912 1555 sinistimum
925 1500 1073 1574 auspicium

113 1588 130 1642 i.
148 1585 221 1659 quod
238 1586 308 1639 sinat
324 1580 391 1639 lieri.
421 1581 504 1638 Varro
520 1582 538 1638 l.
555 1582 585 1638 V.
603 1583 803 1656 epistolicarum
820 1585 1009 1657 quaestionum
1023 1585 1073 1639 ait:

112 1665 145 1724 ‘A
161 1667 274 1724 deorum
289 1666 353 1722 sede
369 1682 430 1722 cum
445 1668 472 1721 in
487 1666 624 1722 meridiem
639 1675 762 1741 spectes,
780 1663 876 1741 (quod)
891 1667 923 1723 ad
938 1669 1073 1723 sinistram

112 1759 176 1809 sunt
189 1759 280 1825 partes
295 1750 387 1806 mundi
403 1752 571 1821 exorientes,
587 1749 621 1805 ad
636 1749 770 1807 dexteram
788 1751 957 1822 occidentes,
973 1752 1073 1807 lactum

113 1835 244 1906 arbitror,
262 1841 292 1890 ut
307 1835 415 1890 sinistra
430 1833 542 1887 meliora
558 1835 672 1905 auspicia
689 1851 768 1907 quam
783 1834 893 1890 dextera
909 1851 968 1889 esse
984 1835 1074 1890 eristi·

112 1917 241 1976 mentur'.
277 1916 348 1972 ldem
372 1917 428 1973 iere
449 1917 571 1972 sentiunt
593 1916 702 1972 Sinnius
725 1916 817 1991 Capito
841 1928 869 1972 et
894 1917 1011 1973 Cincius.
1033 1949 1073 1956 —

112 2001 184 2059 Fest.
200 2019 225 2056 v.
242 2000 371 2056 sinistrae
385 2018 412 2074 p.
430 1999 501 2056 339.

174 2080 221 2144 32.
243 2083 378 2141 Vindicius
399 2124 489 2140 .....
510 2082 543 2139 de
565 2099 619 2157 quo
641 2099 708 2139 uero
724 2082 830 2139 Cincius
845 2085 885 2139 sic
900 2085 949 2139 ait:
972 2083 1073 2140 ‘Vindi-

111 2172 167 2226 ciae
183 2163 271 2225 'olim⁵
286 2167 444 2225 dicebantur
457 2166 534 2237 illac,
557 2183 624 2240 quae
640 2183 672 2224 ea
688 2167 773 2223 iundo
788 2175 911 2240 sumptae
926 2169 953 2223 in
969 2167 1010 2223 ius
1026 2167 1072 2221 ad-

111 2254 180 2310 latae
196 2251 295 2309 crant'.
311 2280 353 2292 —
368 2249 441 2308 l'est.
458 2267 482 2305 v.
501 2250 635 2307 vindiciae
651 2268 676 2324 p.
692 2250 764 2312 376.

26 2325 31 2335 ’
174 2333 221 2392 33.
244 2377 249 2389 .
266 2379 272 2391 .
287 2379 293 2392 .
311 2334 371 2398 Alii,
388 2341 417 2389 ut
433 2333 550 2403 Cincius,
566 2334 657 2390 dicunt
672 2334 814 2390 delubrum
829 2352 889 2391 esse
904 2334 995 2391 locum
1010 2343 1073 2391 ante

111 2419 253 2493 templum,
269 2418 313 2473 ubi
329 2435 396 2492 aqua
412 2420 507 2488 currit,
522 2435 536 2473 a
551 2418 687 2474 diluendo.
700 2449 742 2460 -
752 2420 827 2476 Serv.
846 2419 878 2474 ad
890 2423 956 2475 Aen.
972 2418 1004 2490 4,
1021 2419 1070 2475 56.

173 2498 224 2559 34.
246 2501 353 2560 Cincius
373 2510 402 2558 et
423 2501 530 2558 Cassius
550 2504 641 2573 aiunt,
661 2501 693 2557 ab
715 2501 840 2559 Euandro
856 2503 976 2559 Faunum
992 2501 1071 2557 deum

111 2586 292 2662 appellatum,
320 2587 440 2660 ideoque¹
463 2586 543 2643 aedes
571 2603 659 2643 sacras
688 2583 781 2643 saunas
804 2582 890 2661 primo
913 2585 1072 2660 appellatas,

110 2679 206 2745 postca
227 2671 287 2728 iana
302 2670 372 2727 dicta
387 2680 415 2727 et
430 2687 463 2726 ex
478 2686 526 2741 eo,
550 2673 596 2744 qui
611 2670 703 2726 lutura
717 2674 920 2743 praecinerent,
940 2670 1072 2726 lunaticos

111 2755 174 2812 dici.
190 2785 231 2796 —
247 2754 320 2811 Serv.
337 2754 369 2810 ad
385 2753 486 2828 Georg.
503 2757 532 2824 1,
549 2754 599 2810 10.

173 2835 220 2896 35.
244 2881 250 2894 .
264 2879 272 2893 .
287 2879 293 2892 .
311 2836 418 2892 Cincius
430 2838 538 2892 numina
550 2837 693 2907 peregrina
707 2836 829 2888 nouitate
844 2849 876 2888 ex
891 2835 949 2906 ipsa
961 2830 1007 2907 (sc.
1020 2835 1072 2891 No·

110 2920 239 2990 uensiles)
254 2918 386 2992 appellata
402 2919 575 2991 pronunciat:
598 2933 658 2971 nam
673 2915 762 2970 solere
778 2915 911 2970 Romanos
926 2916 1072 2988 religiones

112 3002 220 3058 urbium
248 3009 435 3072 superatarum
458 3001 554 3071 partim
577 3000 701 3071 priuatim
725 3014 773 3071 per
796 2998 907 3052 familias
929 3014 1071 3072 spargere,

109 3086 206 3159 partim
228 3082 335 3156 publice
356 3098 528 3137 consecrare:
551 3098 581 3136 ac
603 3098 637 3137 ne
659 3081 755 3154 aliquis
770 3082 883 3137 deorum
899 3081 1072 3139 multitudine

111 3176 157 3223 aut
172 3167 325 3240 ignorantia
341 3167 544 3237 praeteriretur,
560 3163 702 3220 breuitatis
717 3173 744 3220 et
759 3165 910 3238 compendii
924 3182 1004 3221 eausa
1016 3184 1071 3223 uno

111 3252 213 3324 pariter
235 3249 343 3304 nomine
364 3256 478 3304 cunctos
499 3247 661 3305 Nouensiles
682 3251 810 3305 inuocari.
831 3280 872 3291 -
888 3250 990 3308 Arnob.
1012 3252 1070 3307 adr.

111 3341 186 3407 gent.
207 3333 235 3403 3,
254 3331 303 3389 38.
319 3331 353 3387 cl.
370 3346 393 3392 c.
406 3325 471 3388 39.⁰

184 3444 205 3512 ¹)
221 3447 329 3496 Mittere·
340 3447 514 3509 supplementa
520 3449 639 3510 paullum
649 3449 754 3497 maiani.
772 3448 810 3511 Cf.
823 3447 886 3498 Geli.
896 3461 919 3508 t,
930 3462 950 3501 s.
976 3446 997 3513 ¹)
1011 3465 1071 3514 quo-

112 3533 157 3581 quo
177 3522 238 3582 quae'
253 3516 297 3566 Cd.
312 3516 370 3564 edd.
409 3512 429 3581 ³)
444 3526 559 3566 reuocant
574 3518 618 3567 Cd.
633 3518 691 3567 edd.
725 3516 747 3584 ⁴)
763 3519 856 3569 Paullo
870 3520 998 3569 audacius
1012 3536 1070 3570 cor-

111 3589 171 3637 rexi
185 3589 269 3637 locum
283 3585 461 3649 desperatum·
476 3588 583 3637 datantes
599 3589 709 3638 teuirtico
724 3590 754 3638 ad
766 3589 809 3639 θα.
827 3590 865 3652 Cf.
878 3590 974 3639 Miller
985 3605 1011 3652 p.
1023 3601 1069 3640 toa.

112 3656 133 3720 υ)
149 3657 282 3707 Fortasse:
296 3657 363 3718 gieue
378 3655 490 3724 (glebae).
521 3658 585 3708 Nam
600 3661 676 3709 etiam
687 3660 772 3710 Cincii
780 3668 892 3723 ternpore
903 3661 940 3708 ita
949 3659 1070 3708 diceban·

110 3735 162 3777 tur.
191 3727 233 3775 An
243 3733 335 3790 posteo
349 3742 384 3777 eac
398 3743 439 3778 -ur
453 3729 506 3777 illae
519 3731 669 3792 faciendum
683 3731 806 3793 uirgulae?
830 3726 852 3794 ο)
864 3729 983 3778 Pcucula
994 3730 1071 3792 frap-

110 3805 194 3848 mento
204 3805 249 3847 arrt
259 3813 326 3848 mere
334 3800 504 3864 psammeticn
514 3808 560 3849 not
570 3803 670 3851 incerta
680 3803 762 3859 omisi,
773 3802 804 3850 de
814 3799 905 3865 quidus
915 3798 966 3847 oid.
979 3798 1070 3847 Hertz.

111 3871 128 3919 l.
144 3885 165 3919 c.
177 3885 206 3933 p.
221 3879 247 3921 58
261 3884 314 3934 aeq.
