2378 4386
427 1303 680 1357 (COMMENTARIVS
695 1303 839 1353 renrtt's.)

148 1621 223 1660 mum
239 1603 279 1658 aet
294 1617 363 1659 snos
376 1603 499 1659 heredes
511 1606 668 1674 pertinent.
700 1598 728 1658 2.
750 1602 803 1659 Sni
819 1613 914 1661 antem
929 1602 1051 1659 heredes
1066 1618 1118 1658 en-

147 1689 312 1743 istimantnr
324 1688 419 1757 tiberi,
440 1690 491 1758 qai
504 1691 533 1742 in
546 1693 691 1756 potestate
705 1691 855 1745 morientis
874 1687 1009 1759 fuerunt,
1031 1690 1119 1744 netnti

147 1773 226 1844 fitius
239 1773 350 1843 fitiane,
366 1786 457 1843 nepos
472 1773 603 1842 neptisne
618 1785 658 1827 ex
671 1773 748 1842 fitia,
766 1789 917 1846 pronepos
928 1776 1118 1843 proneptisne

149 1872 189 1913 ea
210 1863 314 1928 nepote
335 1858 395 1927 filio
417 1862 486 1911 nato
507 1863 670 1927 proprietas
688 1864 889 1930 propnetane:
910 1872 965 1911 nee
987 1860 1117 1925 interest,

149 1948 245 1998 ntrnm
265 1943 416 1996 naturales
436 1944 493 1995 sint
513 1939 598 1995 tiberi
617 1956 655 1995 an
672 1942 814 2013 adoptini:
834 1945 876 1998 ita
896 1942 1006 1996 nemnem
1023 1948 1118 1997 tamen

115 2014 121 2026 '
149 2041 239 2097 nepos
250 2027 380 2095 neptisne
392 2031 419 2079 et
428 2038 577 2094 pronepos
583 2029 774 2095 proneptisne
785 2041 903 2082 suoram
914 2025 1053 2080 iteradum
1065 2044 1117 2080 nin

149 2125 227 2166 mero
239 2116 316 2179 sant,
327 2108 354 2165 si
363 2109 546 2180 praecedens
555 2123 683 2179 persona
691 2110 809 2166 desierit
815 2113 844 2166 in
852 2115 997 2182 potestate
1007 2124 1116 2179 paren·

149 2197 185 2252 tis
207 2209 279 2263 esse,
304 2196 366 2249 sine
388 2200 478 2249 morte
500 2193 531 2248 id
553 2195 693 2250 acciderit
715 2196 776 2251 aas
791 2197 850 2250 alia
872 2195 1001 2263 ratione,
1026 2195 1118 2248 aetati

149 2278 381 2351 emancipatione
387 2301 397 2340 ,·
416 2294 484 2332 nam
504 2280 530 2333 si
547 2294 603 2349 per
623 2280 654 2333 aa
672 2285 798 2351 tempus,
821 2296 877 2352 qno
897 2280 961 2350 qnis
984 2282 1116 2347 moritur,

147 2364 226 2436 fitius
240 2366 270 2419 in
283 2368 427 2434 potestate
442 2365 504 2418 eius
519 2365 565 2433 sit,
581 2378 672 2434 nepos
688 2379 727 2420 ea
743 2379 775 2420 eo
790 2378 861 2421 snas
876 2364 963 2420 neres
979 2377 1044 2419 esse
1060 2379 1117 2419 non

147 2453 249 2519 potest.
286 2450 358 2505 idem
374 2450 446 2503 etin
463 2449 568 2503 ceteris
583 2449 720 2520 deinceps
737 2449 893 2506 tiberornm
907 2451 1043 2520 personis
1057 2449 1117 2503 etia·

148 2540 207 2590 tnm
225 2535 430 2605 intettepenns.
464 2528 492 2589 8.
514 2523 595 2588 onr
606 2548 729 2606 qnoque,
745 2550 820 2607 qnae
836 2538 866 2591 in
882 2550 969 2590 mann
982 2537 1044 2589 eins
1058 2534 1119 2604 (qni

148 2614 354 2695 moritnr‚)est,
367 2620 395 2674 ei
404 2633 458 2674 suo
471 2618 615 2686 tteresest,
627 2621 857 2691 qniafitiae'toao
870 2626 927 2675 est.-
938 2621 1115 2688 nanninus,

148 2719 223 2775 qnae
229 2707 258 2760 in
264 2706 319 2777 filii
323 2710 470 2774 manassi,
478 2703 658 2759 aameinaec
665 2706 760 2775 neptis
771 2707 835 2761 toea
843 2705 999 2768 est,·seditn
1007 2705 1115 2759 demum

163 2874 172 2888 ⁸
223 2869 243 2938 ¹)
259 2874 374 2923 Primm
392 2874 469 2922 natas
488 2873 665 2921 commentarii
680 2872 774 2934 foliam
793 2872 954 2936 deperditam
971 2887 1006 2921 ese
1025 2871 1114 2921 Cottat.

149 2954 187 3003 18,
206 2955 226 2994 a.
246 2945 285 3005 ἐξ.
307 2956 375 2995 1-8.
400 2951 424 2992 et
443 2942 507 2991 Inst.
527 2943 691 3005 atiquatenus
709 2951 806 2993 tantam
824 2946 924 2993 sarciri
938 2944 1038 3007 potnit:
1057 2957 1114 2990 narn

147 3014 266 3075 suppleta
286 3016 332 3061 nait
351 3015 411 3077 sere
435 3019 532 3061 tantam
554 3012 689 3074 sufficiunt
714 3013 817 3064 Codicis
841 3014 936 3065 Veron.
952 3015 1067 3077 popinae
1090 3019 1114 3059 et

148 3080 252 3130 dubium
266 3098 316 3132 non
331 3091 380 3140 est,
400 3085 461 3146 quin
477 3083 589 3144 primum
608 3085 697 3147 atiquo
711 3088 907 3148 praecesserint
925 3085 1051 3134 transitus
1070 3083 1113 3145 sa-

149 3152 346 3216 eiendipratin.
377 3153 504 3215 Cpssms.
521 3164 568 3202 100.
597 3152 697 3203 Deinde
712 3156 834 3218 paea.
850 3164 866 3207 t.
881 3173 915 3206 ex
932 3156 997 3206 Gaio
1012 3155 1114 3204 vitietur

145 3223 253 3285 petitam
267 3237 321 3271 esse
340 3230 364 3272 et
381 3230 509 3285 postremo
525 3225 547 3271 ts
566 3237 635 3273 more
648 3240 695 3275 sno
710 3229 908 3289 praemonuisse
920 3227 1056 3292 potandas
1069 3233 1114 3282 est,

149 3294 286 3351 interesse,
311 3301 396 3342 utram
415 3295 542 3357 inpensas
561 3309 594 3341 an
618 3294 725 3346 tibertus
744 3299 892 3348 decesserit.
923 3299 1114 3362 Cf.§§.18.as.

80 3367 86 3379 ‘
149 3362 272 3413 Priusne
286 3363 317 3413 cle
332 3366 502 3429 inpennornnt
516 3364 702 3416 hereditatibus
716 3378 842 3418 netarum.
873 3367 1061 3435 ‘Inpennornm
1075 3370 1114 3417 in·

147 3431 308 3484 testatoram’
325 3444 372 3485 ete.
407 3435 523 3485 Ceteram
538 3436 569 3484 de
584 3437 735 3488 lectionibus
751 3441 801 3489 vid.
816 3441 852 3489 aet
868 3441 957 3490 Callai.
973 3447 1070 3491 notata.

219 3592 245 3664 ξ.
263 3598 285 3644 1.
301 3597 371 3658 =§.
387 3607 407 3645 1.
428 3594 496 3645 Lae
511 3595 598 3645 iered.
614 3612 635 3660 q.
650 3597 682 3646 ab
697 3599 742 3647 int.
759 3598 795 3665 (s,
810 3600 841 3664 1).
870 3600 908 3663 Cf.
925 3600 994 3664 Epit.
1010 3611 1113 3662 nepo.

152 3665 208 3731 Uip.
224 3679 258 3730 88,
274 3679 293 3717 1.
311 3666 401 3717 Cattat.
417 3677 450 3729 18,
465 3678 484 3718 8.
500 3669 523 3728 ξ.
538 3678 558 3717 8.
575 3667 625 3729 lege
640 3684 678 3717 x11
693 3666 753 3736 tao]
770 3671 804 3733 ef.
821 3671 933 3721 Dirtsen
948 3684 969 3732 8,
984 3683 1004 3721 1.
1025 3669 1114 3720 senaa

143 3753 172 3803 p.
188 3750 234 3789 188.
307 3733 332 3806 ξ.
348 3739 373 3788 2.
389 3759 423 3778 =
437 3739 459 3799 ξ.
475 3749 495 3787 s.
516 3737 537 3785 I.
553 3739 609 3787 eod.
627 3739 664 3801 Cf.
681 3740 750 3803 Epir.
770 3741 826 3806 Utp.
838 3745 864 3791 tt.
877 3759 915 3792 ce.
937 3743 1027 3792 Cottae.
1044 3754 1079 3804 so,
1092 3753 1112 3792 s.

149 3810 187 3872 ἐξ.
201 3822 221 3859 1.
236 3821 257 3861 8.
321 3805 346 3877 ξ.
362 3811 386 3860 3.
409 3808 447 3871 Cf.
463 3821 482 3870 1,
498 3821 544 3858 111.
561 3804 622 3860 nob.
637 3822 683 3861 118.
704 3824 786 3865 8188.
803 3825 848 3865 188.
873 3813 928 3877 Utp.
944 3824 977 3874 88,
993 3825 1025 3864 11.
1042 3825 1077 3875 ss,
1092 3823 1112 3862 8.

147 3892 181 3943 et,
197 3892 217 3932 1.
239 3881 301 3931 Gen.
318 3892 352 3947 18,
366 3892 386 3932 t.
406 3878 479 3930 Sero.
494 3881 530 3929 ad
543 3880 608 3929 Aen.
623 3893 643 3941 t,
657 3892 704 3933 181.
731 3883 837 3949 Dionys.
853 3895 873 3944 8,
888 3895 921 3935 85.
