2378 4386
155 557 219 622 202
447 574 509 611 uarr
529 573 633 608 rasrrr.
652 554 674 607 Ι.
695 560 835 608 teo-lm.

156 719 228 773 uaria
252 715 383 788 quaedam
405 713 540 769 uenditio:
564 711 638 785 quod
655 721 682 767 et
705 714 792 785 lpsum
809 713 851 766 ius
867 715 1005 786 proprium
1023 716 1123 770 ciuium

157 802 338 856 Romanorum
365 805 422 865 cst3
446 812 531 870 eaque
553 812 597 850 res
621 797 658 851 ita
680 797 784 869 agitur:
809 795 933 852 adhibitis
957 814 1011 854 non
1034 800 1123 854 minus

157 900 241 957 quam
256 883 376 954 quinque
393 879 507 936 testibus
523 877 628 936 ciuibus
643 880 770 936 Romanis
785 878 933 953 puberibus
945 890 973 937 et
984 893 1124 956 praeterea

158 966 210 1023 alio
225 965 347 1021 eiusdem
362 964 546 1033 condicionis,
570 967 615 1036 qui
638 964 732 1020 libram
753 980 862 1020 aeneam
887 974 987 1039 teneat,
1010 970 1056 1041 qui
1078 985 1124 1041 ap·

158 1050 275 1125 pellatur
297 1048 443 1123 libripens,
465 1051 496 1120 is,
521 1053 571 1123 qui
590 1050 724 1122 mancipio
748 1050 864 1121 accipit,
886 1044 943 1104 aes¹
970 1060 1064 1107 tenens
1087 1054 1123 1107 ita

158 1135 236 1190 dicit:
259 1149 341 1191 nvnc
362 1149 425 1190 nuo
447 1150 592 1191 nournnu
606 1151 648 1192 nx
669 1150 746 1193 rnna
759 1149 926 1201 qunrrrvu
941 1152 1029 1192 muru
1049 1151 1124 1193 assa

157 1234 211 1278 nlo
228 1233 321 1284 move
337 1235 409 1276 urm
424 1234 548 1277 nuervs
563 1234 643 1277 asro
664 1234 1123 1292 noonnnrannnaovran1nna3

158 1303 255 1360 deinde
271 1320 337 1359 aere
353 1305 470 1377 percutit
485 1302 578 1359 libram
594 1303 675 1376 idque
691 1322 736 1361 aes
751 1304 796 1359 dat
818 1305 854 1378 ei,
877 1320 891 1358 a
913 1320 968 1376 quo
991 1306 1123 1375 mancipio

158 1389 270 1462 accipit,
287 1389 364 1462 quasi
380 1390 463 1462 pretii
476 1386 549 1446 loco.
579 1384 648 1446 120.
660 1387 696 1444 llo
709 1389 791 1445 modo
807 1398 834 1445 et
849 1387 963 1444 seruiles
979 1396 1006 1442 et
1022 1386 1122 1442 liberae
1138 1396 1188 1448 {raoj

157 1490 292 1547 personae
308 1474 507 1545 mancipantem
531 1473 654 1529 animalia
676 1490 802 1547 quoque,
825 1488 893 1547 quae
916 1472 1029 1543 mancipi
1048 1480 1123 1542 sunt,

159 1574 214 1632 quo
230 1559 257 1613 in
273 1574 385 1614 numero
398 1557 638 1630 habenturboues,
654 1560 728 1631 equi,
744 1556 821 1630 muli,
837 1558 920 1625 asini3
936 1558 1001 1611 item
1016 1554 1124 1628 praedia

160 1652 212 1698 tam
235 1640 336 1698 urbana
359 1658 439 1715 qnam
463 1644 577 1713 rustica,
602 1658 671 1717 quae
687 1652 715 1699 et
729 1644 787 1716 lpsa
802 1643 916 1714 mancipi
931 1648 1008 1710 stant,
1033 1640 1126 1713 qualia

158 1735 223 1781 sunt
238 1725 342 1798 italica,
365 1726 460 1782 eodem
478 1727 557 1782 modo
574 1727 664 1783 solent
686 1728 841 1800 mancipari.
878 1722 941 1783 121.
965 1725 993 1779 ln
1017 1739 1050 1779 eo
1066 1725 1127 1780 solo

158 1811 329 1885 praediorum
346 1812 506 1883 mancipatio
523 1827 537 1866 a
552 1820 706 1866 ceterorum
722 1813 920 1885 mancipatione
935 1801 1037 1870 diflert.¹
1053 1807 1127 1882 qnod

158 1911 292 1970 personae
307 1896 422 1950 seruiles
438 1904 465 1950 et
481 1892 591 1964 liberae,
606 1896 670 1949 item
686 1897 819 1967 animalia,
835 1911 903 1968 quac
919 1894 1035 1966 mancipi
1051 1901 1126 1964 sunt,

158 1982 209 2035 nisi
227 1980 253 2034 in
270 1980 423 2052 praeseutia
438 1979 508 2043 sint,
525 1980 670 2052 mancipari
685 1996 738 2034 non
755 1991 888 2052 possunt3
904 1979 971 2035 adeo
988 1978 1105 2052 quidem,
1121 1970 1125 2055 Ι

108 2073 189 2124 32.ut
204 2080 277 2135 eum,
294 2059 362 2136 (qai)
379 2063 510 2135 mancipio
527 2064 638 2135 accipit,
662 2063 866 2136 adprehendere
880 2064 907 2119 id
929 2065 1030 2137 ipsum,
1054 2063 1126 2135 rpuod

159 2152 187 2204 ei
200 2149 334 2221 mancipio
350 2146 442 2217 datur,
459 2162 570 2202 necesse
585 2148 634 2209 sit:
652 2147 722 2203 urrde
739 2149 819 2203 etiam
836 2149 998 2220 mancipatio
1013 2146 1124 2216 dicitur,

159 2234 221 2306 quia
251 2248 331 2286 manu
358 2247 402 2285 res
425 2232 545 2304 capitur:
573 2232 679 2305 praedia
708 2248 773 2287 uero
804 2226 864 2288 ‘in²
894 2231 1014 2288 absentia
1037 2231 1126 2287 soleut

158 2317 312 2389 mancipari.
347 2310 411 2372 122.
431 2314 494 2371 ldeo
511 2324 600 2372 autem
616 2332 661 2372 aes
677 2325 705 2372 et
724 2315 789 2372 libra
805 2315 960 2387 adhibetur,
982 2316 1045 2389 quia
1062 2316 1126 2372 olim

159 2401 245 2455 aereis
269 2406 372 2455 tantum
395 2403 510 2455 nummis
533 2400 695 2469 utebantur3
720 2409 747 2456 et
770 2409 846 2458 erant
868 2417 959 2472 asses,
982 2399 1125 2474 dupondii,

159 2485 295 2554 semisses,
314 2484 488 2556 quadrantes,
510 2501 562 2542 nec
578 2484 649 2541 tillus
664 2502 763 2541 aureus
778 2487 822 2542 uel
838 2494 985 2560 argenteus
1000 2501 1127 2539 nummus

159 2570 187 2625 in
203 2584 254 2624 usu
270 2576 338 2641 erat,
355 2570 426 2626 sicut
442 2586 475 2625 ex
490 2570 552 2644 lege
563 2586 608 2627 xu
623 2570 772 2626 tabularum
790 2570 951 2644 intellegere
966 2585 1127 2643 possumus3

159 2669 309 2727 eorumque
323 2670 497 2711 nummorum
513 2655 555 2711 uis
571 2666 598 2712 et
613 2662 735 2730 potestas
752 2672 807 2712 non
823 2658 850 2711 in
866 2670 979 2711 numero
995 2663 1062 2724 erat,
1079 2653 1126 2709 sed

160 2740 187 2795 in
203 2739 340 2813 pondere3
356 2733 500 2811 aramque³
515 2743 603 2797 ueluti
619 2756 692 2796 asses
708 2739 817 2797 librales
833 2733 936 2811 erant,⁴
950 2747 978 2794 et
993 2738 1129 2811 dupondii

234 2871 255 2940 ¹)
268 2873 311 2922 Ita
325 2875 423 2922 rectius
437 2871 485 2937 Bp.
500 2888 536 2921 ex
549 2873 667 2923 Boethio.
691 2874 780 2934 accipit
798 2887 849 2922 rom
866 2873 892 2923 0.
916 2872 1005 2934 accipit
1019 2886 1070 2921 rem
1085 2886 1126 2920 aes

160 2952 184 2994 et
198 2960 253 2994 area
264 2944 343 3007 prior
357 2944 396 2991 ed.
411 2958 446 2991 ea
462 2939 569 2991 ‘Gaius'
581 2959 609 3007 p.
624 2954 659 2995 ετ.
711 2938 732 3005 ¹)
747 2943 801 2993 Hic
815 2945 842 2992 ia
854 2946 907 3007 liae
922 2958 1011 2993 aereus
1024 2944 1126 2999 addidi,

159 3016 228 3078 quod
238 3017 264 3061 ia
277 3014 303 3061 C.
313 3013 427 3062 secundo
437 3029 460 3063 o.
470 3015 607 3076 superiore
617 3020 677 3062 ante
688 3016 806 3077 mancipio
817 3015 940 3064 abundat.
983 3011 1004 3079 ⁸)
1015 3013 1126 3076 Scripsi,

159 3100 216 3134 cum
231 3085 258 3130 in
278 3079 324 3130 W
333 3083 420 3144 prima
435 3084 523 3131 littera
536 3085 570 3133 ait
586 3100 608 3133 n.
625 3080 723 3149 ‘aliquo
738 3083 820 3135 aert'e'
836 3086 876 3136 ed.
891 3098 912 3137 a.
945 3080 1124 3135 ‘rauriacorum’

159 3170 194 3203 ex
208 3151 468 3217 Laelrm.qj.ed.Bp.
519 3150 541 3218 ⁴)
557 3156 823 3213 'tremerentbib'bree,·
839 3153 1028 3221 unde'ed.Bp.
1055 3154 1128 3215 Quod

159 3240 194 3274 ex
210 3224 235 3273 0.
250 3221 352 3271 Bludm.
366 3223 450 3285 refert
464 3223 566 3282 fuerant,
581 3226 683 3277 idedu
698 3228 885 3291 interpretatur
900 3243 970 3276 eram
981 3242 1009 3290 p.
1021 3227 1040 3275 ll
1051 3235 1127 3274 erant.

161 3292 240 3344 ‘Nam
253 3295 294 3342 sic
307 3300 332 3341 et
342 3299 433 3341 notare
443 3300 468 3342 et
479 3311 643 3359 praeponere
659 3295 767 3362 ‘pondo'
783 3307 808 3348 et
817 3300 994 3349 accusativum
1003 3297 1127 3345 adbibere

159 3365 282 3416 solebant.
312 3362 372 3411 Via.
388 3362 451 3414 Μ’.
467 3364 578 3417 Gronau
594 3369 625 3418 de
636 3385 695 3433 pec.
710 3378 757 3419 uei.
773 3382 793 3432 1,
803 3382 824 3429 6,
838 3386 864 3433 p.
875 3365 921 3421 tt)
947 3367 1000 3417 Sed
1008 3375 1069 3429 post
1084 3363 1128 3414 12⁸²

162 3435 289 3486 Gaianurn
300 3435 390 3497 potius
404 3435 506 3485 uidetur
521 3440 591 3502 quod
604 3457 673 3490 aurae
689 3442 769 3490 edidi.
852 3490 858 3501 ,

230 3576 256 3648 §-
274 3579 331 3629 120.
349 3582 388 3644 Os.
405 3578 460 3644 Utp.
477 3592 510 3639 aa,
525 3592 545 3629 r.
564 3596 646 3644 capra
658 3594 678 3645 1,
689 3593 735 3633 arn.
751 3593 798 3632 aaa.
819 3580 892 3642 infra
906 3588 928 3638 r,
943 3588 977 3627 ro.
992 3588 1025 3625 ar.
1041 3585 1075 3624 aa.
1090 3586 1125 3625 os.

160 3647 185 3718 ξ.
203 3653 261 3700 121.
283 3652 321 3715 Cf.
342 3652 397 3716 Uip.
414 3662 482 3711 rme.
507 3650 603 3701 leidar.
622 3652 665 3701 Or.
685 3663 706 3714 u,
721 3663 756 3702 ao.
779 3652 803 3711 ξ.
818 3660 853 3701 ³1.
882 3647 970 3697 Varro
989 3646 1020 3693 de
1040 3644 1072 3693 L.
1093 3645 1124 3693 L.

160 3734 181 3783 o,
195 3734 215 3772 s.
236 3724 258 3784 ἓ.
275 3734 308 3773 so.
359 3720 385 3792 ς.
402 3725 461 3772 122.
478 3721 517 3786 Os.
530 3722 599 3772 Ptin.
612 3722 644 3772 N.
655 3722 690 3771 Il.
704 3733 740 3783 ss,
754 3733 780 3782 a,
796 3732 829 3771 as.
849 3718 957 3781 Dionys.
967 3727 988 3777 o,
1004 3728 1037 3767 ea.
1061 3715 1124 3765 Geli.

159 3803 194 3853 so,
210 3806 229 3845 t.
251 3793 345 3844 lsiaor.
364 3793 408 3843 Or.
424 3808 457 3855 ao,
472 3806 506 3845 oa.
522 3806 556 3853 ro,
570 3806 604 3844 re.
628 3795 652 3854 5.
667 3804 688 3844 a.
702 3799 727 3840 ee
741 3801 774 3843 at.
799 3792 823 3852 §-
837 3801 858 3840 e.
884 3788 1016 3837 Ρνίεοῐαη.
1033 3804 1061 3851 p.
1078 3800 1125 3840 ros.

160 3876 212 3916 tart
228 3864 258 3915 P.
276 3865 341 3916 Fert.
357 3883 379 3915 n.
396 3865 522 3914 Pandere.
545 3864 630 3914 Graue
644 3877 696 3911 aee.
721 3863 921 3925 Dispensatorea
936 3875 964 3923 p.
980 3870 1027 3911 208.
1041 3872 1076 3912 98.
1092 3872 1126 3911 tt.

159 3934 246 3988 Soloi.
263 3937 336 3987 Pers.
352 3948 373 4000 a,
388 3948 421 3989 aa.
