2378 4386
120 506 185 571 406
400 520 462 557 ωτι
480 518 579 555 resrrr.
599 499 645 558 lv,
664 506 806 560 iii—179.

122 672 212 722 antem
225 664 260 733 ei,
275 679 337 719 cum
348 678 403 736 quo
414 661 516 735 agitur,
532 668 579 716 aut
588 659 736 716 calumniae
748 661 875 718 indicium
888 676 1028 732 opponere
1039 670 1087 718 aut

121 746 307 805 iusiurandum
323 747 442 820 exigere,
457 761 513 801 aon
524 743 671 801 calumniae
683 761 764 802 causa
779 763 870 819 agere.
902 740 961 803 tit.
973 744 1087 802 Contra·

44 837 104 892 249.
122 835 193 890 rium
208 840 297 887 autem
312 830 441 887 iudicium
462 830 596 886 exsertis
617 831 706 885 causis
728 822 953 899 ’constituitur,¹
981 823 985 906 Ι
1010 829 1087 886 uelut

120 919 144 974 si
158 917 317 973 iniuriarum
332 924 439 989 agetur,
455 915 516 970 etsi
528 929 589 970 oum
602 912 714 970 muliere
726 917 878 971 eonomine
889 922 997 988 agatur,
1010 914 1087 988 quod

119 993 259 1059 ’dlectnr²
282 1000 385 1056 uentris
407 999 515 1055 nomine
543 999 570 1053 in
598 1000 801 1070 possessionem
823 1001 904 1054 misso
926 999 990 1055 dolo
1014 998 1085 1055 maio

121 1085 154 1142 od
170 1084 251 1142 alium
266 1084 467 1158 possessionem
483 1080 665 1156 transtulisse,
681 1085 747 1139 etsi
763 1087 824 1157 quis
840 1100 872 1140 eo
889 1085 998 1140 nomine
1012 1092 1086 1157 agat,

121 1169 195 1245 quod
210 1170 291 1239 dicat,
306 1185 336 1225 se
351 1185 366 1224 a
380 1175 507 1242 praetore
522 1169 550 1222 in
565 1169 766 1240 possessionem
783 1170 894 1224 missum
911 1168 944 1224 ab
960 1169 1013 1224 aiio
1030 1185 1084 1242 quo

120 1255 266 1311 admissum
277 1269 332 1309 non
344 1269 412 1309 esse.
444 1251 492 1308 sed
505 1251 635 1308 aduersus
647 1252 806 1308 iniuriarum
817 1253 927 1327 quidem
940 1246 1086 1309 ’actiones³

120 1339 240 1396 decimae
260 1339 346 1413 partis
361 1337 451 1408 dator,
471 1335 603 1392 aduersus
620 1352 686 1391 uero
706 1336 773 1392 duas
789 1339 855 1393 istas
872 1340 989 1411 quintae.
1021 1333 1085 1394 178.

120 1422 249 1481 Seuerior
271 1431 360 1478 autem
383 1421 513 1478 coercitio
536 1428 579 1476 est
602 1423 832 1493 percontrarium
855 1423 995 1478 iudicium:
1019 1437 1085 1477 nam

120 1509 270 1564 calumniae
290 1506 391 1563 iudicio
409 1506 449 1563 ’x.
465 1499 571 1579 portis⁴
593 1520 673 1561 nemo
696 1505 842 1562 damnatur
865 1508 915 1562 nisi
938 1507 984 1580 qui
1005 1505 1085 1561 intel-

120 1592 199 1667 legit,
211 1608 266 1647 non
278 1598 352 1647 recte
362 1608 392 1647 se
403 1605 497 1664 agere,
508 1588 556 1644 sed
568 1589 683 1644 uenandi
693 1589 842 1646 aduersarii
855 1592 940 1664 gratio
951 1591 1086 1647 actionem

121 1677 254 1747 instituit,
276 1676 424 1749 potiusque
446 1690 478 1730 ex
500 1673 595 1729 iudicis
611 1689 704 1729 errore
721 1676 764 1730 nel
782 1676 926 1748 iniquitate
944 1675 1085 1732 uictoriam

120 1768 212 1834 speret
228 1775 308 1833 qnam
323 1776 356 1815 es
371 1775 451 1816 causa
467 1758 602 1813 ueritatis:
626 1757 759 1814 calumnia
775 1761 845 1815 enim
866 1761 894 1814 in
909 1758 1018 1816 adiectu
1033 1768 1085 1828 est,

121 1846 191 1901 sicut
206 1844 270 1901 sorti
286 1846 402 1899 crimen:
418 1842 555 1899 contrario
572 1857 638 1898 nero
657 1842 756 1899 indicio
772 1843 927 1899 omnimodo
944 1843 1087 1899 damnatur

120 1937 213 1998 actor,
236 1930 259 1984 si
274 1943 380 1984 cansam
397 1943 451 1982 non
467 1926 596 1998 tennerit,
620 1925 682 1982 licet
703 1926 793 2000 aliqua
809 1929 938 2000 opinione
955 1927 1085 1984 inductus

119 2013 280 2078 crediderit,
309 2028 338 2068 se
365 2019 440 2067 recte
467 2026 561 2084 agere.
604 2004 667 2066 lto.
694 2010 788 2084 Vtique
817 2020 906 2066 autem
929 2027 961 2066 er
985 2012 1085 2083 quibos

73 2128 78 2141 ⁸
118 2149 240 2198 adsertor
253 2146 407 2209 simpliciter
420 2143 550 2193 libertatis
560 2145 657 2194 oindear
666 2145 773 2201 dicitur,
788 2158 860 2207 quem
872 2144 913 2192 ius
922 2144 998 2191 cinite
1014 2146 1084 2194 aiios

118 2234 170 2269 non
184 2224 277 2269 onerat
289 2224 313 2265 et
331 2215 445 2264 deterret
458 2215 505 2264 sed
518 2217 589 2265 iuvat
603 2213 640 2281 (s,
655 2216 699 2276 18).
726 2213 795 2275 Quid
806 2229 869 2279 erqo
883 2216 937 2263 est?
956 2213 1086 2265 Standnm

118 2290 220 2352 quidem
239 2289 266 2336 in
281 2288 428 2335 universum
446 2287 473 2335 in
488 2288 645 2336 auctoritate
664 2285 692 2334 V
692 2282 721 2344 ⁸⁸,
742 2301 789 2336 nec
802 2293 886 2334 tamen
901 2287 978 2334 etiam
993 2288 1021 2335 in
1036 2287 1085 2337 doc

118 2358 196 2409 verbo
219 2357 446 2422 acquiescendum,
469 2357 516 2407 sed
533 2360 587 2407 sive
605 2373 640 2406 ex
659 2358 821 2408 correctione
840 2358 893 2406 sire
917 2372 952 2405 esc
971 2360 1084 2408 rectiore

118 2436 216 2480 tantum
230 2431 339 2479 lectione
351 2427 529 2487 scribendum,
549 2435 576 2477 ut
590 2444 659 2478 nunc
671 2428 734 2491 seci,
750 2426 992 2493 adstip(nia)'torcm,
1012 2445 1083 2494 quem

118 2516 196 2550 unam
209 2507 233 2550 et
246 2502 341 2560 sotum,
360 2500 404 2564 qni
421 2501 524 2549 alienae
538 2501 579 2548 rei
593 2499 625 2548 ab
646 2500 722 2550 initio
738 2501 795 2550 soia
809 2501 939 2549 voluntate
954 2515 1003 2549 sna
1016 2507 1041 2548 et
1055 2502 1082 2548 in

116 2573 205 2623 stricti
223 2573 290 2622 iaris
304 2572 405 2637 neyotio
419 2579 532 2621 actorem
547 2571 628 2634 mamis
642 2586 717 2635 quam
732 2570 886 2620 creditorem
900 2570 1083 2621 secundariam

116 2658 145 2693 se
163 2644 297 2703 immiscet,
321 2645 444 2707 cuiusque
463 2643 630 2692 temeritatem
649 2641 726 2690 etiam
744 2643 798 2690 alia
818 2643 920 2691 ratione
944 2643 986 2690 ino
1008 2643 1082 2693 civite

118 2716 257 2781 iosiqniter
275 2713 428 2780 coercetis,
443 2725 491 2765 tto.
505 2710 565 2777 ets).
588 2727 616 2761 se
635 2713 783 2769 immiscuit,
799 2714 890 2761 mirum
901 2713 989 2775 soret,
1004 2716 1029 2762 si
1042 2715 1082 2762 ius

118 2787 194 2837 oioiie
213 2788 358 2837 calumniae
376 2785 521 2835 convictum
539 2798 590 2832 non
608 2783 702 2832 durius
721 2799 796 2847 qaam
815 2790 915 2834 ceteros
936 2790 1081 2834 tractasset.

191 2854 211 2923 1)
227 2857 307 2908 Posse
322 2858 407 2920 fuisse
426 2855 602 2904 constituuntur
616 2869 667 2903 non
686 2855 800 2903 constitui
819 2862 910 2918 potest,
932 2853 1022 2904 Sidus
1036 2856 1080 2903 ait.

120 2927 174 2976 Nec
191 2927 274 2977 scribi
288 2934 374 2991 potest
391 2926 546 2974 constitutum
560 2933 609 2985 est,
629 2940 685 2973 cnm
703 2923 785 2973 Gaius
804 2925 836 2973 de
850 2925 935 2975 edicto
946 2927 1082 2988 praetoris

117 2998 194 3045 etiam
206 3005 331 3061 perpetuo
344 3012 444 3059 semper
455 2996 515 3059 fere
530 2994 566 3060 (et
579 2996 659 3057 recte)
674 2997 796 3059 loquatur
811 2997 947 3059 praesenti
959 3003 1080 3056 tempore,

114 3068 231 3130 sortasse
249 3082 310 3117 vero
325 3081 377 3130 pro
395 3068 480 3129 spatio
499 3065 645 3115 addendam
664 3064 772 3132 ed(icto).
837 3063 858 3129 ²)
873 3065 918 3115 Ba
933 3064 1023 3114 Geirei.
1039 3065 1079 3114 ed.

118 3137 212 3186 dicetur
228 3137 253 3187 0.
268 3138 308 3187 ed.
322 3136 371 3202 139.
436 3133 459 3202 ⁸)
474 3137 542 3185 ionis
558 3135 585 3185 0.
604 3136 722 3184 actionem
737 3137 794 3188 edd.
813 3136 867 3186 Sed
876 3143 960 3200 potest
974 3136 1081 3198 defendi

117 3207 224 3256 actiones
243 3222 278 3256 esc
299 3208 374 3256 Porri.
394 3218 420 3269 o,
438 3220 459 3257 t.
478 3218 548 3258 6-8.
604 3203 626 3272 ⁴)
645 3205 784 3273 Inteiieqe:
806 3216 830 3257 et
852 3210 908 3272 ipso
927 3208 1028 3272 quidem
1047 3208 1082 3256 ad

117 3278 246 3327 nrioimam
265 3277 298 3327 X.
310 3279 406 3340 partis,
420 3279 467 3328 sed
480 3293 509 3328 eo
524 3284 571 3327 etc.

118 3383 151 3431 D.
166 3381 399 3448 deinrei.i12,2).
424 3382 456 3434 L.
472 3396 505 3433 11.
525 3384 549 3446 ᾖ.
566 3395 584 3433 1.
604 3382 637 3433 D.
653 3399 705 3432 rer.
721 3392 796 3434 amet.
811 3383 861 3450 (to,
876 3384 908 3449 2).
928 3384 993 3436 1,.5.
1010 3387 1034 3446 ἓ.
1049 3396 1083 3434 14.

119 3454 151 3503 Ι).
166 3454 198 3504 de
212 3470 253 3519 op.
269 3471 294 3504 o.
309 3462 381 3504 nunt.
397 3453 441 3520 (ts,
456 3452 489 3519 1).
503 3454 536 3502 L·
552 3467 564 3505 ‘t
577 3469 619 3516 pr.
639 3453 824 3505 D.dedamno
840 3456 887 3517 ins.
902 3455 948 3521 (to,
963 3453 994 3520 2).
1014 3456 1045 3506 h.
1061 3468 1082 3507 9.

120 3524 146 3576 0.
162 3525 194 3574 de
212 3525 265 3575 reb.
285 3525 356 3576 cred.
375 3525 411 3589 (t,
427 3524 458 3589 ι).
480 3524 533 3573 Cic.
549 3540 601 3588 pro
621 3523 697 3575 tiore.
719 3525 784 3575 Com.
800 3528 869 3590 olim
943 3522 969 3594 ξ.
988 3529 1045 3579 lii.
1062 3526 1082 3575 si

118 3592 203 3664 iniur]
223 3597 258 3660 cf.
279 3596 355 3645 Parii,
375 3607 400 3657 o,
415 3607 435 3644 4.
455 3597 478 3657 5.
495 3607 528 3646 11.
548 3595 579 3646 L.
595 3607 629 3646 ts.
655 3596 686 3644 Ι).
706 3597 738 3645 de
757 3598 837 3646 iniur.
857 3598 907 3658 (st,
922 3599 967 3662 ιο).
992 3598 1083 3646 sicum

118 3665 230 3734 muliere]
246 3668 280 3730 cs.
296 3669 334 3714 tit.
350 3666 382 3714 D.
397 3668 422 3714 si
435 3672 518 3715 oentr.
533 3682 598 3716 nom.
613 3669 671 3715 mat.
687 3665 736 3730 (so,
750 3665 782 3732 o).
806 3668 870 3732 quod
885 3669 950 3717 dicat
964 3684 990 3716 se
1006 3685 1019 3717 a
1034 3670 1081 3732 pn]

118 3739 153 3800 cs.
173 3739 211 3786 tit.
231 3737 263 3786 D.
284 3752 315 3786 ne
334 3738 373 3785 nis
388 3737 437 3798 fiat
455 3738 491 3794 ei,
511 3753 535 3801 q.
550 3739 577 3786 in
595 3753 666 3801 poss.
681 3738 771 3805 (sss).
840 3736 865 3806 ξ.
884 3740 942 3790 178.
960 3740 999 3802 Cf.
1014 3740 1047 3788 h.
1062 3753 1081 3790 1.

116 3809 157 3871 gt.
174 3821 193 3859 1.
208 3821 228 3860 s.
243 3821 264 3859 s.
284 3807 316 3857 D.
331 3807 368 3856 ad
380 3806 427 3857 SC.
449 3806 528 3872 ttrrp.
544 3806 594 3873 (ss,
610 3807 653 3874 rs).
674 3809 705 3858 L.
720 3821 740 3860 o.
763 3810 787 3860 C.
807 3811 839 3860 de
859 3813 969 3859 salumn.
985 3809 1020 3877 (o,
1035 3810 1081 3875 ss).

117 3875 186 3949 turri]
201 3880 236 3943 cf.
252 3892 272 3943 s,
287 3892 333 3935 rer.
394 3875 419 3947 ᾗ.
436 3881 494 3932 179.
512 3879 550 3943 Cf.
564 3882 587 3943 5.
603 3891 649 3933 nro.
