2376 4312
97 484 160 550 802
305 502 404 538 ruera.
423 502 476 539 run.
495 502 558 539 rou.
578 504 669 541 varro.
691 493 860 545 295-801.

93 631 174 705 filiae,
189 648 269 708 quam
284 630 377 688 habuit
392 647 423 690 ac
437 633 549 689 retinuit
565 633 592 689 iu
607 640 775 706 potestate,
794 636 928 709 donauit,
946 654 1005 696 cum
1016 654 1073 696 ean

94 717 267 773 donationem
283 723 446 772 testamento
462 732 517 773 non
532 715 743 782 confirmasset,
770 717 849 778 unae
864 738 926 780 nou
941 739 1014 793 esse,
1029 740 1059 779 re

93 799 200 873 spondi.
224 816 284 856 nam
296 807 324 855 et
336 799 440 874 peculia
455 814 509 857 uon
521 800 679 875 praelegata
693 805 864 861 communia
881 805 997 864 [cetrum
1014 822 1059 863 ese

94 878 259 940 constabat!
283 882 394 941 diuersa
408 885 477 941 ratio
493 892 535 941 est
549 893 646 942 contra
661 886 758 960 legem
775 887 906 948 Cinciam
928 890 1012 950 iactae
1022 890 1058 947 da

94 968 225 1024 nationis:
243 977 308 1025 tunc
322 970 393 1025 enim
408 970 596 1041 exceptionem
611 969 769 1028 uoluntatis
789 976 1005 1046 perseuerantia
1016 973 1058 1032 doti

94 1050 270 1125 replicatione
290 1054 407 1126 perimit.
436 1044 553 1110 'Verum
574 1046 656 1110 cum²
672 1062 755 1127 pater
780 1054 870 1130 filiis,
890 1075 966 1134 quoe
985 1058 1057 1115 hebui

95 1151 126 1193 no
140 1137 252 1193 retinuit
266 1137 294 1193 in
310 1144 457 1211 potestate,
473 1135 573 1205 donat,
587 1135 655 1192 nihii
670 1137 813 1210 prodest,
829 1157 893 1198 non
915 1144 1057 1200 mutarint

93 1220 236 1292 luntatcm,
251 1223 388 1295 quoniam,
403 1219 477 1294 quod
493 1222 648 1292 praecessit,
664 1229 758 1278 totum
775 1225 903 1283 inritum
926 1236 980 1284 est
1004 1225 1056 1283 mde

94 1320 155 1362 cum
176 1303 247 1362 iilius
267 1306 295 1362 in
316 1305 447 1361 diuisione
468 1301 600 1359 bonorum
618 1319 706 1378 penes
725 1304 867 1375 fratrom,
899 1311 977 1384 quod
999 1318 1057 1385 pater

94 1389 255 1452 donauerat,
278 1405 371 1446 erroro
386 1388 494 1461 tapsus,
516 1387 643 1460 reliquit,
665 1390 834 1462 portionem
854 1395 923 1451 eiua
943 1408 1055 1453 nonest

94 1480 199 1547 captam
228 1489 296 1545 usu,
324 1472 420 1530 Seruio
448 1470 567 1543 Sulpicio
592 1470 711 1544 piacuit;
746 1475 829 1547 quod
865 1494 965 1553 neque
989 1478 1055 1535 uua

0 1541 153 1632 ]¹⁸·⁸·ipse
176 1557 340 1627 donauerat,
368 1571 458 1630 neque
485 1564 561 1629 pater
582 1554 684 1612 donare
707 1552 853 1630 poterat.³
879 1552 887 1639 Ι
918 1561 976 1620 Cur
1003 1576 1054 1635 erp

95 1639 166 1713 quod
190 1641 233 1695 uir
254 1642 333 1697 urori
354 1639 440 1709 dedit,
460 1647 550 1695 morte
571 1636 663 1695 soluto
680 1641 878 1715 matrimonio,
895 1647 923 1702 si
945 1646 1056 1703 natanta

93 1725 295 1797 perseuerauit,
310 1721 365 1779 ’ini
386 1715 570 1780 decimarum⁴
589 1721 691 1778 auierri
712 1738 768 1780 uon
788 1735 945 1801 oportere,
966 1729 1056 1787 maximi

94 1807 228 1881 principes
255 1808 342 1863 nostri
369 1816 527 1877 suaserunt,
561 1814 589 1861 ct
615 1807 652 1862 its
679 1816 797 1865 senatus
820 1807 978 1871 cenauiti⁸
1012 1810 1055 1870 Sed

94 1891 219 1947 nimirum
246 1889 337 1962 liberi,
371 1892 417 1965 qui
450 1889 584 1963 repulsam
611 1888 766 1948 donationis
795 1898 973 1955 auctoritate
1001 1897 1056 1954 iuris
1096 1948 1098 1959 .

93 1974 225 2044 tulerunt,
240 1975 297 2031 aliis
319 1973 467 2031 rationibus
491 1972 523 2027 ad
546 1972 615 2028 bona
637 1975 722 2047 pratris
744 1980 941 2051 perueniuut3
961 1997 991 2039 ee
1004 1981 1056 2054 pie·
1096 1992 1098 2001 ·

93 2059 171 2132 rique
187 2058 249 2131 pius
270 2056 367 2114 habere
388 2073 467 2129 quam
489 2056 585 2111 tratres
606 2058 702 2130 iurgiis
723 2059 864 2119 eiusmodi
882 2063 1053 2122 contendunt.

0 2130 81 2209 Ἢ·
159 2137 226 2201 295.
249 2134 353 2213 ⁵lnnpp.
369 2139 486 2196 Seuerus
504 2145 531 2193 ct
547 2142 697 2197 Antoninus
712 2142 806 2216 Augg.
839 2147 933 2206 Atilio
944 2138 1055 2205 ’Natali‘

14 2215 86 2253 ⁸²⁰⁸·
97 2218 196 2280 militi.²
226 2223 255 2278 Si
270 2222 354 2278 irater
369 2231 432 2278 tuus
451 2225 477 2278 in
493 2230 629 2296 potestate
644 2227 729 2299 patris
748 2227 776 2283 iu
792 2226 869 2287 diem
886 2234 988 2290 mortis
1001 2247 1054 2306 per·

93 2307 240 2378 seuerauit,
255 2305 424 2379 donationes,
442 2322 509 2381 quas
524 2322 540 2362 a
555 2316 630 2381 patre
651 2310 679 2364 in
699 2324 762 2366 eum
789 2311 922 2371 cantatas
943 2332 1004 2373 esse
1016 2314 1055 2370 ad·

94 2389 201 2461 firmas,
223 2389 322 2447 nuliius
345 2407 405 2448 esse
420 2393 563 2457 momenti,
579 2390 703 2449 dubitare
723 2409 780 2450 uon
795 2393 894 2454 debes.
928 2398 964 2457 de
978 2399 1055 2474 patris

93 2477 177 2553 igitur
191 2474 271 2533 bouis
285 2474 438 2533 diuiduudis
454 2491 514 2533 cum
537 2475 619 2532 tratre
642 2485 690 2534 tuo
706 2477 777 2551 apud
791 2476 1005 2541 'clamseimnn
1019 2485 1055 2538 ui·

94 2579 158 2620 ram
177 2560 340 2635 praesidem
361 2564 533 2631 prouinciae
564 2553 699 2617 coderes⁸
721 2562 852 2621 consiste.
899 2565 955 2625 PP.
979 2565 1098 2625 unitum

94 2646 146 2706 tal.
161 2645 236 2719 Sept.
252 2637 457 2721 Fausti[nia]no
473 2654 500 2702 et
515 2641 612 2702 iiuiiao
628 2637 735 2701 conss.⁹

2 2716 82 2796 ,iffi
155 2725 229 2790 296.
254 2723 446 2802 ¹⁰Papiniauus
467 2727 512 2787 tib.
530 2727 582 2786 titt.
613 2726 827 2804 Respomorum.
864 2729 1055 2803 Donatioaem,

9 2803 78 2842 arse.
97 2857 154 2863 ᾤ
171 2857 246 2863 μ
265 2855 307 2861 --

167 2932 188 2999 ¹)
205 2934 243 2997 Cf.
259 2933 290 2984 L.
306 2944 339 2984 rt.
356 2933 382 2984 Ο.
394 2934 457 2996 sara.
472 2947 524 2982 ere.
540 2930 572 2995 (t,
582 2930 627 2997 td).
680 2928 773 2996 ¹)Cum
787 2932 847 2981 edd.
868 2931 988 2999 Sca-ipim,
1003 2951 1054 2986 catu

95 3008 121 3057 in
142 3005 169 3053 V
171 3004 192 3054 ⁶.
206 3006 241 3054 sit
255 3004 379 3067 perimitur
393 3017 454 3060 cnm,
468 3008 600 3065 expuncta
614 3015 645 3051 m.
697 2997 717 3066 ⁸)
731 3000 763 3050 In
778 3016 860 3067 mara.
876 3005 1013 3067 inferiore
1026 3005 1054 3052 if.

94 3075 220 3127 librarius
234 3077 358 3126 calamam
372 3077 513 3137 explorans
526 3073 633 3136 scripsit
647 3078 763 3120 cncnt'S.
815 3070 838 3136 ⁴)
853 3074 870 3120 i.
881 3087 906 3122 e.
922 3075 1054 3126 duntaxat

95 3145 156 3213 (non
171 3147 251 3209 nitra)
265 3147 379 3195 decianas
391 3144 526 3201 bonarum,
545 3157 609 3207 pano
628 3144 729 3192 omnino
747 3144 837 3192 mortis
858 3158 945 3195 caasa
959 3149 1019 3196 aire
1032 3152 1055 3194 et

96 3219 176 3268 acori
190 3218 297 3265 inuicem
308 3229 401 3276 capere
411 3212 780 3278 pertepesdecimariasdicet.
803 3212 841 3275 Cf.
857 3211 915 3277 Uip.
926 3226 961 3268 ιε.
982 3215 1055 3281 Erpa

95 3285 163 3352 qnod
176 3285 315 3335 excedebat
330 3285 450 3344 decimas,
464 3298 499 3333 ex
512 3283 578 3333 scta
593 3297 643 3334 nott
658 3281 857 3333 convalescebat.
928 3283 951 3349 6)
968 3285 1008 3348 Cf.
1023 3285 1054 3335 L.

95 3369 128 3408 aa.
147 3358 185 3416 ἕξ.
202 3368 220 3405 1.
236 3367 257 3405 a.
272 3366 305 3405 rt.
329 3353 361 3402 D.
381 3354 413 3402 de
431 3355 490 3403 don.
506 3355 551 3403 int.
567 3355 614 3403 air.
636 3351 685 3418 (aa,
704 3352 735 3419 1).
753 3355 777 3415 5.
792 3363 838 3405 sto.
923 3351 945 3419 1)
961 3355 1009 3405 Ea
1021 3359 1054 3419 ς).

95 3425 193 3475 Bactria.
209 3424 274 3473 uatiii
290 3423 347 3473 Vat.
400 3421 420 3486 7)
434 3423 519 3474 Sedet.
535 3427 561 3473 in
575 3439 672 3489 naara:
686 3423 729 3473 iiic
743 3425 811 3488 qnod
824 3423 925 3489 (quaere
937 3425 1052 3476 Momm.

95 3495 146 3560 ed.)
161 3510 242 3558 snpra
257 3497 302 3558 (ac.
319 3501 432 3544 notatam
446 3493 502 3559 eat).
528 3495 566 3557 Cf.
582 3503 633 3545 not.
648 3507 707 3558 ttp.
715 3510 757 3558 pr.
809 3492 1053 3558 ⁸)1taiocanaeor·

95 3574 197 3630 rnptam
210 3567 394 3616 emendandum
407 3581 462 3616 esse
472 3573 532 3629 post
546 3566 643 3615 demum
657 3566 719 3615 aidi.
745 3565 783 3627 Cf.
793 3563 825 3614 L.
835 3575 856 3616 s.
878 3564 904 3617 0.
920 3567 955 3615 de
964 3574 1054 3617 nana

95 3645 144 3688 act.
161 3638 192 3703 (e,
206 3636 230 3701 t)
245 3645 270 3688 et
283 3636 400 3687 Brisoan.
415 3638 447 3687 de
458 3639 536 3700 sarm.
550 3649 571 3695 a,
581 3647 614 3689 io.
637 3650 700 3697 cnm,
714 3637 743 3686 de
757 3650 803 3699 quo
817 3649 896 3685 meret
916 3636 977 3686 Vat.
992 3638 1052 3687 edd.

94 3709 163 3776 qnod
176 3725 212 3758 sc.
227 3724 261 3759 car
275 3710 304 3757 c‘u
324 3709 399 3772 psddp
419 3709 518 3758 coheres
537 3709 628 3758 oriniaco
648 3707 791 3770 pitacium
809 3712 853 3755 eet.
888 3704 988 3757 th'un
1004 3722 1053 3772 pe·

90 3783 171 3846 perit,
185 3780 254 3845 qaod
263 3782 413 3843 pierumque
428 3782 529 3828 inuersa
544 3778 637 3828 ordine
646 3793 669 3841 p.
680 3792 702 3841 p.
714 3793 737 3828 u.
748 3793 769 3827 c.
779 3777 884 3827 dicitnr.
933 3774 957 3843 ⁹)
966 3793 991 3828 a.
1001 3788 1052 3829 mo.

98 3850 131 3919 ¹⁰)
147 3853 184 3917 Cf.
201 3854 223 3916 ἓ.
239 3863 286 3903 294.
302 3850 350 3899 in.
362 3866 413 3914 pro
429 3850 457 3901 ti.
471 3850 568 3912 scripat'
580 3864 615 3898 ecc
630 3848 693 3899 Mai.
710 3851 742 3912 ci.
