2378 4386
182 579 240 642 784
391 597 488 633 reson.
508 597 560 635 ivs.
580 598 641 634 non.
659 597 745 633 varic.
763 584 920 634 ano-2⁶3.

180 736 228 785 aut
242 727 341 783 iundus
356 734 402 781 aut
419 726 483 798 quid
499 728 619 784 ciusdem
635 729 742 801 generis
755 727 815 796 erit,
831 726 931 784 aedem
947 744 1029 786 nouo
1041 730 1146 788 domino

180 810 346 887 patefecerit.
378 805 428 883 (6.)
445 808 518 876 Quae
534 813 622 867 omnia
638 812 799 882 consignare
810 810 880 866 actis
894 810 1003 869 iudicis
1019 823 1146 888 praestat,

180 903 211 950 ut
232 909 275 949 res
297 893 442 948 multorum
465 893 615 965 mentibus,
639 893 739 969 oculis,
761 893 873 950 auribus
894 902 1019 967 testata,
1044 898 1145 954 nulium

180 976 298 1049 eiiupian
313 977 391 1031 cuius
406 986 453 1033 aut
467 978 606 1033 scientiam
620 979 717 1051 capiat,
733 986 778 1032 aut
793 976 1048 1038 dissimulationem
1065 990 1143 1056 tegat.

179 1059 280 1127 Quodsi
294 1058 375 1116 index
387 1059 483 1131 aberit,
499 1063 543 1118 eui
557 1077 661 1116 summa
675 1062 831 1133 prouinciae
843 1063 995 1119 commissa
1009 1073 1064 1136 est,
1077 1082 1143 1122 mau-

179 1142 259 1200 detor
274 1143 346 1199 istud
361 1146 565 1217 magistratuum
581 1146 661 1216 actis,
682 1151 763 1217 atque
780 1152 810 1198 ut
825 1142 920 1199 nulius
937 1147 977 1202 sit
994 1148 1143 1206 subiciendi

180 1234 226 1284 aut
240 1227 402 1300 surripiendi
422 1227 513 1299 iocus,
534 1244 595 1283 cum
616 1228 738 1284 alterutri
755 1226 930 1284 commodum
948 1230 1003 1303 sit,
1028 1226 1142 1289 'eorum¹

180 1311 308 1385 erempiis
328 1311 408 1367 iidem
430 1313 602 1386 magistratus
622 1310 781 1370 adscribant.
824 1312 864 1366 sic
882 1312 958 1368 enim
975 1317 1143 1373 conscientia

179 1394 326 1451 multorum
342 1397 523 1451 monumentis
538 1395 698 1451 iudiciorum
710 1410 741 1450 ae
755 1393 923 1467 populorum
941 1391 1142 1472 ‘perscriptis’

178 1477 254 1535 ’daut
268 1479 355 1534 iitium
371 1472 464 1536 causa³
483 1478 665 1552 peruulgatis,
687 1477 810 1533 omnibus
826 1475 894 1532 fides
910 1478 1079 1540 abstrusior
1092 1500 1141 1539 non

179 1561 239 1618 erit.
278 1559 329 1635 (7.)
351 1562 428 1619 Talia
444 1565 514 1618 enim
530 1579 589 1618 esse
604 1569 713 1636 oportet
733 1555 942 1618 'dominiorum4
957 1565 1056 1637 initia,
1080 1582 1141 1641 qno·

179 1661 238 1700 rum
253 1643 379 1700 diuturna
395 1646 533 1719 possessio
548 1661 628 1719 saepe
644 1646 762 1718 legitima
784 1646 987 1718 proprietatum
1007 1651 1070 1706 iura
1084 1668 1140 1725 per·

179 1728 288 1800 iringit:
306 1728 367 1784 talis
382 1723 471 1803 ’(εἰῑ)5
485 1729 672 1785 iiberalitatum
688 1729 828 1798 honestas,
844 1743 925 1801 quae,
943 1730 1020 1789 locis
1031 1734 1141 1791 danao

178 1809 317 1881 omnibus,
332 1814 517 1886 accipientium
533 1812 743 1884 donandumque
758 1805 905 1868 ’ῐαιιιὶΙΙαε6
921 1811 1099 1874 liberalitatis
1112 1824 1140 1874 et

178 1895 279 1967 gratiae
294 1894 492 1969 praedicatione
513 1896 652 1970 conpleat,
674 1894 763 1951 ’simui
785 1886 841 1964 ut‚⁷
863 1911 927 1951 cum
951 1899 988 1954 sit
1013 1904 1183 1966 eximinnrrnt

177 1979 309 2052 cuiusque
331 1979 432 2036 donum
454 1979 632 2054 promerendo
655 1980 774 2052 cepisse,
801 1980 860 2034 cius
883 1980 1046 2039 iucunditas
1067 1985 1140 2041 uuita

178 2060 265 2117 litium
289 2064 453 2119 tristitudine
475 2064 618 2117 minuatur.
665 2057 723 2139 (8.)
747 2061 847 2128 Quodsi
876 2057 942 2117 'in⁸
971 2069 1140 2139 expectanda

178 2159 255 2202 causa
271 2146 436 2219 dicendaque
451 2146 583 2202 sententia
599 2143 664 2201 orba
680 2144 787 2219 publico
804 2147 965 2204 testimonio
989 2150 1136 2205 iiberab'tas

177 2244 282 2284 caecam
298 2231 411 2301 gratiam
427 2228 613 2301 obscurasque
628 2238 722 2286 coetus
742 2227 906 2302 prodiderit:
931 2233 1062 2304 quoniam
1076 2232 1136 2291 sota

177 2310 250 2364 iraus
272 2313 381 2383 cognita
396 2318 450 2379 est,
471 2327 576 2383 eorum,
599 2329 668 2386 quae
687 2313 783 2369 donata
798 2311 937 2384 dicuntur,
961 2323 1068 2374 temere
1081 2333 1137 2375 non

71 2393 229 2465 [salesberii
245 2391 311 2449 fides
326 2387 494 2468 accipienda,
514 2394 561 2450 sed
576 2411 607 2451 ea
622 2389 769 2453 'alienatio⁹
789 2401 856 2451 rota
871 2396 1041 2472 debebitur,
1062 2418 1138 2476 qnae

87 2471 158 2536 ivr·
171 2476 288 2548 publice
300 2476 385 2549 faeta
402 2485 460 2550 est,
484 2481 655 2552 reliquorum
675 2481 772 2536 reiecta
788 2479 830 2535 uei
846 2489 984 2552 suspecta
1000 2485 1135 2543 habenda

176 2561 358 2634 nliepatr'one,
378 2564 447 2619 licet
462 2566 635 2620 contendant
655 2564 791 2620 uniuersis
802 2562 910 2634 studiis,
928 2573 1004 2622 recte
1021 2577 1136 2643 recepto

174 2648 239 2702 inre
254 2647 307 2703 sibi
321 2648 456 2703 donatum
470 2662 547 2712 esse,
570 2652 718 2720 sopitoque
733 2649 804 2720 lepis
820 2645 937 2703 Cinciae
959 2650 1039 2723 iure,
1064 2653 1135 2728 quod

175 2729 325 2804 quibusque
336 2730 417 2787 rebus
427 2729 539 2786 donatis
553 2747 634 2788 snam
645 2731 855 2802 perfectionem
866 2732 1136 2801 praescribebat¹⁰

183 2812 285 2871 Vernm
312 2822 408 2886 postea
437 2814 601 2888 perfectione
628 2814 750 2870 iacienda
781 2816 861 2870 nuile
888 2817 947 2870 nisi
976 2823 1136 2879 secundnm

174 2905 293 2955 reostrae
312 2900 386 2970 lepis
405 2906 581 2971 praecepta,
605 2902 686 2955 etiam
703 2897 851 2954 uerborum
867 2896 965 2954 deinde
981 2916 1045 2960 esse
1062 2907 1135 2979 quic·

174 2996 253 3052 quam
269 2989 409 3053 natamus,
426 2985 501 3055 qnod
514 2984 681 3040 donationes
696 2985 794 3039 naieat
805 2983 964 3053 perficere,
987 2994 1135 3063 cumipse

173 3063 236 3138 lege
257 3074 420 3121 commutata
440 3067 526 3122 uerba
548 3082 659 3140 qnoque
680 3068 835 3124 secundnm
851 3080 914 3120 eam
930 3080 1078 3142 concepta
1094 3077 1134 3131 ni·

173 3150 285 3205 iescant
299 3152 327 3205 in
345 3151 544 3206 donationibus
557 3156 624 3221 post
642 3149 785 3220 iaciendis,
808 3163 896 3220 neque
917 3149 1000 3207 uliam
1017 3164 1134 3214 contro·

174 3236 298 3288 nersiam
313 3234 512 3289 donationibus
522 3236 578 3287 iam
591 3231 683 3302 factis
695 3235 824 3290 nolumus
835 3229 965 3302 conflare,
982 3251 1047 3294 cum
1061 3240 1134 3298 iutu-

248 3361 268 3427 ¹)
284 3362 327 3410 Ea
347 3364 374 3410 V
375 3363 394 3412 ⁶.
410 3363 449 3412 ed.
466 3363 578 3413 Manna.
593 3379 675 3413 oerum
692 3365 749 3414 Vnt.
761 3367 800 3416 ed.
811 3365 903 3415 Hoiiw.
957 3362 1043 3432 ¹)Sic
1057 3376 1135 3424 etiarn

174 3433 286 3483 diamant.
302 3432 341 3481 ed.
362 3434 516 3496 praescriptis
536 3433 562 3481 V
581 3434 639 3483 edd.
713 3432 734 3499 ⁸)
749 3443 805 3485 ante
823 3436 899 3484 litium
919 3446 1135 3494 contestationem

172 3517 207 3550 ea
220 3504 253 3564 ej.
268 3502 307 3550 ed.
325 3501 438 3552 Moarms.
455 3510 494 3551 aut
513 3503 588 3552 iitium
604 3519 675 3553 eausa
695 3505 753 3554 Vnt.
768 3507 825 3555 edd.
841 3511 950 3555 ceterae.
981 3509 1021 3574 Os.
1038 3512 1075 3579 (a)
1086 3517 1134 3577 fin.

172 3568 194 3635 ⁴)
209 3571 356 3620 dominorum
376 3572 407 3621 V.
422 3572 461 3621 ed.
477 3573 590 3624 Monate.
663 3573 685 3639 ⁶)
699 3575 806 3625 Addidi.
879 3571 958 3639 ⁰)Ita
974 3578 1078 3633 Bnclrd.
1093 3586 1134 3634 ed.

172 3640 411 3694 brennacensis*
430 3641 460 3692 V.
485 3645 582 3694 iamiiiia
601 3647 639 3695 ed.
655 3645 748 3695 Hoiiw.
815 3643 835 3712 ¹)
854 3643 901 3695 Vi.
916 3647 956 3696 ed.
973 3649 1093 3703 Mosarna.
1108 3661 1135 3704 ut

171 3727 217 3761 orn.
238 3711 296 3761 Vnt.
358 3711 380 3779 ⁸)
399 3713 426 3761 V
428 3711 450 3762 θ.
466 3715 505 3763 ed.
521 3715 634 3766 Monens.
650 3718 672 3765 in
687 3733 734 3766 orn.
759 3716 817 3767 Vnt.
890 3714 1134 3781 ⁹)aiienatt'oneed.

170 3781 264 3831 Iioibo.
293 3781 431 3847 Sequentia
445 3787 555 3835 restitui.
609 3783 641 3853 ιο)
657 3786 702 3836 Ins
713 3789 848 3851 perfectae
862 3794 886 3836 et
900 3789 1071 3853 imperfectae
1085 3794 1133 3843 do·

171 3854 284 3902 nationis
298 3855 353 3920 depe
371 3855 461 3906 Ginaia
475 3857 602 3905 sancitum
617 3857 693 3921 idque
707 3858 848 3921 aiiqnando
867 3871 992 3922 expresse
1007 3861 1133 3914 adoit'ttsnr

170 3936 224 3972 esse
247 3933 359 3989 apparet
373 3941 408 3975 ex
424 3925 486 3976 Nou.
503 3938 549 3977 tot.
564 3942 585 3977 a.
602 3939 622 3978 ι.
632 3942 677 3990 pr.
691 3929 714 3989 ξ.
731 3941 749 3978 a.
