2378 4386
349 546 409 582 oarr
426 547 524 582 mersu.
543 527 591 582 IV.
612 533 753 584 tes-170.
968 532 1032 598 403

67 697 119 744 est.
156 683 222 745 les.
238 687 284 744 lile
300 697 401 759 antem,
417 690 463 761 qni
480 687 585 745 tructus
601 688 750 745 licitatione
762 690 852 746 uictus
868 699 921 761 est,
937 692 959 746 ai
975 696 1031 748 uon

66 771 240 846 probauerit,
262 772 293 827 ad
314 788 344 829 se
365 775 502 846 pertinere
517 775 736 846 possessionem,
755 781 859 829 tantum
874 777 1031 848 sponsionis

67 864 96 912 ct
118 857 332 931 restipulationis
354 874 485 913 summam
508 874 612 930 poenae
634 859 743 913 nomine
765 857 855 915 debet.
894 854 960 919 169.
976 860 1030 915 Arl-

66 942 191 997 monendi
208 950 298 998 tamen
313 958 420 1012 sumus,
435 941 549 998 liberum
565 958 625 998 esse
641 943 681 1009 ei,
698 943 743 1015 qul
760 942 864 999 lructus
880 942 1029 1000 licitatione

66 1027 153 1082 uictus
177 1028 243 1098 erit,
273 1028 370 1081 omissa
394 1026 541 1082 fructuaria
563 1025 754 1100 stipulatione,
777 1028 849 1084 sicut
863 1026 1029 1085 Cascelliano

65 1112 124 1165 siue
148 1112 286 1166 scrutorio
309 1110 408 1167 iudicio
431 1110 465 1167 de
488 1112 664 1184 possessione
688 1110 858 1183 reciperando
880 1114 1027 1186 experitur,

66 1196 102 1249 ita
123 1189 268 1252 similiter¹
290 1194 323 1249 de
344 1194 449 1251 lructus
464 1194 613 1251 licitatione
628 1210 724 1268 agere:
740 1196 766 1249 in
790 1212 868 1268 quam
892 1213 948 1252 rcrn
965 1215 1027 1270 pro·

65 1280 152 1352 prium
168 1278 295 1336 iudicium
312 1289 488 1352 conparatum
505 1287 562 1348 est,
584 1278 656 1351 quod
673 1277 824 1351 appellatur
838 1279 1027 1352 sanctuarium,

66 1379 121 1436 qno
137 1365 245 1419 nomine
263 1373 339 1419 actor
355 1363 500 1420 iudicatum
513 1363 584 1419 solui
597 1364 663 1417 satis
678 1356 809 1435 accipit:²
824 1363 923 1420 dicitnr
938 1372 1027 1420 autem

64 1455 92 1502 et
113 1448 166 1503 hoc
185 1447 314 1502 iudicium
331 1450 508 1519 montorium,
531 1446 604 1521 qrtod
626 1448 751 1520 sequitur
769 1449 925 1521 sponsionis
943 1449 1028 1504 uicto·

64 1533 145 1593 riam:
170 1531 218 1586 secl
242 1546 296 1585 non
319 1547 404 1603 aeque
427 1532 619 1588 Cascellianum
644 1539 767 1587 uocatur.
811 1527 876 1589 170.
896 1531 949 1588 Sed
965 1534 1027 1606 quia

64 1614 190 1669 nonnulli
205 1613 351 1669 interdicto
367 1615 472 1671 recltlito
494 1610 604 1673 cetcrn³
625 1632 657 1671 ex
674 1616 818 1673 interdicto
841 1617 929 1673 lacere
950 1618 1025 1674 nole·

63 1696 143 1768 bam,
164 1705 246 1771 atque
262 1697 297 1754 ob
312 1697 337 1753 id
354 1715 408 1756 non
425 1706 532 1773 poterat
547 1717 590 1756 res
607 1700 742 1774 expertiri,
759 1709 869 1775 praetor
885 1695 890 1780 Ι
908 1695 950 1757 ⁴in
968 1719 1025 1758 eam
1039 1704 1098 1756 246.

62 1800 117 1839 rem
133 1783 276 1856 prospexit
291 1791 318 1839 et
333 1785 500 1856 comparauit
514 1785 668 1857 interdicta,
685 1803 753 1858 quae
765 1785 921 1842 secundaria
934 1787 1025 1860 appel·
1039 1771 1056 1811 ²·
1070 1780 1089 1812 ⁸·

61 1867 157 1938 lamus,
174 1866 247 1940 quod
264 1867 384 1923 secundo
400 1868 461 1924 loco
477 1869 642 1925 redduntur:
667 1887 783 1943 quorum
799 1875 843 1927 nis
858 1879 885 1926 et
901 1878 1025 1942 potestas

61 1953 204 2019 haeresi,
227 1959 258 2006 nt
279 1946 347 2024 qni⁵
367 1962 456 2009 cetera
473 1970 504 2009 ex
520 1953 666 2010 interdicto
682 1970 737 2010 non
758 1955 857 2025 iaciat,
881 1955 958 2011 uelut
979 1957 1024 2028 qui

61 2038 113 2092 nim
134 2052 189 2091 non
211 2035 308 2100 iaciat,
333 2046 379 2092 aut
401 2037 521 2094 lructum
544 2055 598 2093 non
622 2037 756 2110 lineatur,
779 2048 841 2111 aut,
865 2057 929 2096 enm
956 2039 1026 2096 uicit

61 2120 165 2177 tructus
188 2114 365 2192 licitatione‚⁶
387 2125 456 2178 satis
478 2139 533 2178 non
556 2123 614 2194 det,
636 2132 683 2179 aut
705 2117 768 2203 ’[si]
789 2127 954 2199 sponsiones
969 2141 1023 2180 uon

60 2203 152 2273 iaciat,
169 2201 233 2279 (eac)
249 2198 498 2278 sponsionibusue⁷
520 2206 616 2263 iudicia
639 2224 693 2263 non
714 2211 836 2283 accipiat,
856 2211 914 2265 siue
935 2211 1024 2284 possi·

133 2354 153 2423 ¹)
168 2356 213 2407 Sic
222 2373 257 2406 ex
272 2356 298 2406 V
300 2352 321 2388 ¹²
329 2357 494 2407 scribendum
505 2358 566 2419 suit,
582 2359 626 2409 abi
635 2362 724 2423 prima
739 2362 827 2410 littera
837 2368 875 2410 est
885 2377 896 2410 s
906 2364 1024 2427 sequenti

57 2431 143 2491 spatio
157 2443 206 2478 sem
220 2431 374 2484 litterarum,
389 2444 425 2477 ea:
434 2427 526 2493 quibus
535 2432 624 2479 ultima
634 2428 692 2495 t(er)
704 2431 789 2493 fuerit
803 2439 898 2483 notata.
916 2434 1023 2496 fractus

57 2501 169 2550 licitatio
188 2507 213 2548 et
231 2502 302 2562 ipsos
317 2499 424 2560 fructus
441 2515 535 2564 eosque
553 2517 570 2550 a
588 2503 686 2551 uictore
701 2504 848 2552 aestimatos
867 2503 1021 2552 continebat.

58 2569 108 2637 (Cf.
125 2567 230 2620 ‘Gaius’
243 2586 271 2634 p.
287 2568 352 2636 tet);
367 2586 415 2620 nec
429 2573 510 2636 ipitur
525 2586 590 2634 opus
604 2574 688 2635 tepere
710 2567 752 2619 ‘de
766 2571 900 2634 fructibus
914 2569 949 2620 et'
966 2588 1022 2621 eum

56 2643 95 2692 ed.
106 2657 161 2691 mea
172 2653 192 2692 a.
245 2638 267 2706 ²)
277 2642 380 2704 accipiat
392 2642 417 2690 0.
433 2642 535 2705 accipiet
545 2642 584 2690 ed.
595 2639 643 2705 Bp.
696 2636 717 2705 ⁸)
733 2642 750 2688 i.
763 2657 784 2689 e,
795 2656 861 2704 quae
871 2643 1021 2690 necessaria

56 2720 139 2770 erant,
154 2719 183 2761 nt
196 2727 238 2761 ree
252 2713 288 2761 ad
302 2712 412 2762 iudicem
424 2715 514 2761 venire
524 2718 621 2775 posset.
673 2707 695 2775 ⁴)
710 2709 780 2769 Quae
789 2717 932 2774 sequnntur
944 2726 1022 2774 nsque

56 2783 93 2832 ad
101 2799 123 2832 n.
134 2795 146 2833 s
157 2781 234 2832 rerba
245 2797 274 2831 ne
290 2783 370 2845 iaciat,
385 2782 511 2832 debentur
525 2782 552 2832 V
553 2777 575 2815 'i
587 2783 727 2832 secandum
742 2782 892 2830 relationem
904 2780 1022 2845 Krciperi

56 2853 139 2916 (In'rr't.
164 2851 237 2902 Vere.
257 2869 285 2917 p.
304 2851 354 2918 et),
378 2855 454 2903 caius
477 2855 552 2903 etiam
576 2853 752 2904 correctiones
775 2852 897 2916 quasdam
925 2854 1020 2915 recepi.

56 2924 124 2972 Edd.
138 2936 157 2975 t.
168 2934 189 2974 t.
204 2939 290 2974 eorum
304 2932 329 2973 et
343 2940 409 2988 quae
423 2932 566 2988 sequuntur
579 2926 731 2974 sententiam
745 2939 780 2972 ear
788 2921 904 2971 Bluiimii
912 2921 1022 2973 Schedia

55 2997 189 3045 resarcire
208 3002 316 3045 conatus
334 3011 419 3053 eram,
437 3010 572 3054 successu,
592 3003 619 3046 nt
637 3011 706 3044 nunc
722 3002 812 3058 paret,
835 2994 951 3056 infelici:
974 3011 1020 3045 nec

55 3069 159 3124 mirum,
178 3082 234 3116 eum
254 3081 319 3130 qnae
337 3065 427 3115 Sidae
446 3069 520 3130 lepit,
539 3082 627 3116 eorum
646 3082 711 3131 qnae
728 3065 768 3114 Bi.
789 3072 950 3125 enotauerat,
969 3074 1020 3115 tam

55 3138 193 3187 dissimilia
207 3139 273 3195 sint,
293 3143 333 3194 ut,
354 3137 406 3185 nisi
420 3138 452 3186 de
463 3126 664 3202 fide'ntriuaque
683 3144 826 3195 constaret,
845 3137 925 3186 alium
941 3139 1020 3187 aliam

50 3210 177 3274 popinam
188 3223 257 3271 prae
271 3209 354 3257 oeniis
368 3207 488 3257 habuisse
503 3210 630 3258 crederes.
693 3206 714 3274 ὓ)
724 3207 855 3272 Scriptum
863 3210 961 3272 fuerit:
975 3210 1019 3258 hec

54 3285 67 3325 e
86 3286 112 3327 ut
130 3277 201 3344 q(ni).
218 3305 250 3315 -
268 3278 383 3327 Ceterum
402 3279 463 3328 ltine
477 3295 606 3343 apparere
624 3280 740 3337 uidetur,
759 3295 827 3338 eum,
847 3282 891 3344 qni
902 3281 1019 3343 fructum

54 3350 179 3400 licitando
194 3357 282 3399 cetera
296 3364 331 3398 en
345 3349 485 3400 interdicto
497 3352 590 3413 facere
604 3352 743 3414 inciperet,
761 3366 776 3398 o
788 3360 913 3414 praetore
927 3352 1020 3417 eipni

53 3421 102 3469 oim
109 3421 221 3484 faceret,
232 3421 308 3485 qnasi
314 3422 516 3484 aequiperatum,
527 3424 572 3486 qui
579 3437 730 3487 quacunque
738 3423 841 3471 ratione
849 3438 899 3471 non
907 3422 1018 3484 faceret,

48 3505 101 3554 pro
116 3492 224 3556 indipno
239 3493 284 3556 qui
299 3492 401 3539 interim
413 3492 571 3554 possideret,
585 3491 699 3541 habitum
713 3506 776 3542 esse.
841 3489 862 3557 ⁶)
877 3508 891 3554 q
907 3491 952 3556 (ει
967 3492 1018 3555 qui)

53 3562 144 3611 lructus
163 3562 302 3611 licitationis
327 3558 372 3608 V't
389 3564 416 3610 in
435 3578 485 3627 qno
504 3564 637 3626 offendens
656 3563 799 3626 quiritium
816 3563 930 3620 indicat,
944 3568 1017 3625 post-

53 3647 126 3695 quam
141 3633 335 3694 minitatione,
350 3633 507 3682 adhaerente
522 3650 533 3682 s
548 3650 582 3683 ex
598 3634 670 3694 satis,
684 3633 784 3695 factum
798 3640 856 3681 erat
870 3632 1017 3692 licitationis,

51 3717 85 3751 ea
99 3704 182 3753 c'uicit
196 3703 296 3753 abiecto
310 3704 344 3753 eit
358 3711 467 3752 enatam.
521 3702 540 3770 ἵ)
554 3704 665 3768 Scripsi.
690 3704 711 3751 si
726 3701 919 3769 sponsionib(us)
931 3698 935 3769 l
948 3700 1016 3766 n(on)

122 3832 148 3904 ᾗ.
165 3838 224 3886 169.
241 3836 280 3898 Cf.
291 3837 315 3898 ξ.
327 3847 372 3888 tut.
392 3836 474 3901 Potpt
493 3849 527 3898 se,
538 3848 558 3886 2.
574 3836 646 3884 indic.
658 3831 733 3900 solui]
743 3834 778 3895 es.
788 3835 812 3894 ὃ.
822 3845 857 3884 91.
912 3828 938 3897 ξ.
955 3831 1014 3880 170.

52 3905 90 3969 Cf.
109 3907 226 3957 F’rontin.
239 3923 267 3970 p.
281 3918 317 3970 tt,
330 3919 351 3957 t.
757 3983 813 4036 26*
