2378 4386
10 23 1140 393 -

373 639 400 673 u.
420 637 509 674 rrurrs
528 636 708 674 unaccmuvs.
1004 630 1023 688 9

60 765 146 818 sinios
162 779 189 835 p.
207 762 273 818 Villi
293 763 352 819 sine
374 764 430 819 uilo
445 764 566 836 peditum
582 764 736 820 adiumento
752 764 888 837 cepissent
902 765 960 820 eius
976 780 1024 820 no·

61 845 163 913 uebuli3
179 845 261 919 idque
277 848 383 903 durauit
400 847 468 904 ultra
485 847 513 903 C.
530 848 686 903 Gracchum.
717 848 808 903 lunius
824 857 907 918 certe,
930 849 975 921 qui
991 847 1023 903 ab

62 932 175 985 amicitia
191 932 249 985 eius
265 931 432 986 Gracchanus
449 932 598 1005 appellatus
621 940 674 1003 est,
698 933 828 1004 scriptum
851 931 960 1004 reliquit
983 933 1024 987 his

63 1013 165 1069 uerbis:
189 1012 278 1080 ‘Quod
300 1016 331 1069 ad
353 1026 506 1087 equestrem
528 1016 646 1070 ordinem
669 1016 773 1076 attinet,
797 1022 873 1070 antea
890 1015 1023 1070 trossulos

62 1095 209 1158 uocabant,
238 1114 309 1153 nunc
336 1101 441 1170 equites
470 1109 568 1155 nocant
589 1099 665 1167 ideo,
698 1101 758 1170 quia
781 1114 836 1154 non
857 1098 1024 1172 intelligunt,

24 1189 54 1236 [⁹]
63 1181 198 1235 trossulos
220 1198 316 1237 nomeu
339 1182 402 1255 quid
418 1178 516 1253 ualeat,
532 1183 686 1254 multosque
706 1183 790 1255 pudet
809 1184 964 1238 eonomine
980 1200 1025 1254 ap·

61 1263 180 1336 pellari,'
198 1273 225 1320 et
241 1282 358 1337 eausam,
375 1283 444 1338 quae
456 1283 538 1339 supra
554 1267 668 1321 indicata
681 1275 731 1333 est,
748 1268 858 1338 exponit
870 1266 1025 1339 inuitosque

62 1348 207 1402 etiamnum
225 1357 313 1404 tamen
330 1349 463 1404 trossulos
481 1352 580 1405 uocari.
597 1377 637 1389 -
654 1349 722 1405 Pim.
742 1349 773 1404 N.
793 1348 825 1403 H.
844 1349 894 1418 33,
914 1349 941 1404 2.
954 1351 980 1421 S.
995 1351 1024 1407 9.

124 1425 151 1487 2.
174 1434 321 1504 dntiqnum
349 1433 476 1505 oppidum
505 1435 531 1488 in
559 1433 611 1487 boc
639 1432 722 1487 luisse
745 1433 867 1487 Saturnia
890 1433 1024 1489 scribitur.

62 1511 125 1568 Eius
142 1516 256 1587 uestigia
272 1517 351 1570 etiam
372 1533 445 1570 ntrne
467 1523 575 1570 manent
595 1517 659 1569 tria:
683 1514 756 1586 quod
771 1514 877 1569 Saturni
894 1517 983 1570 lenum
1000 1517 1026 1570 in

62 1596 198 1659 saucibus;
222 1599 294 1671 quud
311 1599 435 1652 Saturnia
451 1606 546 1669 porta,
562 1614 640 1667 quam
655 1597 747 1651 lunius
764 1595 856 1651 scribit
875 1596 926 1665 ibi,
949 1613 1027 1667 quant

63 1696 136 1737 nunc
153 1690 253 1735 {nocant
268 1681 434 1746 Pandanam,
457 1679 530 1750 quod
547 1687 609 1750 post
624 1680 714 1733 aedem
731 1678 838 1733 Saturni
852 1679 879 1732 iu
895 1679 1027 1735 aedilicio·

61 1780 121 1819 rum
142 1763 250 1834 iegibus
262 1764 375 1833 priuatis
388 1765 503 1833 parietes
515 1762 613 1834 postici
624 1763 692 1815 muri
704 1769 768 1816 sunt
779 1762 879 1834 scripti.
895 1793 929 1803 -
945 1764 1026 1821 Varro

62 1847 95 1903 de
112 1845 144 1899 L.
163 1845 194 1901 Ι..
212 1844 241 1909 5,
259 1844 287 1900 t.
304 1843 331 1915 S.
348 1844 400 1899 42.

126 1925 158 1985 3.
183 1928 288 1984 Subura
310 1928 400 1983 lunius
422 1928 515 1984 scribit
535 1929 567 1984 ab
589 1946 632 1999 eo,
655 1928 728 2002 quod
750 1928 833 1984 luerit
848 1928 898 1984 sub
920 1932 1027 2005 antiqua

63 2012 143 2068 urbe.
160 2043 199 2053 —
219 2013 302 2066 Varro
318 2011 394 2068 deb.
411 2011 439 2066 L.
457 2012 486 2083 5,
504 2013 530 2068 7.
547 2013 575 2084 S.
592 2013 641 2070 48.

128 2096 157 2154 4.
181 2098 308 2168 luceres,
329 2106 358 2152 ut
374 2097 474 2168 lunius,
495 2096 688 2154 abucumone.
703 2126 745 2138 -
761 2095 843 2153 Varro
858 2097 892 2154 de
906 2097 937 2155 L.
953 2098 982 2156 L.
997 2099 1025 2165 5,

65 2181 94 2239 9.
110 2182 138 2253 S.
156 2181 205 2237 55.

127 2262 154 2324 b.
176 2265 306 2320 diensium
322 2266 429 2320 nomina
444 2264 500 2320 lere
515 2275 606 2337 aperta
622 2274 702 2333 sunt,
717 2267 740 2320 si
758 2281 772 2319 a
788 2263 899 2332 llartio,
916 2271 946 2318 ut
961 2268 1027 2320 anti·

64 2350 112 2422 qul
128 2349 347 2418 constituerunt,
363 2365 498 2404 numeres.
528 2348 592 2402 lium
613 2350 713 2421 primus
730 2364 744 2402 a
760 2347 850 2402 liarte.
877 2348 1027 2419 Secundus,

64 2440 97 2487 ut
113 2427 221 2487 Fuluius
237 2430 329 2487 scribit
345 2440 371 2487 et
386 2431 490 2500 lunius,
514 2448 527 2485 a
543 2432 660 2504 Venere,
684 2432 756 2505 quod
772 2448 803 2486 ea
818 2432 853 2486 sit
868 2431 1027 2504 Aphrodite,

65 2517 164 2589 quoius
179 2532 275 2570 nomen
291 2531 342 2585 ego
360 2518 476 2588 antiquis
496 2516 580 2570 literis
598 2516 669 2587 quod
681 2531 812 2587 nusquam
824 2516 925 2584 inueni,
943 2518 1027 2586 magis

64 2610 133 2673 puto
149 2599 259 2666 dictum,
277 2598 349 2671 quod
365 2616 414 2654 uer
429 2600 517 2653 omnia
533 2600 628 2669 aperit,
641 2598 770 2670 Aprilem.
799 2598 906 2652 'lertins
919 2614 933 2651 a
945 2601 1028 2654 rnaio·

65 2682 145 2737 ribus
160 2682 255 2752 llaius,
279 2690 393 2755 quartus
408 2701 422 2737 a
439 2680 588 2736 iunioribus
603 2679 691 2735 dictus
706 2680 807 2734 lunius.
838 2681 937 2735 Debinc
952 2684 1028 2752 quin·

66 2775 113 2822 tus
129 2763 252 2831 Quintilis
268 2774 296 2822 et
311 2768 350 2821 sic
371 2765 497 2836 deinceps
520 2779 607 2835 usque
630 2763 660 2817 ad
677 2761 846 2817 Decembrem
870 2779 883 2816 a
905 2779 1028 2821 numero.

64 2849 106 2905 Ad
123 2849 173 2904 bus
190 2851 235 2922 qui
256 2850 353 2918 additi,
380 2851 455 2920 prior
476 2865 489 2902 a
510 2849 630 2920 principe
647 2846 697 2902 deo
714 2845 848 2900 Ianuarius
864 2844 1028 2918 appellatus;

64 2934 215 3007 posterior,
232 2942 260 2989 ut
276 2933 354 2988 iidem
370 2933 462 2987 dieunt
477 2932 635 3003 scriptores,
652 2929 683 2985 ab
701 2929 750 2985 diis
763 2930 855 2985 inieris
869 2928 1030 2987 Februarius

64 3016 234 3091 appellatus,
256 3017 329 3089 quod
347 3016 459 3071 tumbis
474 3023 642 3088 parentetur.
657 3044 698 3055 —
715 3014 796 3069 Varro
812 3015 845 3071 de
861 3013 889 3070 b.
906 3012 936 3069 b.
954 3014 984 3086 6,
999 3015 1028 3078 4,

64 3101 83 3174 S
130 3181 160 3241 6.
182 3183 295 3239 Numina
311 3184 401 3239 decem
417 3182 553 3237 mensibus
569 3184 686 3256 antiquis
702 3182 843 3238 Romulum
856 3183 952 3238 fecisse
967 3180 1029 3239 Ful-

64 3270 128 3325 uius
145 3276 172 3322 et
188 3267 280 3322 lunius
295 3274 420 3322 auctores
435 3275 512 3320 sunt:
536 3274 562 3320 et
583 3267 689 3338 quidem
706 3266 774 3320 duos
790 3268 891 3339 primos
907 3282 922 3320 a
937 3283 1030 3337 paren-

65 3352 140 3409 tibus
157 3354 214 3406 suis
231 3353 382 3406 nominasse
395 3350 517 3405 Martium
532 3365 545 3403 a
558 3350 640 3405 diarte
655 3358 741 3422 patre,
755 3350 871 3422 dprilem
884 3348 916 3403 ab
926 3350 1030 3422 dpbro·

64 3437 121 3493 dite
137 3435 165 3490 ld
181 3443 224 3490 est
240 3434 353 3503 Venere,
367 3435 437 3489 unde
453 3434 567 3489 maiores
583 3435 640 3488 eius
659 3433 765 3488 oriundi
782 3433 952 3489 dicebantur:
969 3450 1031 3504 pro·

63 3523 154 3577 simos
175 3518 247 3574 duos
263 3534 277 3572 a
292 3517 410 3591 populo,
433 3517 530 3572 bialum
545 3534 559 3571 a
575 3516 719 3572 maioribus
741 3525 822 3585 natu,
844 3517 947 3570 lunium
963 3531 977 3569 a
992 3517 1032 3570 iu·

63 3604 208 3670 nioribus;
225 3610 330 3657 ceteros
343 3601 376 3655 ab
388 3600 492 3671 ordine,
509 3618 563 3673 quo
575 3601 676 3674 singuli
686 3609 772 3671 erant,
788 3599 932 3668 Quintilem
946 3615 1032 3671 usque

63 3687 98 3744 ad
114 3684 289 3743 Decembrem
304 3685 414 3758 perinde
431 3701 444 3739 a
460 3701 584 3742 numero.
602 3714 638 3725 -
656 3682 795 3741 Censorio.
811 3682 861 3738 22.

127 3767 155 3830 7.
181 3772 288 3825 dnnurn
317 3776 467 3824 uertentem
496 3768 594 3823 Romae
622 3766 740 3822 Licinius
768 3766 875 3839 quidem
898 3764 984 3820 Macer
1005 3771 1033 3821 et

64 3865 164 3932 postea
188 3852 340 3909 Fenestella
363 3855 453 3908 statim
476 3851 508 3907 ab
531 3852 607 3907 initio
630 3850 772 3905 duodecim
795 3849 927 3903 mensium
950 3846 1033 3900 luisse

63 3943 248 4015 seripserunt.
278 3936 327 3992 sed
350 3938 435 4009 magis
453 3935 529 3991 lunio
546 3934 698 3990 Gracchano
720 3942 747 3987 et
762 3930 858 3985 Fuluio
879 3936 907 3984 et
924 3927 1034 3982 Varroni
