2378 4386
465 564 501 599 DE
519 564 705 602 EXCVMTIONE·
996 548 1055 614 767

109 708 183 763 eum,
205 690 263 749 ’cui
276 693 344 748 data
361 701 403 750 est
418 708 432 748 a
448 686 581 767 priucipe¹
599 695 770 768 negotiorum
784 697 927 766 fiscalium
942 696 1060 752 admini-

108 780 221 846 stratio,
237 777 372 849 quamdiu
383 778 574 847 administrat,
589 793 670 832 onera
682 778 825 835 tutelarum
841 784 990 852 suscipere
1003 797 1061 837 nan

108 861 186 933 coqi,
209 876 245 916 ne
268 862 313 917 uel
333 864 483 932 priuatum
504 876 577 918 anus
594 862 711 933 publico
731 864 777 919 uel
798 867 920 921 inuicem
938 864 1061 920 iniuriam

108 943 221 1000 adierat.

171 1023 252 1085 18³⁸.
286 1019 380 1087 ’Item
416 1027 461 1096 Is,
484 1031 535 1100 qui
555 1032 729 1099 temporario
751 1030 848 1086 morbo
868 1032 996 1099 laborat,
1018 1034 1061 1087 in·

109 1115 189 1168 terim
210 1128 228 1168 a
250 1113 334 1168 tutela
350 1110 536 1178 excissabltur3
560 1112 600 1178 tri,
624 1127 692 1183 quos
706 1114 833 1168 ualetudo
852 1122 997 1185 perpetua
1012 1131 1062 1186 op·

105 1193 230 1266 pressit,
253 1198 293 1250 ita
310 1201 503 1263 excusantur,
528 1201 559 1249 ut
574 1209 625 1250 eas
639 1209 752 1267 quaque
770 1194 884 1266 tutelas,
906 1213 980 1268 quas
995 1205 1063 1254 ante

108 1284 310 1349 susceperuut,
324 1279 477 1349 deponant.

171 1358 236 1418 184.
266 1354 359 1418 ³Item.
397 1361 434 1418 la
446 1360 579 1431 furorem
594 1376 706 1433 quoque
721 1365 771 1433 qui
784 1363 891 1430 incidit,
911 1362 1063 1419 excusabi-

110 1455 154 1502 tur
166 1447 244 1500 etiam
256 1443 288 1499 ab
299 1459 338 1512 ea,
355 1459 433 1516 qaam
444 1453 521 1500 antea
536 1451 715 1515 susceperat,
732 1447 838 1507 tutela,-
853 1460 907 1502 nec
923 1452 1016 1501 tamen
1032 1450 1062 1502 in

109 1536 212 1601 totum,
238 1528 289 1583 sed
309 1533 340 1582 ut
361 1530 391 1582 in
414 1528 505 1584 loersm
524 1527 629 1598 furiosi
652 1526 685 1583 ad
709 1536 815 1601 tempus
837 1537 946 1585 curator
967 1531 1061 1601 detur,

109 1612 199 1667 donec
215 1613 380 1680 resipuerit.

171 1689 236 1750 lea.
259 1687 352 1752 ⁴ltem.
377 1694 440 1752 illan
454 1695 626 1768 infrequens
638 1701 690 1763 est,
706 1699 791 1752 etiam
803 1711 876 1772 eum,
893 1697 943 1768 qui
952 1700 1062 1753 nimiam

109 1792 159 1850 per
179 1777 356 1833 rusticitatem
378 1794 408 1833 se
425 1777 522 1837 alienis
542 1782 663 1852 naqatiis
682 1781 816 1852 perendie
836 1783 976 1852 imparem
998 1795 1063 1838 esse

107 1862 223 1932 probat,
247 1865 462 1918 excusationem
477 1863 583 1919 mereri.
620 1862 772 1934 Paupertas
787 1864 867 1937 plane
882 1871 1015 1927 excusat,
1037 1868 1065 1921 si

109 1947 205 2016 impar
220 1950 262 2001 est
277 1948 359 2000 oneri
370 1945 501 2016 serendo.

173 2023 238 2085 186.
275 2021 370 2085 ⁵Ilem.
418 2028 486 2084 Tria
502 2044 591 2084 onera
612 2031 766 2087 tutelarum
782 2033 1000 2088 aestuationem
1015 2033 1063 2086 tri·

109 2111 206 2172 buunt.
236 2111 296 2168 Tria
308 2119 396 2168 autem
413 2128 503 2169 onera
518 2117 560 2169 sic
574 2121 640 2170 sunt
652 2116 834 2186 accipientia,
851 2121 880 2171 ut
895 2132 952 2170 nan
967 2130 1063 2172 nume·

110 2212 163 2253 rus
179 2195 349 2268 pupillorum
366 2196 457 2269 plures
472 2195 570 2252 tutelas
586 2197 679 2267 iaciat,
702 2200 753 2255 scd
766 2201 1004 2270 patrimoniorum
1019 2213 1063 2256 se·

108 2284 234 2351 paratio.
279 2287 306 2335 et
328 2281 390 2336 idea
405 2283 455 2353 qui
475 2280 565 2337 tribus
587 2280 712 2337 iratribus
734 2291 810 2337 tutor
829 2281 907 2338 datus
923 2290 974 2352 est,
994 2278 997 2359 )
1015 2275 1167 2356 qnilmlasb.

110 2362 254 2418 indiuisum
275 2363 464 2435 patrimonium
479 2361 586 2435 liabent,
610 2363 652 2420 uel
669 2365 827 2437 quibusdam
844 2374 928 2436 tutor,
951 2365 1063 2438 quibus-

110 2446 170 2502 dam
186 2453 305 2516 curator,
321 2461 401 2501 unam
417 2446 528 2503 tutelam
544 2448 695 2520 suscepisse
710 2449 843 2505 creditur:
882 2443 974 2525 [187.]
998 2451 1063 2506 item

111 2523 177 2603 qui⁶
204 2545 294 2585 curam
322 2528 468 2584 kalendarii
491 2529 680 2586 Gaditanorum
707 2549 721 2586 a
748 2533 870 2605 principe
899 2525 1062 2590 'inductam'

111 2623 138 2671 et
153 2614 180 2669 in
195 2613 316 2685 equestri
332 2611 425 2668 ordine
440 2623 594 2687 susceptam
610 2608 807 2672 'ssiminlstrat.⁸

110 2790 171 2827 curn
185 2773 292 2835 Tdeapk.
309 2773 340 2821 L.
355 2782 388 2822 81.
404 2774 426 2835 §-
442 2785 462 2823 1.
478 2772 509 2820 L.
523 2784 549 2824 st
560 2789 603 2837 pr.
620 2772 651 2821 I).
666 2773 690 2821 k.
707 2780 723 2821 t.
739 2773 770 2822 L.
783 2786 814 2824 to.
833 2773 858 2823 C.
873 2773 897 2822 lt.
913 2781 930 2822 t.
984 2770 1004 2837 ¹)
1019 2773 1063 2823 Ea

115 2845 162 2892 Vl.
184 2844 223 2893 ed.
247 2843 360 2892 lllannns.
384 2850 427 2890 ..t
447 2858 460 2890 u
482 2843 600 2906 principia
626 2842 684 2892 Vnt.
759 2839 780 2907 ¹)
803 2842 912 2893 liestitui
934 2841 1063 2907 (similiter

111 2913 242 2977 alterumn).
264 2912 302 2976 Cf.
317 2914 341 2975 §-
357 2922 402 2963 188.
419 2911 450 2960 L.
466 2923 491 2963 10
502 2914 547 2975 fin.
563 2913 594 2961 L.
610 2926 643 2964 11.
659 2922 684 2963 11
695 2927 738 2976 pr.
758 2913 790 2961 t).
806 2913 829 2962 k.
845 2920 862 2962 t.
914 2909 935 2976 ’)
951 2912 1063 2963 destitui

109 2985 235 3034 sententia
254 2982 286 3032 ab
305 2984 366 3032 aliis
385 2990 534 3032 monstrata.
571 2982 610 3044 Cf.
626 2982 657 3030 L.
673 2994 706 3034 to.
726 2985 751 3044 §-
764 2995 783 3033 8.
807 2982 838 3032 L.
854 2994 879 3033 11
892 2998 933 3046 pr.
957 2984 989 3031 Ι).
1004 2984 1028 3031 ir.
1044 2991 1061 3033 t.

111 3053 131 3119 4)
146 3054 270 3104 Similiter
288 3054 399 3102 restitui.
430 3053 469 3115 Cf.
488 3054 511 3114 §-
525 3064 546 3104 8.
568 3052 629 3102 I.k.
646 3060 663 3102 t.
684 3052 716 3101 L.
736 3064 756 3104 8.
778 3055 801 3115 ᾖ.
818 3064 850 3104 18.
870 3052 902 3102 L.
917 3064 938 3103 ’1.
958 3053 989 3101 D.
1004 3054 1028 3101 11.
1044 3061 1061 3102 t.

110 3126 182 3188 infra
197 3126 298 3186 88110.
314 3135 361 3175 114.
436 3120 456 3186 ⁶)
471 3121 518 3172 Est
533 3122 564 3172 L.
578 3136 599 3175 8.
624 3123 656 3172 B.
671 3123 695 3172 b.
710 3130 728 3171 t.
747 3138 781 3172 ea
804 3122 859 3187 Glp.
878 3122 921 3172 lib.
941 3125 1008 3188 cinq.
1031 3124 1063 3172 de

109 3198 177 3259 ostie.
189 3201 274 3258 praet.
290 3201 335 3243 tut.
365 3193 502 3256 Citius.
572 3190 673 3259 ⁶)ltem.
701 3193 745 3251 Qui
759 3193 816 3243 edd.
846 3192 921 3256 (31.8.
937 3203 983 3244 tiss.

111 3263 131 3330 1)
147 3267 275 3315 iniunctam
290 3267 322 3327 ej.
337 3263 436 3314 Buclrlt.
461 3263 513 3313 Sed
526 3263 574 3314 liae
589 3266 628 3313 ait
641 3263 706 3327 (dp,
721 3279 777 3313 cum
790 3262 904 3312 Gadibus
918 3270 989 3312 uetus
998 3269 1064 3312 esset

110 3351 175 3386 cura
188 3336 346 3393 kalendarii,
358 3337 502 3398 principem
517 3335 644 3398 quondam
658 3336 758 3384 ciuitati
768 3335 906 3398 turpilione
914 3332 1063 3384 subvenisse

110 3408 155 3464 ita,
165 3413 193 3455 ut
201 3408 277 3455 simul
287 3406 420 3455 induceret
430 3421 446 3453 a
453 3407 574 3468 principe
582 3407 745 3456 constitutum
752 3404 900 3453 kalendarii
907 3411 1061 3454 curatorem.

111 3472 132 3539 8)
147 3476 328 3525 administrabat
347 3474 405 3524 Vnt.
416 3475 473 3523 edd.
498 3475 570 3523 li'ilsit
584 3476 686 3524 uidetur
696 3475 797 3529 deesse,-
811 3474 857 3524 sed
867 3475 1062 3539 intelleqendum

109 3553 147 3594 est
167 3560 202 3594 eac
222 3547 245 3606 ξ.
265 3557 316 3596 teu:
341 3561 396 3594 cum
415 3546 490 3593 etiam
511 3559 576 3593 cura
596 3545 745 3593 kalendarii
762 3545 797 3593 sit
818 3545 886 3593 inter
908 3546 961 3593 triu
983 3559 1063 3595 onera

110 3616 144 3679 (ᾖ.
155 3614 214 3679 188),
229 3631 292 3672 eum,
307 3617 351 3679 qui
363 3613 477 3663 Gadibus
485 3620 625 3676 equestrem
635 3628 723 3662 curans
733 3614 883 3663 kalendarii
892 3615 1063 3673 administrat,

110 3688 170 3735 licet
183 3701 214 3734 ea
228 3692 253 3734 et
269 3685 454 3734 Gaditanorum
465 3684 592 3745 pecunias
610 3689 635 3731 et
648 3697 665 3731 a
679 3683 802 3745 principe
820 3684 930 3733 danatus
949 3698 1064 3746 campre-

109 3756 213 3813 kendat,
223 3763 306 3804 tamen
317 3755 394 3802 unius
404 3760 500 3802 tantum
510 3767 589 3800 curae
600 3766 665 3801 anus
673 3754 817 3814 suscepisse
832 3753 912 3802 credi.
937 3752 975 3815 Cf.
987 3753 1017 3801 L.
1028 3764 1062 3801 so.

109 3827 133 3885 §-
144 3838 164 3875 1.
177 3826 209 3873 Ι).
224 3825 248 3873 k.
264 3831 281 3872 t.
297 3850 330 3860 -
345 3822 398 3872 Sed
411 3830 493 3871 tamen
507 3836 560 3870 rem
575 3820 699 3883 Ulpianus
713 3823 785 3870 clare
799 3822 975 3871 demonstrare
989 3821 1063 3870 debe·

110 3893 160 3942 bat.
185 3893 275 3956 Itaque
291 3895 341 3942 iarn
352 3900 411 3954 past
427 3891 544 3940 inductam
558 3892 651 3940 addidi
663 3898 694 3949 et,
710 3891 778 3954 quad
788 3905 837 3940 naa
848 3890 936 3940 dubita
946 3892 1063 3939 amissum
