2378 4386
462 116 475 136 Ι,

467 162 484 168 .-
530 156 559 165 ι’·
618 151 667 158 ··”’

241 525 344 563 nomeu
361 524 468 562 vunnu
486 509 519 577 (l)
537 524 635 562 suos.
653 526 689 562 os
706 524 768 561 suus
785 524 861 562 essct.
961 508 1022 574 637

10 663 65 712 [⁵³⁹]
140 648 552 729 ssssssstcsperepossui
1034 653 1131 704 iotis.

138 736 164 797 1.
187 739 284 796 ileredi
299 741 368 808 eius,
382 738 438 812 'qui
453 733 566 813 espere²
581 743 586 806 Ι
603 754 657 796 nou
673 747 789 812 poterut,
804 737 963 804 detersisti
978 755 1026 813 po·
1047 723 1114 773 ⁰⁰¹⁴

77 832 160 881 testas
170 838 298 880 oonoeua
310 815 403 895 (ιιοη)8
417 831 470 894 ost,
485 825 539 880 nisi
552 827 579 881 si
588 816 717 889 ositeodi⁴
730 825 830 897 possit,
845 825 903 879 eius
919 823 1027 880 'uolun-

77 902 164 966 ίαιίεὁ
179 917 184 970 Ι
201 907 349 964 decessisse
364 906 542 979 defunctum,
558 910 563 975 i
580 916 611 963 ut
625 906 731 963 delesse
746 923 776 963 se
791 902 901 964 uellet.⁶
916 915 921 972 t
1050 910 1063 952 ὅ

138 986 166 1052 2.
189 984 352 1065 ⁷Antequam
377 993 437 1064 quis
459 990 492 1046 sb
515 991 568 1048 alio
590 989 752 1061 deiciuntur,
780 992 839 1063 lpse
861 1007 891 1047 se
912 989 1064 1058 detertreu

76 1076 172 1147 debet,
194 1075 259 1131 alies
282 1091 343 1131 sero
360 1083 365 1136 t
380 1075 412 1130 sd
428 1074 553 1130 auxilium
573 1074 724 1139 delatioints
739 1074 871 1148 confugit.
917 1074 1028 1147 quodsi

77 1177 127 1236 pes
143 1169 148 1222 t
164 1175 283 1217 errorem
298 1175 328 1216 se
343 1158 493 1230 detuleirlt‚
516 1158 621 1215 nihile!
645 1156 730 1214 ollloit
749 1157 954 1224 inioonsiderata
968 1158 1028 1215 dili·
1038 1165 1065 1208 1⁶

97 1246 204 1306 sotini

77 1263 94 1319 Β
139 1325 168 1386 3.
192 1320 249 1383 ⁸lus
264 1335 370 1401 patrum
386 1343 441 1383 non
456 1328 609 1397 minuitur,
626 1328 649 1382 si
664 1342 694 1382 se
708 1327 732 1383 is
747 1324 859 1397 deierat,
880 1327 927 1399 qui
943 1334 948 1388 ι
963 1324 1028 1382 soll·

77 1412 141 1468 dum
155 1410 190 1473 id,
206 1410 280 1484 quod
295 1410 427 1477 solicitum
442 1419 495 1482 esi,
510 1427 605 1484 capere
617 1425 671 1466 non
685 1417 786 1483 potest.
823 1419 896 1465 asine
912 1402 950 1465 si⁹
964 1413 1064 1482 positi

78 1495 148 1551 diem
163 1494 345 1557 centesimum
361 1502 451 1567 patres
472 1493 600 1551 caducum
616 1497 621 1562 i
640 1493 795 1566 uindicaui,
817 1493 927 1550 omnino
943 1501 948 1555 Ι
963 1490 1029 1548 fiseo

77 1577 154 1633 loeus
169 1591 224 1633 noo
240 1569 320 1632 est.¹⁰
337 1584 342 1636 i

141 1655 175 1776 4ιιι
193 1657 221 1715 Sl
243 1674 273 1714 se
293 1660 316 1714 is
338 1659 450 1726 delerat,
474 1662 516 1717 oui
538 1661 637 1728 inclite
654 1664 786 1718 relietum
802 1668 854 1732 est,
867 1659 1132 1733 praemonuisti·

75 1742 145 1816 fert.
191 1746 196 1808 Ι

140 1826 185 1887 4⁸.
197 1826 376 1883 ’Emerenon
385 1834 480 1898 potest
488 1844 503 1884 a
512 1832 666 1899 prouincia
675 1832 711 1901 is,
720 1833 770 1902 qui
777 1831 804 1884 ei
812 1820 967 1899 praeest,¹²
975 1842 1039 1883 nee

77 1913 132 1970 loo
140 1911 343 1981 consideratur,
351 1912 726 1984 quiscontrailtauosterum
734 1913 760 1968 si
762 1927 819 1985 per
827 1914 1028 1982 interpositam

78 2011 220 2070 personam
233 1987 523 2066 comparassei¹³rem
535 2003 686 2070 arguatur,
694 1999 825 2052 damnum
836 1999 841 2063 Ι
848 1998 961 2068 patitur
972 1995 1029 2050 eius
1052 2003 1066 2044 o

153 2169 172 2236 ¹)
187 2187 221 2221 ex
235 2171 284 2220 Kr.
299 2172 338 2220 ed.
354 2173 429 2221 initio
442 2186 532 2221 nasus
543 2170 781 2239 *i(i)uq(?)u(?)s(?)t
796 2170 853 2222 01'.
883 2170 974 2221 illisae
986 2185 1029 2220 su·

79 2244 167 2306 spicer
181 2243 291 2291 duntaxat
310 2241 395 2292 Antea
408 2242 451 2292 iio
465 2257 555 2292 ueram
568 2245 648 2292 lectus
665 2258 716 2293 non
730 2251 795 2293 erat.
828 2242 890 2294 Tota
904 2242 1030 2293 sententia

77 2312 174 2376 suerit:
189 2309 312 2375 ‘deferre
325 2327 353 2362 se
364 2320 449 2377 potest
462 2320 487 2362 et
500 2315 532 2370 is,
543 2315 587 2377 qui
595 2314 705 2363 solidum
715 2317 791 2378 cepit,
806 2316 919 2378 quamuis
929 2320 1031 2378 parieru

80 2383 209 2432 duntaxat
223 2397 309 2445 capere
323 2384 408 2446 possit.
483 2380 503 2450 ²)
517 2399 551 2433 ex
566 2383 614 2433 Il'r.
630 2385 668 2434 ed.
684 2385 708 2433 ul
722 2399 735 2433 e
749 2386 801 2433 uita
815 2381 919 2434 eedeus'
935 2383 1029 2436 Boeeie.

78 2453 217 2504 seeundum
231 2453 336 2502 Laoim.
351 2469 382 2503 ue
397 2461 458 2517 apta
473 2455 572 2518 quidem
586 2456 720 2504 sententia.
748 2456 788 2517 qui
803 2457 854 2518 quit
868 2470 958 2518 capere
972 2454 1029 2504 edd.

78 2539 148 2574 meae
162 2536 182 2576 1.
197 2534 218 2573 t.
236 2523 283 2573 sed
301 2526 402 2574 litterae
421 2525 442 2573 ι’
461 2525 501 2588 qui
520 2540 611 2574 errore
630 2527 753 2587 repetitas
771 2523 898 2573 librarius
916 2525 1030 2574 induxit.

78 2595 118 2644 De
127 2609 157 2644 re
167 2595 202 2657 ef.
212 2594 243 2643 L.
255 2605 289 2646 ss.
300 2609 343 2658 pr.
358 2596 398 2657 §i-
409 2606 429 2645 1.
440 2607 460 2646 s.
470 2606 490 2645 s.
501 2606 534 2645 ιο.
549 2594 581 2642 L.
592 2605 626 2645 ss.
640 2597 663 2655 ς.
674 2605 694 2645 s.
714 2594 745 2641 1).
756 2594 788 2642 de
797 2596 848 2642 iur.
860 2592 1030 2660 fisci(ss,1e).

80 2661 101 2729 ⁸)
120 2665 232 2714 Addidit
250 2680 285 2714 ea
302 2663 405 2715 Sasinii
423 2668 455 2729 qi.
475 2665 524 2713 Kr.
543 2665 582 2713 ed.
602 2664 669 2712 Ante
688 2680 709 2712 u.
730 2674 750 2712 2.
778 2660 846 2726 ‘Ipsi
864 2670 961 2712 tantum
979 2679 1030 2713 non

79 2732 166 2784 eiian'
182 2737 358 2798 suppleverunt
371 2736 429 2785 edd.
444 2749 463 2786 1.
479 2747 499 2785 u.
559 2732 581 2799 ⁴)
596 2734 627 2783 Iu
644 2730 700 2783 GK'.
719 2733 762 2783 iia
774 2735 910 2796 perforato
924 2740 970 2782 aut
983 2734 1030 2783 nisi

79 2805 101 2854 si
115 2804 209 2853 ostendi
222 2813 268 2854 aut
277 2806 442 2855 nisihostendi
453 2813 538 2869 potest
549 2807 639 2868 fuisse.
692 2800 713 2868 ⁶)
727 2803 759 2852 In
771 2804 796 2852 0.
810 2805 935 2866 seriptum
946 2803 1030 2867 fuisse

76 2880 143 2938 puta
160 2875 263 2937 uolunt,
282 2878 355 2926 utin
376 2876 441 2926 Gaio
460 2883 546 2939 potest.
566 2898 600 2918 ει
618 2881 735 2938 potestate
753 2881 801 2924 eia.
829 2873 867 2937 Os.
887 2874 982 2937 Papin.
1002 2875 1030 2924 in

82 2945 171 2994 Collat.
187 2956 208 3005 a,
222 2957 242 2997 o.
257 2953 283 2995 et
300 2945 372 2998 Lao
387 2946 433 3012 (io)
444 2963 487 3010 pr.
512 2947 543 2995 1).
558 2947 590 2996 de
604 2962 662 3011 nep.
674 2953 737 3010 pest.
753 2944 788 3010 (o,
803 2943 834 3010 ⁵).
899 2941 1029 3010 ⁸)Boeek.

78 3022 181 3065 secutus
199 3015 305 3066 Lacin.
321 3032 372 3080 pro
391 3019 530 3067 uoluntatis
545 3019 611 3080 feeit
632 3017 742 3081 uigoris,
760 3031 812 3079 pro
830 3016 904 3065 uellet
924 3017 1029 3065 ualeret.

81 3085 168 3150 Neque
181 3101 242 3136 oero
257 3087 425 3145 Hadrianus,
443 3104 478 3136 aa
494 3090 622 3150 potuerit,
640 3087 688 3137 sed
704 3103 738 3136 an
756 3088 867 3136 noluerit
884 3086 1030 3150 desundu,

79 3158 172 3221 quaeri
184 3159 274 3220 uoluit,
288 3173 368 3222 neque
378 3159 443 3220 fisco
456 3159 503 3207 sed
515 3159 606 3208 heredi
620 3160 735 3208 iniunxit
745 3156 929 3222 probationem.
950 3156 981 3205 L.
996 3168 1030 3210 1⁸.

79 3229 103 3288 ἃ.
118 3238 139 3279 ti.
153 3226 186 3275 D.
201 3227 234 3277 ib.
304 3224 325 3292 7)
343 3228 381 3290 Cf.
396 3228 428 3277 L.
443 3240 469 3278 tu
480 3244 522 3291 pr.
543 3231 566 3290 ἕ.
581 3241 614 3280 10.
635 3229 666 3279 L.
681 3240 701 3279 t.
721 3232 744 3290 ξ.
759 3240 779 3280 ι.
803 3228 835 3278 D.
855 3229 886 3278 de
906 3230 956 3277 iur.
975 3229 1030 3290 tiso.

80 3296 124 3362 (ss,
140 3297 184 3363 u).
249 3295 326 3362 ⁸)0f.
343 3297 401 3346 Gai.
415 3309 436 3355 s,
451 3308 498 3348 sos.
513 3309 559 3349 sos.
575 3310 621 3351 sss.
646 3299 700 3364 lltp.
716 3313 736 3358 1,
751 3311 785 3351 ss.
800 3310 834 3358 ss,
849 3311 882 3350 ss.
946 3295 969 3364 ⁹)
983 3299 1030 3349 nisi

78 3367 161 3417 scribi
174 3369 228 3417 nuit
242 3368 291 3417 Kr.
305 3370 378 3418 male.
432 3365 463 3433 ¹⁰)
480 3368 544 3418 Nam
558 3372 626 3420 alias
636 3373 717 3433 fiscus
730 3386 747 3420 a
761 3371 892 3435 deserente
905 3385 933 3420 se
942 3371 1031 3420 saitem

79 3438 213 3487 dimidium
226 3438 309 3488 iubet.
360 3435 393 3504 ¹¹)
408 3437 451 3487 Ad
463 3442 746 3505 sententiansuppteui,
760 3448 788 3490 ut
797 3448 944 3505 appareret,
954 3442 1031 3490 etiarn

78 3516 222 3571 sequentem
239 3510 263 3570 ὅ.
279 3524 357 3572 posse
375 3516 444 3558 reete
462 3511 602 3572 suppletam
620 3525 681 3559 esse.
709 3509 839 3575 Scriptura
853 3513 937 3574 fuisse
950 3518 1031 3574 puta:

80 3579 181 3628 relicti
195 3571 284 3638 firmium
299 3580 361 3638 terti
392 3579 430 3642 Cf.
445 3578 476 3626 L.
488 3591 522 3631 tn.
536 3582 559 3641 i.
570 3593 590 3630 1.
610 3580 641 3629 1).
652 3581 684 3629 de
698 3582 750 3629 ior.
762 3583 817 3644 tiso.
833 3580 878 3646 (ts,
888 3580 931 3645 tt).
960 3579 1030 3640 Quae

78 3647 174 3699 Boecis.
186 3652 332 3713 proposuit,
347 3657 399 3699 tres
413 3663 503 3698 oerum
517 3652 649 3713 complent,
663 3665 728 3714 quae
742 3665 789 3715 epo
803 3652 861 3700 edd.
876 3663 896 3700 1.
911 3661 941 3710 n,
955 3651 1028 3701 duos.

79 3718 119 3768 De
128 3720 213 3770 edicto
227 3719 260 3769 D.
279 3719 389 3770 Traiani
401 3734 462 3769 nero
477 3720 528 3768 iam
537 3728 596 3769 ante
606 3722 632 3768 in
643 3735 693 3770 non
704 3722 821 3784 sapiente
830 3720 907 3770 Ictus
916 3720 1029 3770 dixerat.

83 3784 117 3921 lt
131 3787 281 3911 {iiius
290 3787 459 3913 isitii}
472 3788 836 3910 iiiiii‘ii‘izttim'
854 3792 881 3840 ‘''
901 3786 958 3839 μ’·
