2378 4386
492 559 514 593 c.
533 558 627 592 usurus
645 557 747 594 oberro.
1034 546 1094 604 115

202 681 246 740 31.
270 682 386 740 ‘Potitus
403 685 535 739 seruitute
550 683 587 739 ob
602 686 727 756 antiquis
735 684 894 753 dicebatur,
913 681 981 755 qui’,
999 689 1028 737 ut
1040 674 1095 737 ait¹

140 767 238 835 Labeo,
262 766 432 823 ‘seruitutem
454 769 553 836 seruit,
578 765 750 823 'cuiusmodi
762 758 917 823 dictiones²
931 759 1096 839 prorimlo)e

91 851 231 913 [mrcraect
247 856 332 909 moris
347 859 421 907 sunt.
451 852 546 907 eodem
561 853 641 906 modo
656 849 796 906 dicebatur
811 849 842 906 ab
858 850 975 923 aniiquis
988 853 1098 921 potitus

139 936 280 995 boatium'.
294 963 333 976 -
349 934 423 991 Fest.
439 951 463 990 v.
478 933 584 990 Potitus
599 935 732 990 seruitute
747 951 774 1008 p.
791 933 862 992 250.

420 1111 454 1177 O.
478 1109 637 1176 ATEIVS
661 1110 818 1177 OAPITO

316 1217 443 1281 (Labeonis
458 1217 571 1280 aequalis,
586 1218 626 1280 qui
642 1224 720 1265 tamen
735 1219 757 1265 ei
771 1216 920 1281 supervixit).

456 1339 779 1397 Coniectaneorum.

201 1455 221 1513 l.
246 1457 311 1510 Cum
333 1455 432 1510 librum
446 1455 510 1511 viti,
527 1457 596 1510 mett
612 1456 749 1527 Capitonis
773 1456 1008 1510 coniectaneorum
1024 1454 1097 1528 lege·

140 1556 238 1609 remus,
262 1540 309 1611 qui
323 1540 469 1609 inscriptus
484 1546 527 1592 est
542 1537 574 1592 de
590 1537 695 1593 iudiciis
710 1536 838 1610 publicis‚·
858 1537 997 1593 decretum
1012 1536 1096 1594 tribu·

139 1639 237 1679 uorum
260 1626 349 1674 uisum
372 1628 414 1675 est
436 1622 578 1693 grauitatis
600 1623 726 1694 antiquae
747 1620 866 1695 plenum.
902 1620 1048 1694 Propterea
1070 1622 1096 1677 id

138 1707 318 1761 meminimus.
357 1702 439 1777 idque
467 1701 502 1758 ob
531 1703 597 1760 hanc
619 1720 726 1761 oausam
749 1712 776 1760 et
798 1707 825 1759 ln
847 1705 915 1761 banc
936 1707 1096 1761 sententiam

137 1791 270 1862 scriptum
293 1795 349 1842 est:
379 1786 475 1842 ‘Aulus
491 1786 620 1844 Hostilius
636 1787 773 1844 Mancinus
795 1787 886 1844 aedilis
909 1788 1011 1844 curulis
1034 1789 1094 1846 luit.

137 1873 161 1930 ls
177 1871 297 1928 llarriliae
320 1871 454 1926 meretrici
477 1871 544 1926 diem
561 1872 592 1928 ad
608 1872 737 1947 populum
753 1872 819 1928 dixit
834 1889 877 1944 eo,
901 1872 974 1946 quod
990 1888 1005 1927 e
1021 1871 1096 1928 tabu·

138 1957 193 2013 lato
209 1959 267 2012 eius
280 1962 365 2010 noctu
376 1954 462 2027 lapide
473 1956 542 2011 ictus
553 1966 634 2031 esset,
650 1956 804 2029 uulnusque
817 1973 848 2012 es
860 1973 893 2013 eo
904 1957 992 2031 lapide
1005 1964 1096 2020 osten·

137 2040 225 2097 debat.
260 2038 363 2093 ttantiia
386 2037 419 2092 ad
434 2038 556 2095 tribunos
572 2038 642 2113 plebi
657 2042 828 2113 prouocauit.
862 2040 939 2115 Apud
954 2057 1002 2097 eos
1018 2040 1095 2112 dixit,

103 2134 110 2141 '
139 2131 373 2179 commessatorem
397 2121 543 2178 Mancinum
572 2123 604 2178 ad
627 2122 707 2179 aedes
729 2141 791 2179 suas
813 2126 936 2193 uenisse;
962 2140 1023 2180 eum
1046 2124 1096 2179 sibi

139 2209 256 2279 recipere
272 2222 326 2261 non
343 2205 426 2260 luisse
441 2221 455 2260 e
471 2222 500 2261 re
516 2223 579 2271 sua;
595 2207 642 2262 sed
658 2222 719 2263 cum
735 2209 762 2262 ui
773 2210 945 2281 irrumperet,
963 2206 1096 2280 lapidibus

139 2288 289 2361 depulsum.
323 2288 433 2344 Tribuni
456 2288 645 2360 decreuerunt,
668 2290 778 2346 aedilem
802 2307 834 2347 ert
850 2308 882 2348 ao
899 2291 960 2346 loco
975 2292 1034 2347 iure
1049 2290 1095 2346 de·

137 2375 249 2444 lectum,
272 2388 325 2445 quo
348 2387 409 2427 eum
433 2376 525 2427 uenire
547 2389 607 2429 cum
622 2372 765 2429 corollario
782 2391 836 2429 non
852 2374 996 2431 decuisset.
1028 2374 1095 2429 Pro·

137 2465 231 2530 pterea
245 2472 280 2511 ne
294 2471 354 2511 curu
370 2456 473 2528 populo
488 2455 580 2511 aedilis
597 2466 699 2529 ageret,
720 2459 955 2513 intercesserunt'.
972 2487 1010 2498 -
1027 2458 1093 2513 Geli.

138 2540 167 2610 4,
185 2537 232 2595 14.
249 2538 296 2611 SS.
315 2540 405 2597 1-6.

200 2620 229 2680 2.
252 2623 320 2697 Appi
342 2638 457 2694 bamque
478 2621 552 2678 illius
574 2621 649 2676 Caeci
673 2619 725 2677 irlia
748 2638 762 2675 a
784 2621 868 2684 ludis,
898 2637 968 2694 quos
990 2629 1094 2694 specta·

138 2715 224 2775 uerat,
246 2708 345 2776 exiens,
370 2705 448 2763 turba
464 2705 581 2778 undique
597 2703 760 2760 confluentis
776 2703 987 2776 iluctuantisque
1002 2704 1095 2777 populi

136 2793 234 2846 iactata
254 2799 304 2847 est.
336 2794 426 2863 Atque
441 2789 503 2845 inde
518 2805 629 2863 egressa
644 2805 704 2844 cum
720 2804 749 2843 se
765 2787 832 2843 male
848 2786 963 2843 habitam
978 2787 1094 2844 diceret:

138 2872 215 2947 ‘quid
236 2889 277 2928 mo
296 2890 369 2929 nunc
385 2874 483 2930 lactum
499 2872 594 2943 esset'‚
618 2874 713 2944 inquit,
737 2873 904 2945 ‘quantoque
919 2875 1003 2928 artius
1018 2888 1093 2946 pres-

137 2959 247 3029 siusque
269 2957 422 3012 conllictata
438 2973 536 3027 essem,
558 2959 581 3011 si
596 2956 623 3011 P.
640 2956 775 3026 Claudius,
798 2958 880 3012 irater
897 2973 983 3029 meus,
1006 2958 1093 3014 nauali

137 3041 240 3114 proelio
263 3040 374 3097 classem
397 3043 505 3095 nauium
527 3056 586 3096 curn
603 3041 704 3110 ingenti
720 3042 819 3096 ciuium
834 3056 947 3097 numero
963 3059 1017 3098 non
1033 3058 1093 3116 per·

138 3124 265 3181 didisset?
293 3132 367 3179 certe
383 3123 489 3195 quidem
506 3125 606 3180 maiore
622 3141 693 3180 nuuc
707 3126 783 3197 copia
797 3124 891 3198 populi
908 3142 1036 3199 oppressa
1051 3129 1092 3181 in·

139 3208 315 3265 tercidissem.
338 3206 391 3263 Setl
414 3207 536 3276 utinam’‚
559 3209 657 3280 inquit,
680 3205 837 3264 ‘reuiuiscat
859 3208 942 3265 irater
964 3211 1092 3281 aliamque

138 3293 248 3350 classem
270 3292 297 3347 iu
313 3290 430 3346 Siciliam
451 3291 531 3348 ducat
553 3300 633 3363 atque
648 3295 727 3347 islam
743 3292 942 3348 multitudinem
956 3293 1091 3366 perditum

137 3384 188 3448 eat,
210 3392 280 3449 quae
302 3390 344 3430 me
367 3375 435 3430 male
458 3392 529 3431 nuno
543 3378 665 3432 miseram
682 3374 864 3432 conuexauit'.
900 3375 938 3431 0b
955 3378 1020 3432 haec
1034 3392 1092 3432 mu·

137 3458 208 3516 lieris
231 3458 314 3516 uerba
337 3466 390 3514 tam
414 3458 533 3531 improba
549 3474 579 3515 ac
594 3469 648 3515 tarn
663 3460 779 3515 inciuilia
795 3459 822 3513 C.
839 3458 992 3515 Fundanius
1007 3468 1034 3514 et
1049 3459 1092 3514 li·

137 3540 224 3600 berlus
247 3543 424 3615 Sempronius
453 3541 552 3598 aediles
579 3542 668 3618 plebei
696 3543 804 3598 multam
831 3543 955 3599 dixerunt
978 3545 1001 3598 ei
1025 3543 1092 3597 aeris

138 3630 226 3698 grauis
257 3628 353 3700 uiginti
381 3628 499 3700 quinque
527 3627 607 3682 milia.
645 3625 673 3681 ld
700 3625 798 3683 iactum
826 3642 885 3682 esse
913 3625 979 3682 dicit
1001 3624 1092 3697 Capito

208 3791 229 3858 ¹)
245 3793 366 3842 Fortaase
381 3789 456 3840 libria
466 3788 664 3854 posterioribus.
695 3789 732 3852 Os.
751 3790 813 3838 Gall.
829 3801 863 3847 1³,
879 3800 911 3838 ro.
927 3789 950 3847 ξ.
960 3800 980 3836 a.
998 3783 1093 3849 ²)taIes

140 3864 329 3916 momerudtnes
343 3861 384 3910 etl.
399 3860 473 3909 Muti.

837 3941 873 3994 8*
