2378 4386
392 515 459 554 mm
476 516 571 554 rivum
590 516 662 553 serr.
681 497 714 554 V.
735 503 777 552 10.
997 499 1061 564 541

105 650 219 721 praede
232 649 291 706 titis
305 654 333 704 et
347 647 540 703 uindiciomnr
554 648 627 702 sotis
641 639 821 719 4441114144),ι
845 661 878 702 ox
893 644 937 702 dle
959 649 1062 720 accepti

109 731 198 789 iudicii
220 730 295 806 dupli
311 731 415 786 tructus
429 737 628 803 computantur.
672 739 768 787 ettam
790 729 885 786 dantes
901 745 981 802 quam
996 733 1063 787 acci·

109 818 227 890 pientes,
245 814 359 872 heredes
375 830 484 888 quoque
500 829 609 886 eorum,
625 807 861 887 ’procuratorum²
877 816 1063 887 cognitorum·

109 916 162 973 que
177 914 325 972 personae,
345 898 464 970 itemque
478 891 670 971 'sponsorum⁸
693 897 784 954 eadem
800 898 976 973 stipulatione
991 915 1063 956 com·

109 983 331 1057 prelrenduntnr3
353 997 448 1038 eorum
471 997 591 1055 quoque,
615 997 730 1054 quorum
746 983 856 1038 nomine
871 975 1063 1055 promittitur.⁴

108 1064 139 1126 ³.
156 1062 284 1134 ⁵Quoties
298 1065 444 1122 indicatum
456 1064 527 1121 soloi
539 1064 715 1137 stipulatione
727 1065 883 1134 satisdatum
896 1067 994 1121 omissa
1006 1067 1064 1122 eius

110 1153 182 1209 aetio
197 1153 237 1208 rei
252 1150 383 1207 iudicatae
398 1150 614 1223 persecutionem
636 1165 691 1204 non
712 1148 840 1204 excludit.
875 1145 904 1205 4.
928 1142 1065 1206 lemann-

111 1237 166 1310 patl
186 1234 264 1292 liberi
278 1234 416 1309 praeteriti
435 1234 458 1289 sl
478 1232 564 1288 uelint
584 1249 613 1288 se
635 1234 748 1288 miscere
763 1242 892 1304 paternae
908 1233 1062 1301 hereditati,

110 1327 220 1375 etcum
241 1319 300 1390 his,
319 1319 365 1391 qui
385 1319 413 1374 in
434 1324 570 1390 potestate
592 1316 787 1387 remanserint,
809 1317 958 1371 eommunis
981 1319 1065 1388 patris

110 1401 233 1459 diuidere
247 1401 436 1472 hereditatem,
452 1410 594 1473 antequam
604 1400 736 1456 bonorum
750 1400 948 1474 possessionem
960 1408 1064 1473 petant,

110 1485 144 1542 de
156 1485 321 1543 conlerendo
333 1502 428 1543 cauere
440 1501 500 1542 cum
512 1483 686 1541 satisdatione
698 1482 842 1540 debebunt.
877 1483 976 1556 quodsi
986 1484 1064 1540 satis-

111 1569 175 1626 dare
190 1585 245 1625 non
261 1575 390 1641 possunt,
410 1571 501 1625 stetim
521 1585 553 1624 ex
575 1566 627 1623 irde
641 1566 776 1624 honorum
791 1566 992 1638 contusionem,
1017 1583 1065 1624 ex·

112 1660 193 1725 oepto
208 1651 316 1725 peculio
330 1655 471 1723 castrensi,
487 1653 575 1709 iacere
591 1650 705 1725 cogendi
721 1644 809 1706 sutri.⁷

245 1802 309 1844 rm.
326 1801 357 1844 x.
385 1802 427 1844 ou
443 1802 670 1845 conrnauenon
685 1781 932 1846 ιιιοιόιιιιιιιί.8

174 1884 200 1945 1.
224 1886 263 1943 Ob
277 1895 379 1943 metum
395 1886 574 1961 impendentis
589 1887 677 1944 damni
698 1890 804 1945 uicinus
826 1889 915 1944 uicino
937 1880 1065 1964 ’(repro-

112 1976 232 2041 mittere,
250 1978 433 2042 procurator
447 1963 573 2048 uicini)⁹
594 1972 723 2027 satisdare
739 1970 833 2042 debet,
855 1969 962 2028 'additis
984 1989 1066 2046 spon·

61 2049 261 2126 utilioribus,¹⁰
276 2070 406 2126 supereo
422 2054 495 2128 qnod
510 2053 598 2112 damni
619 2056 755 2113 acciderit.
792 2050 820 2113 2.
846 2050 912 2111 ¹¹lle
932 2060 1067 2113 communi

113 2142 214 2215 pariete
231 2139 352 2195 utilitatis
375 2154 454 2194 cansa
476 2138 529 2196 hoe
549 2141 640 2214 coepit
656 2139 809 2212 obseruari,
825 2149 855 2196 ut
870 2137 992 2197 aedificet
1006 2142 1067 2214 qni·

114 2307 146 2358 L.
162 2306 232 2357 lton
247 2305 377 2372 Bnrpssoo.
394 2334 426 2343 -
441 2307 473 2354 L.
488 2319 521 2357 oo.
538 2301 584 2358 rei.
609 2308 639 2355 D.
655 2309 687 2357 de
707 2309 736 2356 V.
751 2308 778 2358 S.
794 2308 838 2373 (so.
855 2308 899 2374 re).
921 2309 953 2358 L.
968 2320 988 2360 s.
1008 2312 1031 2373 ς.
1046 2323 1067 2361 ι.

116 2377 146 2426 D.
162 2377 193 2426 de
203 2385 289 2440 praet.
303 2379 361 2440 stip.
378 2376 422 2441 (ts,
437 2379 468 2441 o).
488 2375 535 2424 to.
551 2377 583 2424 I).
599 2379 731 2427 indemni
745 2377 789 2444 (eo,
805 2379 835 2444 r).
889 2377 908 2444 ¹)
924 2380 998 2431 Haec
1009 2382 1068 2443 sere

113 2455 160 2497 out
172 2449 302 2497 excidisse
316 2447 347 2497 od
361 2448 480 2495 similiter
488 2446 608 2495 desinens
618 2455 662 2495 ant
672 2451 758 2497 recisa
768 2464 830 2506 esse,
846 2452 921 2498 etiam
932 2452 1069 2500 ostendunt

113 2535 136 2568 o.
152 2526 199 2567 tam
213 2518 297 2566 dantes
311 2531 380 2581 qnam
395 2517 539 2578 accipientes
554 2518 706 2579 simpliciter
717 2521 811 2581 posito.
838 2519 876 2581 Cf.
891 2519 933 2566 Fr.
952 2520 1008 2568 Vat.
1020 2533 1067 2571 ssa.

116 2584 136 2653 ¹)
151 2596 318 2651 procuratores
332 2586 378 2651 (44
392 2586 511 2650 arndipua
526 2592 585 2635 noto
600 2585 760 2650 procurator.)
776 2587 838 2635 cdd.
853 2588 910 2635 erici.
959 2584 980 2652 ³)
995 2604 1069 2651 spon-

114 2673 182 2707 sores
194 2658 256 2707 Celd.
266 2658 323 2707 edd.
343 2658 425 2706 llere
440 2657 474 2719 cf.
485 2657 516 2705 L.
528 2668 547 2706 5.
568 2656 600 2704 D.
615 2657 694 2706 indic.
709 2659 775 2706 solui
789 2659 833 2720 (to,
844 2655 874 2721 t).
922 2654 944 2722 ⁴)
958 2657 1000 2706 Sc.
1013 2674 1069 2707 curn

115 2731 172 2792 quie
181 2730 266 2778 alieno
276 2730 375 2777 nomine
385 2729 543 2777 convenitur.
582 2725 603 2790 ὓ)
616 2726 654 2789 Cf.
665 2726 696 2774 L.
707 2738 727 2777 tl.
738 2728 760 2787 ἓ.
772 2738 791 2778 a.
806 2726 838 2774 D.
847 2727 878 2775 cle
889 2735 972 2777 nouat.
981 2726 1026 2791 (46,
1036 2727 1067 2793 2).

117 2795 188 2863 ⁶le-
203 2796 258 2860 Utp.
268 2809 302 2856 ιι,
311 2811 332 2849 4.
349 2798 379 2846 L.
391 2809 403 2850 e
412 2814 452 2862 pr.
468 2800 490 2859 ς.
502 2809 522 2849 o.
539 2797 570 2845 L.
585 2808 605 2848 a.
622 2797 654 2844 I).
665 2797 697 2845 de
707 2799 792 2846 collat.
803 2795 848 2860 (or,
859 2795 889 2861 o).
902 2796 933 2844 L.
943 2809 975 2847 ro.
992 2797 1023 2846 Ι).
1037 2799 1068 2848 ‹te

114 2867 190 2918 cond.
206 2882 285 2917 causo
300 2868 361 2918 data
376 2867 422 2933 (14,
435 2867 467 2933 4).
482 2895 518 2904 -
533 2867 595 2916 Fer'n
612 2865 761 2917 ‘Collation’
774 2878 846 2930 [191.
899 2863 920 2929 7)
937 2867 1023 2929 CsJL.
1034 2879 1067 2920 te.

115 2941 138 3000 §-
154 2949 174 2989 e.
195 2937 225 2985 Ι).
238 2952 289 3001 pro
303 2952 355 2988 soc.
371 2939 415 2999 (rr,
430 2940 460 3001 ι).
481 2939 511 2987 L.
528 2952 548 2988 1.
569 2941 608 2999 ξς.
625 2950 657 2988 ιο.
674 2952 705 2988 ιι.
722 2949 754 2989 15.
781 2937 814 2986 Ι).
829 2938 861 2987 de
876 2939 961 2986 cotton
978 2937 1022 3002 (or,
1036 2938 1067 3004 o).

190 3007 237 3057 nte
256 3007 289 3056 X.
328 3005 348 3073 8)
364 3008 504 3058 Excidiase
518 3010 634 3058 videtur:
655 3005 690 3058 ‘et
704 3009 735 3058 de
750 3010 838 3058 damni
856 3009 947 3070 infecti
960 3010 1068 3072 stipula·

114 3075 204 3137 tione’,
224 3094 280 3128 curn
299 3080 325 3127 in
340 3080 423 3129 edicto
443 3095 540 3144 quoque
559 3081 653 3143 duplae
671 3081 859 3143 stipulationem
878 3078 938 3143 (quo
954 3082 1069 3142 pertinet

115 3149 276 3199 contrahenda
291 3150 435 3213 auctoritas)
442 3152 527 3198 contio
538 3151 569 3199 de
579 3152 671 3199 damno
682 3152 778 3213 infecto
788 3158 946 3214 sequeretur.
971 3150 1009 3199 De
1019 3151 1068 3200 lroc

114 3235 175 3269 oero
189 3221 245 3270 solo
260 3221 399 3268 sententias
415 3220 537 3282 quasdam
557 3221 686 3286 Visipotiri
706 3224 745 3270 oei
764 3221 870 3270 librarii
891 3229 1067 3270 servaverunt.

119 3290 178 3339 Viri.
195 3289 344 3339 Heinoaelr.
362 3291 387 3337 in
404 3289 507 3352 Repert.
522 3290 595 3354 Lips.
612 3304 670 3343 1843.
692 3291 743 3340 III.
755 3308 783 3355 p.
799 3303 844 3342 142.
914 3289 935 3355 ο)
951 3291 1024 3342 Haec
1039 3291 1069 3341 ob

114 3353 328 3426 ὁμοιοιὲλειιτον
342 3360 473 3409 excidisse
489 3361 615 3410 uidentur.
647 3362 685 3425 Cf.
695 3362 727 3410 L.
743 3375 754 3413 r
766 3379 809 3425 pr.
826 3363 856 3411 Ι).
868 3362 898 3411 rie
913 3363 1005 3412 damno
1021 3362 1068 3424 ins.

115 3433 159 3495 (ee,
169 3430 200 3496 a).
250 3427 282 3494 ¹⁰)
298 3433 314 3478 i.
325 3445 346 3479 e.
363 3445 412 3480 non
425 3431 676 3492 fldeprornissoribus
690 3434 729 3481 oei
741 3432 946 3496 fideiussoribus,
962 3448 1069 3496 quorum

114 3502 210 3550 durior
224 3501 343 3551 condicio
358 3499 497 3564 quinosque
511 3516 575 3563 opus
593 3518 643 3550 non
658 3511 706 3558 est,
722 3504 840 3564 quoniam
854 3503 917 3552 daec
936 3505 1069 3565 stipulatio

114 3587 150 3620 ex
164 3572 248 3621 edicto
260 3573 394 3634 praetoris
413 3570 507 3618 urbani
521 3571 665 3629 deseendit,
682 3574 838 3635 pereprinos
853 3574 989 3622 nesciente.
1018 3572 1071 3622 Sed

115 3643 167 3690 nisi
182 3642 256 3690 eliud
269 3643 300 3690 de
314 3642 406 3690 damno
426 3642 521 3703 infecto
540 3642 648 3690 edictum
664 3643 798 3704 praetoris
813 3644 950 3706 pereprini
966 3644 1069 3706 suisset,

114 3711 178 3761 haee
192 3712 270 3761 verda
285 3711 316 3760 ab
332 3711 431 3760 urbano
445 3712 536 3759 addita
556 3727 604 3761 non
622 3712 718 3773 forent.
795 3709 827 3775 ¹¹)
844 3712 880 3774 Cf.
897 3711 928 3760 L.
944 3723 964 3762 e.
990 3712 1022 3760 Ι).
1038 3713 1069 3761 de

113 3796 180 3830 uero.
193 3797 236 3845 pr.
253 3781 307 3830 urb.
324 3783 355 3846 (s,
370 3780 403 3845 e).
419 3780 449 3828 L.
467 3793 498 3830 ιι.
519 3781 550 3828 D.
566 3783 590 3829 si
603 3795 668 3829 sero.
684 3779 716 3845 (a,
730 3778 762 3843 t).
783 3780 814 3829 L.
831 3792 864 3830 rt.
880 3793 914 3831 ae.
934 3781 965 3829 D.
982 3797 1067 3831 eornm.

114 3852 166 3900 dio.
182 3850 227 3916 (ro,
242 3851 273 3916 s).
294 3852 325 3901 L.
340 3862 435 3904 es—ar.
451 3863 484 3900 4ι.
506 3851 536 3898 Ι).
552 3852 583 3898 de
598 3851 689 3900 donno
705 3851 752 3912 ins.
768 3847 813 3914 (so,
828 3850 858 3914 s).
