2378 4386
162 601 223 667 712
456 613 553 649 ruas.
573 613 625 648 rra.
645 612 706 648 nou.
726 612 811 647 11111.

227 735 268 788 Ex
287 734 445 788 Venuleii
469 733 646 787 Saturnini
669 734 704 787 de
727 733 882 786 interdictis
904 732 953 784 lib.
972 730 994 783 Ι.
1015 731 1050 786 II.
1072 730 1188 785 11111111

229 868 346 922 Omnino
374 869 543 936 epitomator
568 883 623 920 non
650 870 682 920 nt
708 867 853 920 lastiniani
899 866 1035 920 rudentes
1065 868 1126 919 tria

161 935 326 1012 scriptorum
339 951 451 1003 genera,
464 935 513 988 sed
525 936 558 987 ut
569 934 742 988 Theodosius
753 934 787 986 Il.
801 938 829 987 et
840 885 1060 987 Veientinianus
1071 933 1121 986 Ill.

162 1003 189 1054 in
208 1002 300 1066 s1mrli,
320 1018 404 1068 quem
416 1002 563 1070 parabant,
582 1002 677 1055 codice
691 1004 838 1054 ‘tractatus
851 1005 880 1053 et
892 1008 1050 1067 responsa‘,
1064 1017 1123 1068 qua

161 1070 269 1122 ratione
289 1070 372 1121 11111111
391 1069 419 1120 in
439 1068 629 1122 Valentiniani
648 1068 682 1121 de
705 1070 843 1135 responsis
861 1069 1034 1136 prudentum
1055 1067 1121 1137 lege

161 1135 332 1203 Papinianus
345 1137 373 1189 et
382 1135 503 1201 Paullus,
517 1136 661 1254 praeeiplni
673 1150 867 1212 responsorum
881 1136 910 1187 et
919 1135 1121 1201 quaestionum

162 1205 297 1267 auctores,
317 1203 400 1266 Gaio,
420 1202 541 1270 Ulpiano
560 1205 589 1255 et
636 1203 762 1255 odestmo
782 1203 1000 1269 anteponuntur,
1019 1201 1122 1254 distin-

161 1269 232 1322 xisse
256 1273 286 1323 et
307 1270 336 1322 in
358 1271 525 1322 tractatibus
543 1270 632 1337 magis
652 1270 687 1321 ad
706 1267 848 1322 breuiores
870 1267 969 1331 libros,
994 1269 1121 1322 maxime

163 1335 1123 1470 1111111111εὲ1111111111111111111111

163 1487 247 1538 quam
266 1470 487 1524 commodissime
507 1473 536 1523 et
553 1471 667 1523 minimo
681 1470 776 1521 labore
789 1485 874 1537 opere
887 1484 936 1521 suo
949 1468 1120 1538 deiungere·

164 1541 221 1602 tur,
245 1553 385 1592 morosum
408 1538 516 1590 scilicet
541 1537 658 1600 ducens,
686 1553 718 1589 ex
742 1536 850 1603 magnis
875 1535 952 1588 libris
979 1552 1054 1612 quae
1084 1537 1122 1590 ad

164 1621 303 1682 quemque
325 1604 439 1658 titulum
466 1605 652 1672 pertinerent,
680 1603 825 1670 colligere,
853 1603 875 1654 si
897 1602 1054 1657 minoribus
1077 1606 1122 1656 uti

164 1672 272 1733 liceret,
291 1673 320 1723 in
339 1671 440 1738 quibus
457 1672 514 1723 iam
531 1670 648 1723 collecta
671 1672 819 1723 exstarent
855 1669 935 1734 Quod
956 1669 1121 1723 institutum

164 1754 226 1790 cum
245 1738 340 1790 furtim
354 1738 424 1791 adeo
437 1740 547 1790 secutus
559 1737 603 1796 sit,
622 1741 653 1788 ut
665 1752 699 1788 ne
713 1737 748 1789 ab
762 1736 897 1789 eiusmodi
910 1736 1025 1803 quidem
1040 1737 1122 1790 libris

163 1803 325 1866 abstineret,
344 1822 378 1857 ex
396 1805 497 1871 quibus
515 1820 579 1857 enm
598 1803 692 1855 titulos
712 1803 746 1856 de
765 1803 953 1871 cognitoribus
973 1804 1003 1855 et
1020 1804 1057 1857 de
1071 1805 1121 1856 do·

163 1871 323 1925 nationibus
332 1871 518 1939 composuisse
529 1869 771 1937 deprehendimus,
783 1872 907 1938 apparet,
918 1886 1004 1937 quam
1016 1887 1122 1939 parum

164 1937 327 2008 diligentiae
345 1939 369 1991 is
387 1939 465 2005 operi
483 1953 533 1989 suo
551 1937 728 2004 impenderit.

232 2006 372 2073 Excerpta
389 2021 460 2072 quae
479 2003 579 2072 posuit,
598 2002 710 2071 integra
727 2020 790 2057 eum
808 2004 932 2071 posuisse
950 2006 983 2057 nt
1000 2005 1028 2056 in
1041 2006 1121 2074 ipsis,

164 2073 266 2139 quibus
283 2073 429 2131 utebatur,
452 2070 531 2123 libris
549 2070 707 2130 exstabant,
731 2086 781 2123 nec
800 2086 850 2137 pro
869 2070 984 2123 arbitn'o
1003 2089 1053 2124 sno
1073 2074 1120 2128 vel

165 2139 359 2192 omissionibus
376 2138 422 2189 vel
441 2137 617 2190 emblematis
635 2137 770 2199 l'oedasse,
789 2153 844 2189 non
863 2137 992 2203 estquod
1006 2138 1118 2192 dubite-

164 2223 232 2258 mus.
263 2206 343 2258 Certo
356 2204 506 2271 vestigium
519 2202 653 2255 eiusmodi
666 2203 795 2256 facinoris
807 2204 897 2257 adhuc
910 2204 1118 2272 deprehensum

164 2288 219 2325 non
242 2275 292 2324 est.
334 2270 403 2322 Nam
428 2286 499 2336 quae
523 2269 610 2322 rerba
632 2270 808 2338 Wiedingius
832 2270 893 2335 (der
915 2271 1120 2339 Libellprocess

189 2384 192 2393 .
207 2341 267 2402 298)
286 2353 337 2403 pro
356 2336 524 2390 emblemate
536 2336 637 2389 habuit
649 2338 784 2404 l[‘libellos
803 2337 852 2390 det
864 2341 893 2390 et
904 2337 1013 2390 litteras
1025 2342 1119 2406 petat*

164 2356 187 2464 ξ.
208 2409 279 2467 tot),
303 2418 358 2456 non
377 2404 466 2455 miuus
489 2403 613 2480 genuina
629 2404 715 2471 ipsius
733 2404 847 2471 Ulpiani
865 2408 941 2465 sunt,
965 2421 1052 2471 quam
1071 2407 1122 2460 illa

165 2470 256 2534 ‘Quod
275 2486 342 2523 uero
363 2487 448 2538 supra
471 2470 601 2522 diximus’
621 2475 644 2533 ξ,
664 2478 733 2527 165..
756 2488 791 2525 ne
814 2472 842 2523 in
861 2489 873 2523 s
895 2473 983 2525 eciem
1002 2473 1120 2539 quidem

164 2537 328 2605 suspicionis
345 2536 487 2600 cadentia,
532 2554 567 2590 uo
591 2537 638 2591 ille
658 2540 751 2592 tamen
777 2489 904 2605 exempib
923 2555 987 2590 usus
1007 2541 1064 2607 est,
1088 2543 1123 2594 ut

164 2605 284 2658 alterum
300 2605 384 2681 istud,
403 2605 478 2672 quod
496 2555 549 2658 sibi
567 2605 725 2669 ridebatur,
744 2606 877 2681 probaret
894 2605 1043 2658 emblema.

232 2673 273 2726 De
292 2672 399 2742 origine
418 2673 510 2741 operis
523 2689 585 2725 cum
598 2672 667 2724 nihil
679 2672 813 2726 traditum
833 2672 877 2736 sit,
896 2673 931 2725 ad
944 2672 1122 2727 coniecturas

164 2740 231 2792 viria
254 2740 343 2793 doctis
365 2739 582 2807 confugiendum
605 2739 670 2802 snit,
698 2741 733 2792 de
756 2739 857 2806 quibus
883 2739 943 2803 adi,
969 2739 992 2790 si
1015 2741 1120 2806 placet,

164 2806 312 2861 Zimmern.
331 2808 395 2864 hist.
413 2807 464 2860 iur.
482 2807 503 2862 l.
522 2812 544 2868 ξ,
558 2813 581 2858 t.
600 2806 715 2859 Wenek.
734 2822 827 2882 opusc.
847 2805 924 2862 acad.
943 2805 985 2858 ed.
1001 2805 1121 2862 Stieber.

186 2881 262 2928 nlla
293 2873 322 2926 F.
343 2874 442 2930 Osann.
464 2873 500 2926 ad
517 2873 584 2925 Pom
607 2888 650 2925 on.
670 2872 704 2925 de
723 2889 791 2942 orig.
811 2873 863 2929 iur.
875 2890 902 2941 p.
916 2879 971 2926 147.
1001 2873 1120 2928 Rndorf.

165 2892 229 2995 bist.
244 2942 295 2994 iar.
308 2947 331 3005 ἕ,
347 2943 413 2994 107.ί
445 2942 532 3009 Igitur
550 2890 619 2992 mibi
637 2955 748 3007 quoque
767 2940 790 2991 si
809 2940 969 2993 coniectura
985 2941 1029 2992 uti
1042 2941 1120 3007 licet,

166 3011 279 3076 pronior
297 3008 406 3060 samad
420 3007 644 3070 existimandum,
663 3023 719 3058 non
730 3007 841 3074 privato
855 3006 967 3062 consilio
980 3006 1029 3059 sed
1043 3010 1120 3075 priu-

165 3075 235 3143 cipis
252 3075 369 3128 alicuius
387 3076 567 3137 auctoritate,
591 3090 642 3126 nec
665 3073 699 3125 ab
723 3089 778 3126 uno
801 3073 850 3125 sed
868 3089 885 3126 a
902 3073 1030 3140 pluribus
1049 3091 1121 3143 opus

166 3142 324 3195 confectum
343 3158 412 3204 esse,
431 3144 463 3194 ut
480 3145 574 3193 tamen
588 3140 748 3192 inchoatum
762 3142 872 3193 tantum
884 3140 939 3203 rel,
959 3141 982 3193 si
994 3157 1122 3195 consum·

166 3213 283 3272 matum,
302 3209 401 3261 saltem
420 3223 474 3260 non
486 3206 637 3275 probatum
656 3208 691 3259 ab
711 3222 752 3272 eo,
771 3209 818 3274 qui
837 3206 898 3259 fieri
914 3206 1044 3273 iusserat,
1064 3210 1121 3277 pri·

165 3278 253 3329 vatim
272 3275 393 3340 suscepti
412 3272 473 3325 loco
486 3272 683 3340 pervulgatum
696 3273 789 3326 fuerit.
820 3274 943 3326 Primum
954 3273 1008 3326 hoo
1021 3276 1124 3329 suadet

167 3342 288 3394 ambitus
306 3340 407 3406 operis,
425 3339 453 3390 in
472 3339 587 3390 modum
599 3340 657 3392 l'ere
670 3340 886 3393 Iustinianorurn
903 3340 1031 3393 codicum
1043 3342 1122 3395 insti·

165 3407 233 3461 tuti:
251 3405 408 3459 cuiusmodi
425 3405 589 3472 amplissimi
608 3406 709 3459 codicis
727 3406 892 3461 conficiendi
905 3407 1051 3461 consilium
1064 3409 1121 3477 pri·
1137 3420 1187 3470 [111]

240 3579 258 3646 ¹)
274 3581 363 3637 Quibus
382 3596 443 3630 nunc
462 3581 554 3630 accedit
573 3583 709 3631 llommsen.
730 3584 785 3630 edit.
807 3584 881 3645 ipsius
901 3597 924 3646 p⁴
939 3595 1063 3636 toa-406.
1100 3587 1122 3634 ls

165 3653 257 3716 privato
273 3651 375 3707 bomini,
394 3653 434 3714 qui
449 3653 491 3700 snb
507 3651 660 3701 Constantino
676 3654 812 3714 scripserit,
832 3668 891 3716 opus
911 3655 1031 3715 attribuit,
1047 3658 1070 3716 ς.
1087 3668 1121 3707 ar.

166 3725 181 3771 i.
197 3738 218 3773 c.
234 3722 388 3770 Valentiniani
403 3723 478 3784 legem
493 3738 536 3785 pro
552 3723 716 3786 supplemento
731 3724 829 3784 liabens,
844 3723 906 3786 qttod
922 3724 994 3771 inulto
1011 3733 1066 3788 post
1079 3727 1122 3774 ad-

166 3794 240 3841 ditum
255 3793 293 3841 sit.
318 3793 364 3842 Sed
380 3793 443 3855 qaod
458 3795 558 3842 manime
573 3808 626 3841 eum
641 3794 721 3852 niovit,
738 3794 919 3855 inscriptionum
931 3795 1083 3855 singularitas
1099 3797 1122 3843 in

166 3863 305 3913 Diocletiani
320 3871 344 3912 et
358 3862 505 3912 Constantini
524 3863 661 3926 rescriptis,
682 3864 732 3910 eius
748 3878 790 3910 nos
806 3864 990 3926 probabiliorem
1006 3867 1122 3927 originem

166 3936 300 3984 ostendisse
315 3935 382 3984 nobis
398 3934 510 3983 videmur.
