2378 4386
115 566 166 615 xn
490 559 694 610 PRAEFATIO.

114 736 200 780 nunc
228 714 386 797 plerisque
414 712 534 796 placet,
557 711 612 776 sed
635 710 877 793 accuratiorem,
904 732 972 859 qua
992 712 1071 777 olim

114 800 162 863 uti
189 798 383 879 solebamus,
411 817 448 860 ea
476 815 598 879 quoque
625 796 659 859 in
687 816 721 859 re
742 795 882 859 tironum
926 795 1071 863 esideriie

115 886 147 947 et
170 882 342 947 commodis
364 880 550 945 inserviens.
591 878 698 943 Etiam
720 877 982 974 orthographiam
1003 900 1071 947 non

116 987 201 1048 eam,
238 986 318 1048 quae
353 964 389 1028 in
424 963 585 1028 codicibus
616 962 842 1045 manuscriptis
874 961 1072 1031 diversorum

115 1051 305 1131 scriptorum
328 1048 415 1111 varie
436 1048 632 1127 observatur,
643 1046 711 1144 ⁴sed
726 1046 792 1110 lere
806 1046 971 1143 aeqqalem
986 1067 1072 1112 eam·

115 1131 583 1298 q⁰⁰ntlttlt⁰pttlttte
604 1129 1070 1297 littttlltnnna

115 1321 186 1363 rum
208 1302 340 1382 spectat,
362 1299 480 1382 partim
495 1297 534 1361 ad
557 1298 862 1380 interpretationem.
907 1297 960 1363 Ad
982 1298 1071 1364 illam

115 1382 200 1466 quod
222 1383 553 1465 attinetuniversum
568 1381 712 1445 criticum
728 1403 747 1444 a
772 1386 918 1464 paratum
934 1384 968 1446 in
982 1384 1072 1449 notis

114 1467 285 1548 adstruere,
307 1488 327 1530 a
348 1465 482 1531 consilio
495 1466 595 1529 totius
609 1465 713 1548 operis
729 1403 868 1529 aiieuum
883 1469 961 1530 erat.
999 1465 1073 1532 Hoc

113 1555 241 1616 tantum
255 1550 424 1633 referebat,
438 1551 473 1614 in
488 1548 607 1613 tradito
622 1552 711 1613 textu
726 1551 753 1612 si
769 1549 844 1631 quid
859 1553 1070 1633 mutaveram,

114 1634 153 1698 da
186 1655 222 1699 eo
254 1635 405 1700 lectorem
436 1633 598 1698 admoneri
634 1633 884 1716 necessariisque
918 1633 1070 1699 subsidiis

114 1718 228 1782 instrui
235 1767 244 1800 ,
268 1723 312 1782 ut
343 1719 411 1800 ipse
446 1717 586 1781 iudicare
618 1721 734 1799 posset.
779 1716 892 1814 Itaque
925 1717 1070 1803 sinfflrlas

114 1805 221 1886 partes
244 1801 282 1866 ad
304 1804 457 1884 optimam
479 1800 530 1864 vel
558 1798 811 1883 vulgatissimam
834 1821 983 1947 curasque
1005 1822 1071 1884 qua

114 1907 201 1950 nunc
230 1887 363 1967 utimur,
398 1884 568 1948 editionem
600 1883 635 1946 in
666 1884 865 1967 praefatione
894 1886 928 1948 in
950 1885 1071 1949 icatam

115 1966 361 2047 accommodavi,
377 1968 422 2031 ite
436 1972 472 2031 ut
487 1968 513 2030 si
529 1967 570 2029 ab
585 1966 645 2031 hac
661 1967 771 2051 inquo
793 1971 904 2032 nostra
924 1968 1071 2034 recensio
1093 1976 1096 1981 '

114 2051 310 2132 deflecteret,
339 2051 546 2133 indicaretur,
576 2051 631 2114 ubi
659 2072 738 2132 opus
760 2052 940 2133 videbatur,
968 2053 1070 2119 etiam

114 2136 237 2199 ratione
269 2134 402 2198 reddita.
435 2172 477 2182 -
508 2133 808 2217 Interpretationem
841 2136 1072 2201 commentario

114 2220 262 2284 adiuvare
284 2223 374 2283 extra
388 2219 585 2364 proqositum
600 2224 677 2282 erat.
709 2219 802 2283 Tales
818 2220 903 2284 enim
919 2218 1070 2285 exhibere

113 2303 260 2369 ICtorum
288 2302 386 2365 libros
413 2324 451 2365 vo
466 2303 583 2383 uimus,
617 2306 653 2365 ut
683 2303 737 2386 qui
766 2303 886 2368 modice
914 2303 1068 2387 iurisprn·

114 2387 223 2450 dantia
251 2386 390 2449 imbutus
417 2390 516 2467 esset,
546 2407 602 2469 per
630 2389 729 2450 semet
755 2387 859 2470 ipsum
881 2386 1070 2483 intellegere

114 2491 166 2533 eos
189 2473 311 2552 posset:
333 2471 368 2533 in
389 2490 485 2552 quam
507 2491 573 2533 rem
589 2470 774 2553 plerumque
789 2470 969 2534 sufficiebat
982 2470 1069 2535 vitiis

113 2557 266 2637 purgatos
288 2557 320 2617 et
342 2559 496 2636 quatenus
511 2554 579 2617 fieri
593 2558 729 2636 poterat,
753 2554 896 2638 integros
911 2574 964 2619 eos
979 2574 1069 2636 prae·

113 2641 210 2701 stare.
245 2636 350 2702 Tanta
373 2639 458 2703 anim
480 2643 530 2702 est
543 2637 690 2702 IOtorum
712 2637 864 2720 loquendi
879 2639 1069 2721 proprietas,

112 2726 148 2786 ut
176 2721 271 2787 modo
300 2723 441 2805 ipsorum
464 2721 622 2805 loquelam
645 2721 754 2785 audias
777 2742 836 2785 nec
858 2719 946 2784 rudis
968 2722 1013 2785 sis
1034 2722 1070 2787 in

113 2827 147 2869 re
169 2828 248 2889 quae
270 2810 436 2886 tractatur,
458 2806 617 2869 intentum
639 2804 766 2889 quidem
788 2805 823 2867 in
844 2824 911 2868 rem
926 2804 1069 2871 animum

113 2891 145 2951 et
166 2889 406 2952 meditationem
428 2892 572 2970 poscant,
595 2889 770 2971 interprete
793 2908 867 2952 vero
883 2888 1070 2971 plerumque

113 2991 178 3035 non
201 2975 325 3055 egeant.
360 2971 471 3053 ltaque
493 2972 527 3034 in
550 2993 673 3036 summa
687 2972 926 3036 meditationem
941 2974 1071 3037 tantum

113 3054 260 3119 adiuvare
283 3054 412 3136 placuit,
435 3056 469 3118 in
491 3055 530 3118 iis
552 3057 737 3139 praesertim
760 3054 859 3138 libris,
883 3054 967 3119 unde
989 3055 1070 3121 iuris

114 3138 216 3202 civilis
244 3139 431 3221 antiquioris
460 3141 601 3222 cognitio
634 3140 771 3203 maxime
799 3139 959 3219 hauritur,
989 3138 1069 3203 locis

112 3221 262 3286 indicatis
286 3220 420 3285 aliorum
443 3227 736 3305 monumentorum,
763 3221 934 3306 inquibus
957 3221 1069 3288 eadem

112 3326 162 3369 res
185 3307 355 3370 tractatur:
388 3326 460 3370 raro
484 3307 579 3371 etiam
601 3307 729 3371 notulas
752 3306 938 3389 interspersi
960 3305 999 3370 ad
1022 3306 1070 3370 in·

110 3389 257 3453 tellectus
285 3389 425 3473 aliquam
454 3389 676 3455 difficultatem
698 3390 905 3474 pertinentes.
951 3387 1071 3455 Sedet

111 3473 146 3537 in
168 3472 246 3537 locis
268 3471 332 3537 illis
347 3474 504 3538 similibus
519 3473 700 3539 indicandis
715 3472 844 3538 modum
859 3472 994 3551 servavi,
1010 3492 1070 3569 pro

111 3556 1070 3725 titttltitmtlztttzttltlttlllltlte

110 3729 229 3807 rentur,
252 3747 333 3809 quaa
349 3726 388 3790 ad
404 3747 480 3807 rem,
503 3724 542 3787 de
562 3746 625 3807 qua
639 3689 796 3808 rigeretur,
819 3724 1071 3808 intellegendam

110 3809 264 3893 facerent,
284 3830 350 3873 non
373 3810 479 3890 etiam,
503 3827 584 3889 quae
606 3808 677 3890 ipsa
699 3828 737 3871 ex
760 3827 797 3871 eo
820 3808 901 3890 loco,
926 3808 979 3891 qui
997 3807 1068 3873 illu·
