2378 4386
65 35 1187 353 m

307 184 329 197 n

183 573 242 639 ’146
396 589 493 627 sucu.
513 589 565 626 ivs.
583 588 644 625 sort.
663 588 749 625 varro.
769 574 882 625 88-90.

181 720 298 779 lulianus
314 719 358 776 uel
381 717 428 775 ‘do
443 717 517 792 iego’
534 718 654 792 legatum
670 717 879 789 usumfructum,
903 716 947 773 uel
964 732 1014 790 per
1030 715 1146 774 damna·

182 807 299 875 tionem,
322 811 350 860 et
365 802 404 859 sic
418 803 515 873 sensit,
531 795 675 875 quamuis¹
696 802 817 875 legatarii
832 802 886 856 sint
902 810 929 856 et
944 800 1062 856 heredes
1078 801 1144 870 soii,

180 889 208 944 in
231 886 283 943 ‘do
305 883 386 960 lego'
409 885 500 958 legato
522 901 578 941 non
600 879 680 942 esse²
702 887 744 941 ius
766 883 950 953 adcrescendi,
978 879 1145 962 ’(perinde)

181 962 287 1043 atque,8
306 971 329 1026 si
344 968 421 1025 alteri
433 968 465 1025 nb
476 967 562 1025 attero
577 968 685 1042 legetur
701 964 841 1042 (quoniam
856 985 871 1024 a
886 968 1043 1040 semetipsis
1059 970 1146 1025 inuti·

181 1053 245 1111 liter
259 1053 377 1127 legatum
394 1045 449 1130 cst)
470 1051 521 1108 sihi
543 1067 598 1109 non
619 1045 820 1118 εειιεεεειιηῑς4
843 1051 920 1107 matri
943 1066 1010 1106 uero
1034 1067 1092 1107 non
1117 1054 1145 1109 iu

181 1144 270 1193 totum
285 1144 470 1207 concurrunt,
491 1136 539 1191 sed
561 1135 629 1191 alter
650 1151 700 1209 pro
722 1134 832 1191 atterius
855 1135 1049 1208 postianm-et
1065 1136 1093 1191 in
1110 1152 1145 1193 eo

181 1218 319 1276 dumtaxat
334 1220 376 1275 ius
392 1218 563 1276 adcrescendi
578 1220 644 1286 erit;
668 1227 752 1274 mater
774 1226 863 1274 tamen
880 1216 1011 1273 aduersus
1035 1227 1145 1275 utrum·

182 1305 293 1377 quoius
308 1301 480 1359 adcrescendi
495 1296 598 1358 habet.⁵
616 1295 620 1377 Ι
1155 1328 1187 1375 [⁶5

75 1360 191 1481 ffifrs]
255 1383 307 1444 88.
329 1385 447 1443 fulisnus
468 1383 574 1455 subicit,
597 1385 707 1442 Sestum
730 1377 858 1459 quoquefl
879 1384 1061 1457 Pomponium
1083 1385 1147 1443 ’rc-

105 1468 136 1482 ''
186 1485 324 1542 sponsum
339 1462 462 1540 referre,⁷
486 1479 514 1524 et
528 1470 550 1525 si
566 1484 614 1541 per
636 1462 847 1525 damnationems
870 1467 1044 1524 ususfructus
1069 1469 1146 1528 'cum

182 1555 275 1611 liberis
291 1547 383 1610 unori⁹
405 1553 522 1628 legetur,
545 1546 729 1626 ¹(ieoatum)¹⁰
745 1552 883 1625 singulare
898 1551 950 1607 hoc
965 1566 1037 1619 esse,
1061 1559 1145 1626 atque

183 1637 244 1694 ideo
255 1635 306 1693 titia
314 1630 485 1710 personam¹¹
498 1637 577 1692 matri
591 1629 768 1707 ἐεεεεΙεεε,12
778 1651 828 1692 nec
839 1651 898 1692 esse
910 1634 1071 1708 legatarios,
1083 1637 1144 1709 scd,

182 1727 268 1776 matre
290 1728 407 1789 mortua,
429 1718 528 1777 liberos
544 1721 620 1793 quasi
635 1718 748 1775 heredes
771 1718 970 1775 usumfructum
987 1718 1144 1777 habituros.

183 1801 277 1877 ‘Ego’,
301 1805 390 1875 inquit
404 1803 578 1876 Pomponius,
595 1801 717 1876 ‘quaero,
734 1802 808 1876 quid,
827 1804 851 1858 si
864 1803 940 1858 misti
954 1802 1059 1859 fuerint
1072 1803 1144 1860 tibe-

181 1956 208 2004 s‘n
224 1956 370 2003 uniuersum
385 1954 523 2002 uerisimile
532 1960 579 2012 est,
593 1958 738 2002 testatorem
747 1955 902 2003 mortalitate
912 1954 990 2003 unius
999 1953 1144 2003 alteriusve

182 2024 321 2075 liberorum
336 2025 402 2073 ninii
415 2025 525 2073 notuisse
540 2025 623 2088 ἱερεῖα
638 2022 769 2073 decedere.
841 2021 860 2088 ¹)
875 2038 910 2072 ex
925 2023 1039 2073 Momms.
1055 2024 1097 2073 ed.
1112 2022 1142 2089 ds

182 2095 245 2160 (pro
258 2092 302 2160 qu)
317 2115 350 2137 a
365 2095 434 2157 quasi
453 2093 511 2141 Vat.
528 2090 613 2156 ‘quad
625 2091 664 2141 si’
685 2093 742 2142 edd.
762 2108 831 2143 meae
846 2105 865 2143 1.
881 2105 900 2143 t.
921 2093 991 2156 quod
1008 2109 1092 2151 nunc,
1113 2110 1143 2143 re

182 2167 274 2215 iterum
284 2177 423 2227 perpensa,
438 2165 521 2211 minus
535 2162 611 2210 huius
626 2164 678 2212 ioci
691 2178 745 2213 esse
760 2165 887 2228 intellego.
940 2160 961 2227 ¹)
975 2169 1002 2211 ee
1021 2163 1080 2210 l'at.
1103 2172 1143 2212 est

182 2233 318 2298 inter(eos)
333 2233 390 2282 edd.
406 2246 474 2280 meae
484 2245 504 2282 1.
515 2241 535 2281 t.
550 2247 601 2296 qua
616 2234 790 2284 emendatione
800 2248 864 2297 opus
874 2249 924 2283 non
935 2241 979 2283 est.
1023 2228 1044 2296 8)
1055 2231 1140 2298 diadq.

186 2304 245 2353 Vat.
261 2311 331 2365 atquc
345 2304 384 2351 oei
399 2301 475 2364 idque
489 2302 547 2350 edd.
562 2311 590 2351 ut
603 2306 645 2366 qui
655 2318 724 2353 meae
734 2318 753 2354 1.
764 2314 783 2353 2.
831 2301 853 2369 ⁴)
866 2304 904 2366 Cf.
915 2303 947 2351 h.
958 2315 991 2354 st.
1007 2303 1048 2365 ἓξ.
1059 2314 1094 2355 n.
1106 2315 1140 2355 12.

182 2372 214 2421 D.
229 2374 261 2421 de
275 2374 323 2436 tea.
335 2383 354 2420 1.
379 2371 455 2420 Adde
469 2371 502 2420 L.
517 2382 583 2435 tpr.
604 2373 636 2421 Ι).
651 2374 683 2422 de
697 2375 805 2422 instruc.
821 2376 868 2438 teo.
884 2373 928 2439 (st,
940 2373 970 2439 t).
986 2373 1019 2421 L.
1034 2384 1069 2424 ot.
1085 2376 1110 2436 ξ.
1121 2386 1141 2424 1.

181 2442 213 2490 D.
229 2441 260 2491 de
275 2443 323 2506 leo.
338 2454 358 2491 1.
389 2440 473 2506 luitur
490 2440 554 2492 Gaio
569 2458 603 2492 em
617 2442 699 2501 desse,
721 2442 814 2504 Quinta
833 2460 868 2493 ex
886 2445 979 2492 triente
1000 2443 1142 2493 heredibus

181 2512 315 2570 institutis,
330 2512 372 2560 itit
385 2526 420 2561 eac
433 2514 526 2562 triente
544 2511 639 2574 Quinti,
654 2514 714 2563 duic
728 2530 763 2562 ese
777 2514 846 2563 desse
859 2513 919 2563 datr·
928 2514 1026 2575 usussr.
1038 2515 1142 2580 ieyotus

181 2597 236 2633 esse
250 2581 393 2633 uidebitur:
411 2598 458 2632 nec
472 2583 520 2634 doc
535 2585 570 2633 ad
589 2586 629 2633 ias
647 2584 815 2634 accrescendi
833 2584 889 2634 ICti
903 2585 1057 2633 retuterunt.
1092 2584 1141 2644 Qui

181 2656 209 2703 in
223 2653 248 2703 n.
263 2655 280 2703 l.
300 2653 467 2713 desudarent,
488 2655 539 2703 oid.
559 2655 630 2717 apud
648 2654 800 2704 Heimsoetis.
821 2656 837 2702 1.
853 2671 874 2703 c.
886 2670 913 2718 p.
929 2665 964 2705 ss.
994 2653 1141 2704 Bucfenolt:

183 2723 337 2789 Praelegate
349 2735 471 2788 melota.
524 2720 545 2789 ⁶)
561 2725 600 2786 Cf.
615 2725 647 2774 L.
661 2737 686 2776 st
700 2740 742 2787 pr.
761 2724 793 2772 D.
808 2724 839 2774 de
854 2726 932 2789 leot.
986 2719 1056 2789 ⁰)et,
1072 2725 1142 2790 quod

181 2795 224 2845 iiic
238 2795 313 2845 nudet
332 2795 400 2854 Vat,
415 2809 462 2844 om.
477 2793 509 2843 ab
523 2794 616 2845 Hoiiw.
632 2803 657 2844 et
671 2795 797 2850 Mamaos„
819 2811 835 2843 a
849 2809 887 2843 me
905 2796 1062 2843 translatum
1082 2803 1140 2844 ante

181 2865 202 2915 si
216 2880 260 2930 per
274 2865 457 2922 damnationem,
472 2864 495 2912 n.
512 2867 528 2913 i.
543 2867 637 2914 retinet
646 2863 754 2914 Scduiin
770 2865 805 2913 ad
818 2865 856 2914 tit.
868 2863 952 2912 Pand.
964 2864 996 2913 de
1006 2867 1076 2930 oria.
1088 2868 1138 2914 tur.

176 2951 205 2999 p.
222 2946 255 2988 tt.
286 2935 325 2998 Os.
340 2934 371 2983 L.
387 2946 408 2986 e.
422 2934 454 2983 D.
470 2935 502 2984 de
516 2936 600 2997 usufr.
615 2950 685 2984 accr.
701 2932 733 3001 (t,
747 2933 778 2998 t).
835 2931 950 3000 ')13ferre
1015 2936 1139 2998 praeferre

170 3005 245 3057 ·Vat.
261 3006 318 3057 edd.
334 3005 435 3069 (referre
451 3005 585 3071 diotone).
614 3005 666 3055 Sed
679 3020 729 3054 non
745 3004 831 3055 dubito
846 3007 873 3053 in
888 3019 917 3054 eo
931 3003 1007 3062 fibro,
1023 3007 1095 3054 unde
1108 3007 1138 3054 u·-

181 3075 287 3126 brarr'us
297 3077 444 3139 descripsit,
454 3078 579 3139 scriptum
590 3077 689 3138 fuisse:
702 3076 808 3125 nreferre
824 3077 840 3123 i.
851 3090 873 3123 e.
884 3088 1027 3137 responsum
1038 3077 1138 3133 referre,

181 3149 226 3196 cui
239 3147 332 3196 deinde
347 3145 484 3209 Pomponii
497 3149 668 3210 quaestionem
687 3144 759 3210 (Ego,
774 3145 849 3208 inquit
863 3145 944 3208 Pomp.
959 3146 1062 3211 quaero)
1080 3145 1139 3195 sub·

182 3218 274 3281 iungit.
299 3217 337 3265 De
347 3215 426 3265 Sexta
438 3215 578 3278 Pomponio
592 3230 741 3279 responsum
755 3216 826 3280 apud
839 3215 967 3264 Iulianum
982 3217 1022 3264 oei
1035 3223 1138 3266 senten·

182 3288 243 3336 tiam
257 3285 391 3336 Aristonis
405 3285 535 3346 referente
548 3285 599 3333 oid.
614 3285 646 3335 L.
661 3298 694 3337 os.
710 3288 734 3347 ἓ.
748 3298 768 3337 t.
797 3284 829 3333 D.
845 3301 897 3349 pro
917 3300 969 3335 soc.
987 3283 1037 3349 (tt,
1053 3286 1085 3351 s).
1105 3286 1137 3334 L.

182 3367 208 3406 18
218 3371 262 3418 pr.
277 3356 317 3416 ἓξ.
334 3367 353 3404 ι.
368 3364 389 3403 t.
409 3354 440 3401 Ι).
456 3354 487 3402 de
501 3353 560 3403 don.
576 3354 620 3419 (tt,
631 3353 662 3419 o).
689 3356 748 3405 Viti.
763 3358 838 3405 etiam
855 3355 911 3404 Gai.
922 3365 943 3412 t,
954 3365 1001 3406 218.
1017 3354 1050 3404 L.
1062 3367 1138 3419 ltpr.

182 3425 214 3473 D.
228 3426 275 3472 soi.
290 3430 364 3472 matr.
380 3422 425 3487 (ta,
439 3422 470 3487 8).
501 3422 598 3488 diuino
613 3424 676 3473 nider
690 3426 714 3475 d.
731 3426 805 3475 Alter
820 3427 844 3474 d.
858 3425 933 3475 Scir.
948 3425 973 3472 d.
991 3424 1139 3476 riantur.

178 3508 205 3557 p.
220 3504 240 3543 t.
293 3488 313 3555 ⁸)
333 3491 481 3556 Quanquam
496 3492 532 3541 ibi
544 3502 634 3557 partes
648 3495 679 3544 ab
695 3497 769 3545 initio
781 3498 842 3558 fieri
855 3498 937 3546 solent
952 3501 976 3543 et
991 3497 1033 3543 ius
1047 3511 1139 3545 accre-

180 3563 271 3612 scendi
284 3576 338 3611 esse
352 3570 469 3627 negatur.
521 3561 544 3629 ⁹}
557 3564 598 3613 Ita
612 3567 688 3615 etiam
703 3566 815 3618 Momms.
830 3566 869 3615 ed.
885 3573 909 3614 et
923 3563 982 3629 (quo
1001 3568 1141 3629 expulsum

181 3640 219 3682 est
233 3631 265 3695 c')
279 3632 362 3682 liberis
376 3634 443 3682 oxori
463 3633 521 3683 Vat.
538 3636 604 3685 uxori
619 3644 643 3685 et
656 3637 738 3686 liberis
752 3637 792 3686 ed.
807 3637 900 3687 Hailw.
929 3634 982 3684 Sed
995 3636 1049 3684 oid.
1064 3637 1088 3698 ς.
1103 3647 1139 3687 so.

185 3700 217 3765 ¹⁰)
231 3700 361 3765 Suppleoi.
390 3703 501 3753 Excidit
514 3705 545 3756 od
560 3706 714 3756 antecedens
728 3707 810 3768 ieget'3
826 3709 934 3771 legatum
948 3707 1086 3770 singulare
1101 3714 1141 3755 cst

181 3775 227 3822 uni
237 3788 374 3836 personae,
390 3791 440 3825 nan
451 3776 572 3839 pluribus
585 3777 679 3825 datum.
734 3775 765 3840 ¹¹)
782 3776 839 3826 Hoc
854 3790 951 3841 quoque
966 3774 1078 3838 prodat,
1098 3792 1142 3825 re·

180 3858 300 3906 maneum
314 3846 426 3907 referris
441 3847 475 3908 cs.
490 3854 541 3897 not.
553 3857 572 3897 t.
626 3843 659 3911 ¹²)
674 3847 799 3896 accederet
814 3847 871 3898 Vut.
886 3846 1020 3903 accedere,
1035 3861 1068 3896 ne
1081 3848 1143 3896 sine

182 3913 271 3965 liberis
285 3917 320 3966 ad
334 3917 519 3981 usumfructum
538 3926 619 3967 mater
638 3917 763 3966 accederet
776 3917 816 3966 ed.
832 3916 944 3967 Momms.
975 3915 1033 3967 Non
1044 3916 1143 3982 prodo.
