2378 4386
135 573 178 632 50
476 581 504 615 ir.
522 578 633 614 rvunrva
652 578 753 614 crosno.

135 707 319 767 summania:
341 719 392 759 nec
411 703 484 759 tollit
504 703 690 758 castimoniam
706 704 843 776 corporis,
858 702 905 759 sed
921 704 974 761 boc
989 713 1097 778 oportet

133 789 266 862 intellegi,
285 803 367 859 quoru
380 784 495 841 multum
507 787 610 841 animus
621 788 729 859 corpori
740 794 860 860 praestet
873 785 1096 861 obserueturque,

135 883 165 930 ut
180 879 252 929 casta
267 887 383 944 corpora
398 868 592 941 adhibeantur,
605 870 700 936 ,multo
717 871 818 926 esseio
834 873 930 927 animis
945 871 971 926 id
986 888 1097 927 seruan-

134 958 198 1012 dnm
213 956 314 1028 magis:
332 969 392 1010 narn
407 952 474 1009 illud
489 952 533 1009 uel
548 955 704 1027 aspersione
716 970 801 1028 aquae
811 953 856 1010 uel
869 954 971 1010 dierum
984 971 1097 1012 numero

134 1033 296 1114 repolitur¹;
319 1037 398 1093 animi
421 1035 495 1092 labes
515 1054 561 1093 rec
582 1037 759 1094 diuturnitate
774 1053 936 1095 euanescere
951 1054 1000 1095 nec
1015 1041 1097 1095 anmi·

134 1123 185 1179 bus
214 1122 276 1177 ullis
304 1121 358 1177 elui
386 1129 488 1194 potest.
532 1117 579 1178 25.
609 1121 682 1195 quod
705 1130 794 1177 autern
816 1123 942 1195 pietatem
966 1122 1097 1193 adbiberi,

135 1223 201 1281 opes
230 1207 350 1261 amoueri
373 1204 458 1278 iubet,
480 1204 616 1279 significat
637 1205 800 1279 probitatem
824 1215 926 1279 gratam
949 1222 1009 1263 esse
1032 1206 1093 1278 deo,

135 1298 274 1364 sumptum
286 1305 346 1346 esse
358 1289 567 1344 remanendum:
584 1290 630 1363 qui
642 1290 712 1345 enim
721 1297 908 1362 paupertatem
921 1306 981 1346 cnm
993 1290 1095 1346 diuitiis

134 1377 214 1431 etlam
229 1377 301 1431 inter
321 1374 444 1430 homines
465 1389 524 1428 esse
546 1371 684 1446 aequalem
698 1373 831 1445 uelimus,
851 1389 970 1429 caream
987 1381 1096 1448 sumptu

134 1460 166 1514 ad
187 1476 262 1516 sacra
283 1458 374 1515 addito
395 1447 507 1514 deorum
529 1456 601 1512 aditu
623 1458 775 1512 arceamus?
796 1459 953 1531 praesertim
969 1474 1029 1514 cum
1044 1459 1097 1532 ipsi

134 1542 187 1601 deo
203 1544 269 1600 nibil
286 1545 374 1598 minus
389 1549 495 1615 patum
512 1540 632 1596 lutnrum
647 1541 683 1597 sit
697 1557 776 1614 quam
795 1558 851 1597 non
863 1542 987 1597 omnibns
1003 1550 1097 1615 patere

135 1627 167 1681 ad
189 1644 219 1684 ae
239 1626 398 1701 placandum
420 1633 447 1682 et
467 1623 609 1680 colendum
631 1624 712 1682 uiam.
743 1625 816 1698 quod
831 1633 921 1682 autern
937 1643 991 1682 non
1006 1625 1094 1697 iudex,

134 1709 182 1766 sed
198 1709 264 1766 deus
280 1713 338 1784 ipse
352 1709 449 1765 uindex
464 1709 649 1780 constituitur,
669 1711 820 1782 praesentis
833 1726 936 1783 poenae
950 1718 1023 1766 metu
1035 1709 1098 1766 reli·

136 1795 183 1867 glo
199 1792 351 1851 confirmari
367 1791 484 1847 uidetur.

199 1878 270 1935 Suos
292 1869 453 1950 (quos)que²
473 1874 540 1930 deos
555 1884 601 1930 ant
616 1891 704 1931 nouos
720 1884 766 1931 aut
781 1877 945 1950 alienigenas
961 1877 1014 1933 coli
1029 1894 1096 1933 con·

134 1960 269 2017 fusionem
285 1958 365 2014 habet
375 1959 537 2032 religionum
548 1967 576 2014 et
587 1960 694 2032 ignotas
707 1961 881 2016 caerimonias
892 1959 1097 2016 'sacerdotibus

135 2038 183 2103 26.
204 2061 269 2100 suos
293 2058 359 2099 uero
382 2034 411 2097 a³
433 2043 555 2117 patribus
576 2051 702 2116 acceptos
724 2042 790 2099 deos
813 2045 851 2099 ila
872 2044 961 2117 placet
983 2043 1052 2114 coli,
1074 2045 1097 2100 si

135 2128 198 2186 huic
212 2128 267 2202 legi
283 2128 421 2201 paruerint
433 2129 484 2200 ipsi
500 2136 598 2200 patres.

199 2210 315 2269 Delubra
336 2226 396 2266 esse
416 2213 442 2266 iu
460 2211 570 2266 urbibus
587 2227 694 2280 censeo,
716 2227 765 2267 nec
781 2227 882 2284 sequor
897 2210 990 2285 llagos
1005 2210 1097 2267 Persa-

134 2315 212 2368 rnm,
234 2296 332 2382 epuibus
354 2293 511 2350 auctoribus
531 2294 631 2351 llerres
651 2293 830 2351 inflammasse
851 2295 950 2369 templa
971 2294 1098 2351 Graeciae

135 2380 242 2449 dicitur,
264 2376 336 2452 quod
352 2378 500 2451 parietibus
514 2378 683 2436 includerent
702 2379 780 2452 deos,
801 2379 898 2453 quibus
914 2381 1001 2435 omnia
1017 2378 1097 2435 debe·

135 2473 196 2521 rent
211 2479 271 2518 esse
286 2465 403 2536 patentia
419 2479 450 2520 ac
464 2463 546 2519 libera
562 2480 732 2537 quorumque
749 2464 793 2520 bic
803 2464 919 2521 mundus
931 2466 1017 2520 omnis
1029 2472 1096 2518 tem·

135 2547 210 2622 plum
232 2555 304 2603 esset
324 2555 351 2603 el
371 2546 477 2604 domus.
508 2547 550 2603 itt.
573 2548 666 2605 llelius
689 2548 758 2604 Graii
779 2556 860 2622 atque
880 2546 978 2619 nostri,
999 2547 1044 2621 qui
1066 2554 1096 2601 ut

136 2639 267 2707 angerent
287 2632 416 2705 pietatem
431 2634 459 2688 in
474 2632 551 2704 deos,
567 2633 674 2690 easdem
688 2632 751 2688 illos
766 2632 851 2703 urbis,
867 2649 933 2706 quas
949 2649 1009 2701 nos,
1024 2632 1097 2687 inco·

134 2716 191 2773 lere
208 2716 370 2785 uoluerunt;
386 2716 474 2773 adfert
488 2719 559 2773 enim
575 2718 641 2775 haec
651 2719 743 2789 opinio
756 2716 915 2788 religionem
927 2715 1021 2771 utilem
1033 2715 1097 2770 cini·

136 2800 252 2858 tatibus:
267 2803 292 2857 al
306 2800 414 2874 quidem
432 2810 459 2856 et
471 2800 538 2857 illud
550 2799 618 2855 bene
630 2799 730 2855 dictum
740 2807 781 2854 est
792 2814 806 2852 a
818 2798 980 2871 Pythagora,
997 2797 1097 2853 doctis·

134 2886 203 2941 aimo
224 2887 296 2954 uiro,
320 2893 376 2939 tum
397 2899 519 2939 maxume
540 2890 567 2937 et
587 2884 714 2955 pietatem
737 2890 763 2936 et
778 2881 938 2954 religionem
953 2882 1054 2935 uersari
1069 2882 1097 2937 in

135 2969 240 3038 animis,
262 2982 323 3021 cum
347 2966 428 3021 rebus
445 2965 544 3021 diuinis
565 2981 673 3038 operam
695 2962 829 3029 daremus,
852 2972 879 3018 et
901 2961 973 3035 quod
989 2962 1096 3033 Thales,

136 3052 181 3124 qul
192 3049 407 3123 sapientissimus
417 3050 442 3103 in
455 3057 559 3122 septem
577 3042 653 3118 luit,⁴
665 3047 788 3103 homines
805 3048 956 3101 existimare
969 3053 1097 3117 oportere

134 3135 234 3205 omnia,
251 3127 346 3205 (quoe)
364 3140 515 3199 cernerent,
530 3130 644 3187 deorum
658 3145 718 3186 esse
733 3129 826 3202 plena3
849 3128 908 3184 iore
923 3130 993 3184 enlm
1009 3130 1096 3185 omnis

134 3219 264 3275 castiores
292 3215 430 3289 uelutique
458 3218 485 3271 in
507 3215 575 3270 ianls
595 3221 702 3284 essent,
724 3214 835 3268 maxime
855 3206 1031 3287 religiosos3⁶
1055 3221 1097 3270 est

133 3302 204 3358 euim
226 3299 357 3373 quaedam
378 3300 506 3372 opinione
520 3299 624 3373 species
638 3297 751 3352 deorum
772 3298 800 3353 in
821 3296 918 3368 oculis,
937 3315 993 3353 non
1008 3297 1096 3354 solunt

134 3387 162 3442 ln
184 3383 327 3440 mentibus.
362 3378 410 3440 27.
432 3382 597 3456 eandemque
617 3382 750 3437 rationem
771 3380 825 3438 luci
847 3380 945 3438 babent
965 3384 992 3438 in
1009 3384 1096 3456 agris,

29 3500 33 3507 ·
133 3485 223 3543 neque
243 3484 282 3539 ea,
304 3483 373 3541 qnae
394 3466 572 3523 amatoribus
592 3464 698 3540 prodita
722 3473 764 3521 est
779 3482 840 3522 cnm
855 3466 970 3524 dominis
985 3476 1042 3523 tum
1059 3466 1096 3520 ia·

133 3553 225 3624 mulis,
250 3554 339 3626 posita
354 3553 381 3607 in
396 3550 474 3608 iundi
489 3550 622 3623 uillaeque
637 3557 785 3624 conspectu
796 3551 893 3625 religio
906 3550 1002 3606 barum
1017 3566 1097 3624 repu-

208 3679 227 3749 ¹)
242 3683 333 3732 tollitur
348 3681 398 3732 AB
409 3682 467 3733 edd.
503 3678 525 3749 ¹)
539 3697 642 3748 suosque
658 3682 682 3731 A
697 3697 777 3748 snosq.
792 3682 818 3732 B
829 3682 887 3733 edd.
922 3677 942 3747 ⁸)
958 3696 1001 3732 nos
1015 3695 1097 3730 sacer·

134 3754 229 3806 dotibus
248 3762 277 3804 na
299 3752 350 3803 AB
367 3768 410 3804 nos
430 3752 603 3804 siccioribus.
626 3768 680 3802 nam
699 3769 715 3803 n
734 3754 773 3804 ed.
785 3753 816 3803 V.
849 3750 871 3817 ⁴)
885 3752 961 3802 Adde
977 3749 1037 3801 ‘oit'
1058 3752 1097 3800 nel

136 3821 229 3948 ‘plixp'p’
243 3822 282 3946 Vs)
292 3824 338 3875 En
351 3823 463 3876 llarnebi
472 3827 505 3890 ej.
516 3824 590 3875 ueluti
603 3839 675 3890 quom
691 3826 714 3873 in
730 3825 789 3874 lanis
800 3831 881 3874 essent
891 3825 991 3872 maxime
1001 3821 1096 3883 religio·

134 3912 222 3949 sse.
267 3933 273 3948 .
