<?xml version="1.0" encoding="UTF-8"?>
<!DOCTYPE html PUBLIC "-//W3C//DTD XHTML 1.0 Transitional//EN"
    "http://www.w3.org/TR/xhtml1/DTD/xhtml1-transitional.dtd">
<html xmlns="http://www.w3.org/1999/xhtml" xml:lang="en" lang="en">
 <head>
  <title>
</title>
<meta http-equiv="Content-Type" content="text/html;charset=utf-8" />
  <meta name='ocr-system' content='tesseract 3.04.00' />
  <meta name='ocr-capabilities' content='ocr_page ocr_carea ocr_par ocr_line ocrx_word'/>
</head>
<body>
  <div class='ocr_page' id='page_1' title='image "./iurisprvdentiae00huscgoog_0734.png"; bbox 0 0 2378 4386; ppageno 0'>
   <div class='ocr_carea' id='block_1_1' title="bbox 326 511 1077 578">
    <p class='ocr_par' dir='ltr' id='par_1_1' title="bbox 326 511 1077 578">
     <span class='ocr_line' id='line_1_1' title="bbox 326 511 1077 578; baseline 0.009 -15"><span class='ocrx_word' id='word_1_1' title='bbox 326 527 386 563; x_wconf 81' lang='lat' dir='ltr'><strong>aros.</strong></span> <span class='ocrx_word' id='word_1_2' title='bbox 406 528 438 564; x_wconf 80' lang='lat' dir='ltr'><strong>rm</strong></span> <span class='ocrx_word' id='word_1_3' title='bbox 456 527 518 564; x_wconf 78' lang='lat' dir='ltr'><strong>nou.</strong></span> <span class='ocrx_word' id='word_1_4' title='bbox 537 528 627 564; x_wconf 77' lang='lat' dir='ltr'><strong>usurae</strong></span> <span class='ocrx_word' id='word_1_5' title='bbox 644 528 752 564; x_wconf 74' lang='lat' dir='ltr'><strong>contar.</strong></span> <span class='ocrx_word' id='word_1_6' title='bbox 771 511 843 565; x_wconf 87' lang='lat' dir='ltr'>XVI.</span> <span class='ocrx_word' id='word_1_7' title='bbox 865 519 888 566; x_wconf 89' lang='lat'><strong>1.</strong></span> <span class='ocrx_word' id='word_1_8' title='bbox 1013 513 1077 578; x_wconf 84' lang='lat'><strong>695</strong></span> 
     </span>
    </p>
   </div>
   <div class='ocr_carea' id='block_1_2' title="bbox 77 649 1078 1812">
    <p class='ocr_par' dir='ltr' id='par_1_2' title="bbox 77 649 1078 1812">
     <span class='ocr_line' id='line_1_2' title="bbox 128 649 1078 732; baseline 0.004 -19"><span class='ocrx_word' id='word_1_9' title='bbox 128 649 207 731; x_wconf 88' lang='lat' dir='ltr'><strong>(oc)¹</strong></span> <span class='ocrx_word' id='word_1_10' title='bbox 227 665 390 714; x_wconf 88' lang='lat' dir='ltr'><strong>commenta:</strong></span> <span class='ocrx_word' id='word_1_11' title='bbox 413 656 474 714; x_wconf 88' lang='lat' dir='ltr'><strong>ideo</strong></span> <span class='ocrx_word' id='word_1_12' title='bbox 489 673 628 715; x_wconf 86' lang='lat' dir='ltr'><strong>aerumnas</strong></span> <span class='ocrx_word' id='word_1_13' title='bbox 644 667 724 732; x_wconf 90' lang='lat' dir='ltr'><strong>atque</strong></span> <span class='ocrx_word' id='word_1_14' title='bbox 739 675 839 732; x_wconf 90' lang='lat' dir='ltr'><strong>poenas</strong></span> <span class='ocrx_word' id='word_1_15' title='bbox 854 657 956 715; x_wconf 87' lang='lat' dir='ltr'><strong>debitas</strong></span> <span class='ocrx_word' id='word_1_16' title='bbox 972 668 999 716; x_wconf 93' lang='lat' dir='ltr'><strong>et</strong></span> <span class='ocrx_word' id='word_1_17' title='bbox 1013 676 1078 717; x_wconf 92' lang='lat' dir='ltr'><strong>con·</strong></span> 
     </span>
     <span class='ocr_line' id='line_1_3' title="bbox 127 738 1077 818; baseline 0.004 -23"><span class='ocrx_word' id='word_1_18' title='bbox 127 741 222 814; x_wconf 80' lang='lat' dir='ltr'><strong>dignas</strong></span> <span class='ocrx_word' id='word_1_19' title='bbox 237 740 289 796; x_wconf 94' lang='lat' dir='ltr'><strong>illis</strong></span> <span class='ocrx_word' id='word_1_20' title='bbox 304 742 457 796; x_wconf 74' lang='lat' dir='ltr'><strong>statuimus.</strong></span> <span class='ocrx_word' id='word_1_21' title='bbox 501 738 529 797; x_wconf 83' lang='grc'><strong>6.</strong></span> <span class='ocrx_word' id='word_1_22' title='bbox 552 740 676 798; x_wconf 90' lang='lat' dir='ltr'><strong>iubemus</strong></span> <span class='ocrx_word' id='word_1_23' title='bbox 691 758 815 816; x_wconf 86' lang='lat' dir='ltr'><strong>namque,</strong></span> <span class='ocrx_word' id='word_1_24' title='bbox 831 751 954 800; x_wconf 74' lang='lat' dir='ltr'>auctores</span> <span class='ocrx_word' id='word_1_25' title='bbox 970 743 1077 818; x_wconf 87' lang='lat' dir='ltr'><strong>quidem</strong></span> 
     </span>
     <span class='ocr_line' id='line_1_4' title="bbox 128 823 1077 898; baseline 0.004 -19"><span class='ocrx_word' id='word_1_26' title='bbox 128 840 158 880; x_wconf 83' lang='lat' dir='ltr'><strong>ae</strong></span> <span class='ocrx_word' id='word_1_27' title='bbox 173 826 307 898; x_wconf 91' lang='lat' dir='ltr'><strong>principes</strong></span> <span class='ocrx_word' id='word_1_28' title='bbox 322 841 373 880; x_wconf 89' lang='lat' dir='ltr'><strong>una</strong></span> <span class='ocrx_word' id='word_1_29' title='bbox 389 840 449 880; x_wconf 90' lang='lat' dir='ltr'><strong>curn</strong></span> <span class='ocrx_word' id='word_1_30' title='bbox 471 823 653 881; x_wconf 76' lang='lat' dir='ltr'>abominandis</span> <span class='ocrx_word' id='word_1_31' title='bbox 674 827 814 898; x_wconf 90' lang='lat' dir='ltr'><strong>scripturis</strong></span> <span class='ocrx_word' id='word_1_32' title='bbox 830 843 924 883; x_wconf 92' lang='lat' dir='ltr'><strong>eorum</strong></span> <span class='ocrx_word' id='word_1_33' title='bbox 947 828 1077 884; x_wconf 89' lang='lat' dir='ltr'><strong>seueriori</strong></span> 
     </span>
     <span class='ocr_line' id='line_1_5' title="bbox 127 907 1077 981; baseline 0.004 -18"><span class='ocrx_word' id='word_1_34' title='bbox 127 923 229 980; x_wconf 92' lang='lat' dir='ltr'><strong>poenae</strong></span> <span class='ocrx_word' id='word_1_35' title='bbox 245 907 344 978; x_wconf 86' lang='lat' dir='ltr'><strong>subici,</strong></span> <span class='ocrx_word' id='word_1_36' title='bbox 367 909 403 963; x_wconf 91' lang='lat' dir='ltr'><strong>ita</strong></span> <span class='ocrx_word' id='word_1_37' title='bbox 419 915 448 962; x_wconf 93' lang='lat' dir='ltr'><strong>ut</strong></span> <span class='ocrx_word' id='word_1_38' title='bbox 464 907 592 963; x_wconf 83' lang='lat' dir='ltr'><strong>flammeis</strong></span> <span class='ocrx_word' id='word_1_39' title='bbox 614 909 721 981; x_wconf 80' lang='lat' dir='ltr'>ignibus</span> <span class='ocrx_word' id='word_1_40' title='bbox 744 918 905 966; x_wconf 82' lang='lat' dir='ltr'><strong>exurantur:</strong></span> <span class='ocrx_word' id='word_1_41' title='bbox 929 911 1077 968; x_wconf 88' lang='lat' dir='ltr'><strong>’consecta-</strong></span> 
     </span>
     <span class='ocr_line' id='line_1_6' title="bbox 126 985 1078 1068; baseline 0.006 -23"><span class='ocrx_word' id='word_1_42' title='bbox 126 985 213 1047; x_wconf 87' lang='lat' dir='ltr'><strong>nens²</strong></span> <span class='ocrx_word' id='word_1_43' title='bbox 234 1007 316 1060; x_wconf 89' lang='lat' dir='ltr'><strong>uero,</strong></span> <span class='ocrx_word' id='word_1_44' title='bbox 344 999 481 1063; x_wconf 84' lang='lat' dir='ltr'><strong>eiusque</strong></span> <span class='ocrx_word' id='word_1_45' title='bbox 504 990 649 1047; x_wconf 87' lang='lat' dir='ltr'><strong>’aduersus</strong></span> <span class='ocrx_word' id='word_1_46' title='bbox 670 986 756 1049; x_wconf 81' lang='lat' dir='ltr'><strong>deos³</strong></span> <span class='ocrx_word' id='word_1_47' title='bbox 784 995 970 1050; x_wconf 87' lang='lat' dir='ltr'><strong>contentiosos</strong></span> <span class='ocrx_word' id='word_1_48' title='bbox 993 996 1078 1068; x_wconf 90' lang='lat' dir='ltr'><strong>capite</strong></span> 
     </span>
     <span class='ocr_line' id='line_1_7' title="bbox 77 1073 1076 1148; baseline 0.009 -22"><span class='ocrx_word' id='word_1_49' title='bbox 77 1088 116 1135; x_wconf 41' lang='lat' dir='ltr'><strong>roo]</strong></span> <span class='ocrx_word' id='word_1_50' title='bbox 128 1076 217 1146; x_wconf 93' lang='lat' dir='ltr'><strong>puniri</strong></span> <span class='ocrx_word' id='word_1_51' title='bbox 246 1075 440 1148; x_wconf 87' lang='lat' dir='ltr'><strong>praecipimus,</strong></span> <span class='ocrx_word' id='word_1_52' title='bbox 467 1082 610 1129; x_wconf 91' lang='lat' dir='ltr'><strong>eteorum</strong></span> <span class='ocrx_word' id='word_1_53' title='bbox 637 1074 707 1130; x_wconf 88' lang='lat' dir='ltr'><strong>bona</strong></span> <span class='ocrx_word' id='word_1_54' title='bbox 735 1073 799 1131; x_wconf 87' lang='lat' dir='ltr'><strong>lisco</strong></span> <span class='ocrx_word' id='word_1_55' title='bbox 828 1084 923 1132; x_wconf 90' lang='lat' dir='ltr'><strong>nostro</strong></span> <span class='ocrx_word' id='word_1_56' title='bbox 949 1078 1076 1134; x_wconf 90' lang='lat' dir='ltr'><strong>uindicari</strong></span> 
     </span>
     <span class='ocr_line' id='line_1_8' title="bbox 126 1152 1078 1234; baseline 0.006 -22"><span class='ocrx_word' id='word_1_57' title='bbox 126 1158 268 1214; x_wconf 79' lang='lat' dir='ltr'><strong>sancimus.</strong></span> <span class='ocrx_word' id='word_1_58' title='bbox 302 1152 329 1213; x_wconf 81' lang='grc'><strong>7.</strong></span> <span class='ocrx_word' id='word_1_59' title='bbox 346 1156 373 1212; x_wconf 89' lang='lat' dir='ltr'><strong>Si</strong></span> <span class='ocrx_word' id='word_1_60' title='bbox 389 1158 434 1230; x_wconf 91' lang='lat' dir='ltr'><strong>qui</strong></span> <span class='ocrx_word' id='word_1_61' title='bbox 450 1172 514 1212; x_wconf 87' lang='lat' dir='ltr'><strong>sane</strong></span> <span class='ocrx_word' id='word_1_62' title='bbox 529 1159 607 1211; x_wconf 83' lang='lat' dir='ltr'><strong>etiarn</strong></span> <span class='ocrx_word' id='word_1_63' title='bbox 624 1157 758 1228; x_wconf 88' lang='lat' dir='ltr'><strong>honorati,</strong></span> <span class='ocrx_word' id='word_1_64' title='bbox 774 1167 820 1213; x_wconf 91' lang='lat' dir='ltr'><strong>aut</strong></span> <span class='ocrx_word' id='word_1_65' title='bbox 835 1159 977 1216; x_wconf 89' lang='lat' dir='ltr'><strong>cuiuslibet</strong></span> <span class='ocrx_word' id='word_1_66' title='bbox 992 1161 1078 1234; x_wconf 80' lang='lat' dir='ltr'><strong>digni-</strong></span> 
     </span>
     <span class='ocr_line' id='line_1_9' title="bbox 127 1239 1077 1316; baseline 0.005 -21"><span class='ocrx_word' id='word_1_67' title='bbox 127 1242 204 1311; x_wconf 89' lang='lat' dir='ltr'><strong>tatis,</strong></span> <span class='ocrx_word' id='word_1_68' title='bbox 229 1240 272 1296; x_wconf 92' lang='lat' dir='ltr'><strong>uel</strong></span> <span class='ocrx_word' id='word_1_69' title='bbox 295 1241 416 1306; x_wconf 88' lang='lat' dir='ltr'><strong>maioris,</strong></span> <span class='ocrx_word' id='word_1_70' title='bbox 444 1255 576 1312; x_wconf 86' lang='lat' dir='ltr'><strong>personae</strong></span> <span class='ocrx_word' id='word_1_71' title='bbox 598 1239 630 1294; x_wconf 86' lang='lat' dir='ltr'><strong>ad</strong></span> <span class='ocrx_word' id='word_1_72' title='bbox 653 1241 720 1296; x_wconf 80' lang='lat' dir='ltr'><strong>liano</strong></span> <span class='ocrx_word' id='word_1_73' title='bbox 743 1240 887 1296; x_wconf 90' lang='lat' dir='ltr'><strong>inauditam</strong></span> <span class='ocrx_word' id='word_1_74' title='bbox 910 1252 938 1298; x_wconf 92' lang='lat' dir='ltr'><strong>ct</strong></span> <span class='ocrx_word' id='word_1_75' title='bbox 960 1251 1077 1316; x_wconf 90' lang='lat' dir='ltr'><strong>turpem,</strong></span> 
     </span>
     <span class='ocr_line' id='line_1_10' title="bbox 126 1322 1077 1396; baseline 0.004 -18"><span class='ocrx_word' id='word_1_76' title='bbox 126 1333 206 1396; x_wconf 90' lang='lat' dir='ltr'><strong>atque</strong></span> <span class='ocrx_word' id='word_1_77' title='bbox 221 1340 269 1396; x_wconf 89' lang='lat' dir='ltr'><strong>per</strong></span> <span class='ocrx_word' id='word_1_78' title='bbox 284 1325 371 1380; x_wconf 87' lang='lat' dir='ltr'><strong>omnia</strong></span> <span class='ocrx_word' id='word_1_79' title='bbox 386 1322 512 1378; x_wconf 79' lang='lat' dir='ltr'><strong>infamem</strong></span> <span class='ocrx_word' id='word_1_80' title='bbox 527 1331 643 1390; x_wconf 90' lang='lat' dir='ltr'><strong>sectam,</strong></span> <span class='ocrx_word' id='word_1_81' title='bbox 665 1323 708 1377; x_wconf 92' lang='lat' dir='ltr'><strong>uel</strong></span> <span class='ocrx_word' id='word_1_82' title='bbox 723 1323 755 1377; x_wconf 90' lang='lat' dir='ltr'><strong>ad</strong></span> <span class='ocrx_word' id='word_1_83' title='bbox 771 1323 920 1379; x_wconf 81' lang='lat' dir='ltr'><strong>doctrinam</strong></span> <span class='ocrx_word' id='word_1_84' title='bbox 936 1325 1077 1382; x_wconf 84' lang='lat' dir='ltr'><strong>Persarum</strong></span> 
     </span>
     <span class='ocr_line' id='line_1_11' title="bbox 126 1404 1077 1477; baseline 0.002 -16"><span class='ocrx_word' id='word_1_85' title='bbox 126 1424 155 1462; x_wconf 93' lang='lat' dir='ltr'><strong>se</strong></span> <span class='ocrx_word' id='word_1_86' title='bbox 178 1405 378 1476; x_wconf 83' lang='lat' dir='ltr'><strong>transtulerint,</strong></span> <span class='ocrx_word' id='word_1_87' title='bbox 402 1421 495 1460; x_wconf 89' lang='lat' dir='ltr'><strong>eorum</strong></span> <span class='ocrx_word' id='word_1_88' title='bbox 519 1406 677 1477; x_wconf 85' lang='lat' dir='ltr'><strong>patrimonia</strong></span> <span class='ocrx_word' id='word_1_89' title='bbox 698 1404 763 1462; x_wconf 86' lang='lat' dir='ltr'><strong>iisco</strong></span> <span class='ocrx_word' id='word_1_90' title='bbox 779 1413 873 1460; x_wconf 90' lang='lat' dir='ltr'><strong>nostro</strong></span> <span class='ocrx_word' id='word_1_91' title='bbox 889 1406 1017 1462; x_wconf 86' lang='lat' dir='ltr'><strong>adsociari</strong></span> <span class='ocrx_word' id='word_1_92' title='bbox 1039 1408 1077 1463; x_wconf 89' lang='lat' dir='ltr'><strong>la·</strong></span> 
     </span>
     <span class='ocr_line' id='line_1_12' title="bbox 126 1481 1078 1560; baseline 0.001 -15"><span class='ocrx_word' id='word_1_93' title='bbox 126 1491 195 1560; x_wconf 91' lang='lat' dir='ltr'><strong>cies,</strong></span> <span class='ocrx_word' id='word_1_94' title='bbox 224 1481 387 1560; x_wconf 72' lang='lat' dir='ltr'><strong>’ipsosque‘</strong></span> <span class='ocrx_word' id='word_1_95' title='bbox 414 1486 597 1543; x_wconf 84' lang='lat' dir='ltr'><strong>Foenensibus</strong></span> <span class='ocrx_word' id='word_1_96' title='bbox 628 1486 670 1542; x_wconf 92' lang='lat' dir='ltr'><strong>uel</strong></span> <span class='ocrx_word' id='word_1_97' title='bbox 698 1487 914 1544; x_wconf 79' lang='lat' dir='ltr'><strong>Proconensilrus</strong></span> <span class='ocrx_word' id='word_1_98' title='bbox 944 1485 1078 1546; x_wconf 75' lang='lat' dir='ltr'><strong>metallls⁵</strong></span> 
     </span>
     <span class='ocr_line' id='line_1_13' title="bbox 126 1568 1077 1647; baseline 0.003 -21"><span class='ocrx_word' id='word_1_99' title='bbox 126 1572 191 1628; x_wconf 91' lang='lat' dir='ltr'><strong>dari.</strong></span> <span class='ocrx_word' id='word_1_100' title='bbox 235 1568 265 1626; x_wconf 80' lang='lat'><strong>8.</strong></span> <span class='ocrx_word' id='word_1_101' title='bbox 288 1570 321 1625; x_wconf 94' lang='lat' dir='ltr'><strong>Ut</strong></span> <span class='ocrx_word' id='word_1_102' title='bbox 344 1570 427 1642; x_wconf 81' lang='lat' dir='ltr'><strong>igitur</strong></span> <span class='ocrx_word' id='word_1_103' title='bbox 449 1571 572 1643; x_wconf 86' lang='lat' dir='ltr'><strong>stirpitus</strong></span> <span class='ocrx_word' id='word_1_104' title='bbox 595 1573 727 1643; x_wconf 85' lang='lat' dir='ltr'><strong>amputari</strong></span> <span class='ocrx_word' id='word_1_105' title='bbox 748 1570 817 1627; x_wconf 88' lang='lat' dir='ltr'><strong>mala</strong></span> <span class='ocrx_word' id='word_1_106' title='bbox 830 1571 895 1627; x_wconf 87' lang='lat' dir='ltr'><strong>haec</strong></span> <span class='ocrx_word' id='word_1_107' title='bbox 909 1573 1029 1647; x_wconf 79' lang='lat' dir='ltr'><strong>nequitia</strong></span> <span class='ocrx_word' id='word_1_108' title='bbox 1044 1572 1077 1630; x_wconf 91' lang='lat' dir='ltr'><strong>dc</strong></span> 
     </span>
     <span class='ocr_line' id='line_1_14' title="bbox 125 1652 1077 1727; baseline 0.006 -20"><span class='ocrx_word' id='word_1_109' title='bbox 125 1653 233 1708; x_wconf 90' lang='lat' dir='ltr'><strong>saeculo</strong></span> <span class='ocrx_word' id='word_1_110' title='bbox 248 1652 403 1709; x_wconf 85' lang='lat' dir='ltr'><strong>beatissimo</strong></span> <span class='ocrx_word' id='word_1_111' title='bbox 419 1661 515 1709; x_wconf 88' lang='lat' dir='ltr'><strong>nostro</strong></span> <span class='ocrx_word' id='word_1_112' title='bbox 531 1655 633 1727; x_wconf 84' lang='lat' dir='ltr'><strong>possit,</strong></span> <span class='ocrx_word' id='word_1_113' title='bbox 656 1653 766 1711; x_wconf 88' lang='lat' dir='ltr'><strong>deuotio</strong></span> <span class='ocrx_word' id='word_1_114' title='bbox 783 1663 827 1710; x_wconf 84' lang='lat' dir='ltr'><strong>tua</strong></span> <span class='ocrx_word' id='word_1_115' title='bbox 848 1656 928 1711; x_wconf 89' lang='lat' dir='ltr'><strong>iussis</strong></span> <span class='ocrx_word' id='word_1_116' title='bbox 944 1673 975 1713; x_wconf 90' lang='lat' dir='ltr'><strong>ac</strong></span> <span class='ocrx_word' id='word_1_117' title='bbox 991 1664 1077 1713; x_wconf 90' lang='lat' dir='ltr'><strong>statu·</strong></span> 
     </span>
     <span class='ocr_line' id='line_1_15' title="bbox 126 1735 1077 1812; baseline 0.008 -22"><span class='ocrx_word' id='word_1_118' title='bbox 126 1737 160 1790; x_wconf 93' lang='lat' dir='ltr'><strong>tis</strong></span> <span class='ocrx_word' id='word_1_119' title='bbox 184 1735 385 1810; x_wconf 83' lang='lat' dir='ltr'><strong>tranquillitatis</strong></span> <span class='ocrx_word' id='word_1_120' title='bbox 407 1745 516 1793; x_wconf 88' lang='lat' dir='ltr'><strong>nostrae</strong></span> <span class='ocrx_word' id='word_1_121' title='bbox 538 1739 667 1794; x_wconf 88' lang='lat' dir='ltr'><strong>maturius</strong></span> <span class='ocrx_word' id='word_1_122' title='bbox 689 1737 871 1795; x_wconf 85' lang='lat' dir='ltr'><strong>obsecundare</strong></span> <span class='ocrx_word' id='word_1_123' title='bbox 892 1735 948 1812; x_wconf 86' lang='lat' dir='ltr'><strong>&#39;(ne</strong></span> <span class='ocrx_word' id='word_1_124' title='bbox 962 1748 1077 1797; x_wconf 85' lang='lat' dir='ltr'><strong>cuncte·</strong></span> 
     </span>
    </p>
   </div>
   <div class='ocr_carea' id='block_1_3' title="bbox 125 1812 982 1962">
    <p class='ocr_par' dir='ltr' id='par_1_3' title="bbox 125 1812 982 1962">
     <span class='ocr_line' id='line_1_16' title="bbox 125 1812 815 1895; baseline 0.004 -21"><span class='ocrx_word' id='word_1_125' title='bbox 125 1812 211 1895; x_wconf 80' lang='lat' dir='ltr'><strong>tur).⁰</strong></span> <span class='ocrx_word' id='word_1_126' title='bbox 246 1819 303 1877; x_wconf 82' lang='lat' dir='ltr'><strong>[tat.</strong></span> <span class='ocrx_word' id='word_1_127' title='bbox 320 1819 405 1892; x_wconf 86' lang='lat' dir='ltr'><strong>pridie</strong></span> <span class='ocrx_word' id='word_1_128' title='bbox 420 1819 476 1876; x_wconf 89' lang='lat' dir='ltr'><strong>llal.</strong></span> <span class='ocrx_word' id='word_1_129' title='bbox 494 1822 601 1894; x_wconf 76' lang='lat' dir='ltr'><strong>Aprilis,</strong></span> <span class='ocrx_word' id='word_1_130' title='bbox 617 1814 815 1879; x_wconf 67' lang='lat' dir='ltr'><strong>Alexandriae.7</strong></span> 
     </span>
     <span class='ocr_line' id='line_1_17' title="bbox 215 1899 982 1962; baseline 0.004 -14"><span class='ocrx_word' id='word_1_131' title='bbox 215 1899 316 1962; x_wconf 78' lang='lat' dir='ltr'><strong>Explicit</strong></span> <span class='ocrx_word' id='word_1_132' title='bbox 330 1900 412 1949; x_wconf 89' lang='lat' dir='ltr'><strong>titulus</strong></span> <span class='ocrx_word' id='word_1_133' title='bbox 427 1899 456 1949; x_wconf 90' lang='lat' dir='ltr'><strong>de</strong></span> <span class='ocrx_word' id='word_1_134' title='bbox 471 1901 650 1960; x_wconf 85' lang='lat' dir='ltr'><strong>mathematicis,</strong></span> <span class='ocrx_word' id='word_1_135' title='bbox 666 1901 780 1950; x_wconf 88' lang='lat' dir='ltr'><strong>malellcis</strong></span> <span class='ocrx_word' id='word_1_136' title='bbox 794 1908 817 1950; x_wconf 91' lang='lat' dir='ltr'><strong>ct</strong></span> <span class='ocrx_word' id='word_1_137' title='bbox 832 1902 982 1952; x_wconf 85' lang='lat' dir='ltr'><strong>llaniclraeia.</strong></span> 
     </span>
    </p>
   </div>
   <div class='ocr_carea' id='block_1_4' title="bbox 286 2082 915 2227">
    <p class='ocr_par' dir='ltr' id='par_1_4' title="bbox 286 2082 915 2227">
     <span class='ocr_line' id='line_1_18' title="bbox 552 2082 648 2119; baseline 0 -1"><span class='ocrx_word' id='word_1_138' title='bbox 552 2082 648 2119; x_wconf 68' lang='lat' dir='ltr'>INCIPIT</span> 
     </span>
     <span class='ocr_line' id='line_1_19' title="bbox 286 2163 915 2227; baseline 0.005 -3"><span class='ocrx_word' id='word_1_139' title='bbox 286 2184 349 2224; x_wconf 88' lang='lat' dir='ltr'><strong>r1r.</strong></span> <span class='ocrx_word' id='word_1_140' title='bbox 365 2185 429 2225; x_wconf 81' lang='lat' dir='ltr'><strong>xvi.</strong></span> <span class='ocrx_word' id='word_1_141' title='bbox 458 2185 500 2225; x_wconf 83' lang='lat' dir='ltr'><strong>nn</strong></span> <span class='ocrx_word' id='word_1_142' title='bbox 515 2183 666 2225; x_wconf 79' lang='lat' dir='ltr'><strong>nnorrrua</strong></span> <span class='ocrx_word' id='word_1_143' title='bbox 681 2163 915 2227; x_wconf 78' lang='lat' dir='ltr'><strong>svccessronn.⁸</strong></span> 
     </span>
    </p>
   </div>
   <div class='ocr_carea' id='block_1_5' title="bbox 124 2270 1132 2595">
    <p class='ocr_par' dir='ltr' id='par_1_5' title="bbox 124 2270 1132 2595">
     <span class='ocr_line' id='line_1_20' title="bbox 188 2270 1132 2352; baseline 0.003 -19"><span class='ocrx_word' id='word_1_144' title='bbox 188 2277 252 2351; x_wconf 83' lang='lat' dir='ltr'><strong>llap.</strong></span> <span class='ocrx_word' id='word_1_145' title='bbox 275 2277 295 2334; x_wconf 94' lang='lat' dir='ltr'><strong>l.</strong></span> <span class='ocrx_word' id='word_1_146' title='bbox 340 2277 525 2352; x_wconf 84' lang='lat' dir='ltr'><strong>Scriptura</strong></span> <span class='ocrx_word' id='word_1_147' title='bbox 553 2275 669 2333; x_wconf 89' lang='lat' dir='ltr'><strong>diuina</strong></span> <span class='ocrx_word' id='word_1_148' title='bbox 697 2279 747 2334; x_wconf 88' lang='lat' dir='ltr'><strong>sic</strong></span> <span class='ocrx_word' id='word_1_149' title='bbox 777 2270 900 2336; x_wconf 71' lang='lat' dir='ltr'><strong>dicttzl</strong></span> <span class='ocrx_word' id='word_1_150' title='bbox 942 2275 965 2335; x_wconf 82' lang='lat' dir='ltr'>L</span> <span class='ocrx_word' id='word_1_151' title='bbox 995 2278 1076 2337; x_wconf 76' lang='lat' dir='ltr'><strong>lliliae</strong></span> <span class='ocrx_word' id='word_1_152' title='bbox 1124 2293 1132 2308; x_wconf 85' lang='lat'><strong>·</strong></span> 
     </span>
     <span class='ocr_line' id='line_1_21' title="bbox 124 2357 1076 2433; baseline 0.001 -15"><span class='ocrx_word' id='word_1_153' title='bbox 124 2361 256 2433; x_wconf 84' lang='lat' dir='ltr'><strong>Saliadae,</strong></span> <span class='ocrx_word' id='word_1_154' title='bbox 279 2360 414 2417; x_wconf 88' lang='lat' dir='ltr'><strong>adstantes</strong></span> <span class='ocrx_word' id='word_1_155' title='bbox 435 2370 497 2417; x_wconf 92' lang='lat' dir='ltr'><strong>ante</strong></span> <span class='ocrx_word' id='word_1_156' title='bbox 519 2359 627 2433; x_wconf 81' lang='lat' dir='ltr'><strong>ilopscn</strong></span> <span class='ocrx_word' id='word_1_157' title='bbox 650 2371 678 2417; x_wconf 92' lang='lat' dir='ltr'><strong>et</strong></span> <span class='ocrx_word' id='word_1_158' title='bbox 694 2359 849 2418; x_wconf 86' lang='lat' dir='ltr'><strong>Eleazarum</strong></span> <span class='ocrx_word' id='word_1_159' title='bbox 870 2357 1076 2419; x_wconf 81' lang='lat' dir='ltr'><strong>’sacerdotem¹⁰</strong></span> 
     </span>
     <span class='ocr_line' id='line_1_22' title="bbox 124 2442 1074 2519; baseline 0.001 -18"><span class='ocrx_word' id='word_1_160' title='bbox 124 2454 152 2502; x_wconf 95' lang='lat' dir='ltr'><strong>et</strong></span> <span class='ocrx_word' id='word_1_161' title='bbox 167 2446 300 2519; x_wconf 88' lang='lat' dir='ltr'><strong>principes</strong></span> <span class='ocrx_word' id='word_1_162' title='bbox 324 2453 403 2518; x_wconf 91' lang='lat' dir='ltr'><strong>atque</strong></span> <span class='ocrx_word' id='word_1_163' title='bbox 426 2460 532 2500; x_wconf 89' lang='lat' dir='ltr'><strong>omnem</strong></span> <span class='ocrx_word' id='word_1_164' title='bbox 554 2452 676 2499; x_wconf 86' lang='lat' dir='ltr'><strong>senatum</strong></span> <span class='ocrx_word' id='word_1_165' title='bbox 697 2442 812 2501; x_wconf 84' lang='lat' dir='ltr'><strong>filiorum</strong></span> <span class='ocrx_word' id='word_1_166' title='bbox 829 2445 908 2501; x_wconf 83' lang='lat' dir='ltr'><strong>lsrael</strong></span> <span class='ocrx_word' id='word_1_167' title='bbox 928 2446 1074 2502; x_wconf 83' lang='lat' dir='ltr'><strong>inionibus</strong></span> 
     </span>
     <span class='ocr_line' id='line_1_23' title="bbox 124 2526 1075 2595; baseline 0 -11"><span class='ocrx_word' id='word_1_168' title='bbox 124 2528 287 2584; x_wconf 84' lang='lat' dir='ltr'><strong>tabernaculi</strong></span> <span class='ocrx_word' id='word_1_169' title='bbox 310 2529 472 2595; x_wconf 88' lang='lat' dir='ltr'><strong>testimonii,</strong></span> <span class='ocrx_word' id='word_1_170' title='bbox 496 2527 633 2584; x_wconf 79' lang='lat' dir='ltr'><strong>dixerunt:</strong></span> <span class='ocrx_word' id='word_1_171' title='bbox 670 2526 698 2585; x_wconf 80' lang='lat'><strong>2.</strong></span> <span class='ocrx_word' id='word_1_172' title='bbox 723 2528 816 2584; x_wconf 78' lang='lat' dir='ltr'><strong>‘Pater</strong></span> <span class='ocrx_word' id='word_1_173' title='bbox 838 2538 931 2585; x_wconf 91' lang='lat' dir='ltr'><strong>noster</strong></span> <span class='ocrx_word' id='word_1_174' title='bbox 951 2538 1075 2585; x_wconf 90' lang='lat' dir='ltr'><strong>mortuus</strong></span> 
     </span>
    </p>
   </div>
   <div class='ocr_carea' id='block_1_6' title="bbox 122 2609 1075 2936">
    <p class='ocr_par' dir='ltr' id='par_1_6' title="bbox 122 2609 1075 2936">
     <span class='ocr_line' id='line_1_24' title="bbox 123 2609 1075 2680; baseline -0.001 -12"><span class='ocrx_word' id='word_1_175' title='bbox 123 2619 181 2668; x_wconf 90' lang='lat' dir='ltr'><strong>est:</strong></span> <span class='ocrx_word' id='word_1_176' title='bbox 197 2620 225 2667; x_wconf 91' lang='lat' dir='ltr'><strong>et</strong></span> <span class='ocrx_word' id='word_1_177' title='bbox 240 2611 286 2667; x_wconf 83' lang='lat' dir='ltr'><strong>lilii</strong></span> <span class='ocrx_word' id='word_1_178' title='bbox 303 2628 358 2668; x_wconf 92' lang='lat' dir='ltr'><strong>uon</strong></span> <span class='ocrx_word' id='word_1_179' title='bbox 373 2611 482 2668; x_wconf 88' lang='lat' dir='ltr'><strong>iucrnnt</strong></span> <span class='ocrx_word' id='word_1_180' title='bbox 495 2614 528 2680; x_wconf 88' lang='lat' dir='ltr'><strong>ei,</strong></span> <span class='ocrx_word' id='word_1_181' title='bbox 545 2610 592 2667; x_wconf 90' lang='lat' dir='ltr'><strong>sed</strong></span> <span class='ocrx_word' id='word_1_182' title='bbox 608 2609 686 2667; x_wconf 85' lang='lat' dir='ltr'><strong>filiae.</strong></span> <span class='ocrx_word' id='word_1_183' title='bbox 716 2609 745 2667; x_wconf 79' lang='grc'><strong>3.</strong></span> <span class='ocrx_word' id='word_1_184' title='bbox 760 2610 793 2666; x_wconf 88' lang='lat' dir='ltr'><strong>Et</strong></span> <span class='ocrx_word' id='word_1_185' title='bbox 807 2612 867 2667; x_wconf 89' lang='lat' dir='ltr'><strong>idco</strong></span> <span class='ocrx_word' id='word_1_186' title='bbox 883 2628 937 2667; x_wconf 92' lang='lat' dir='ltr'><strong>non</strong></span> <span class='ocrx_word' id='word_1_187' title='bbox 953 2611 1075 2668; x_wconf 89' lang='lat' dir='ltr'><strong>deleatur</strong></span> 
     </span>
     <span class='ocr_line' id='line_1_25' title="bbox 123 2692 1073 2768; baseline 0 -18"><span class='ocrx_word' id='word_1_188' title='bbox 123 2712 220 2751; x_wconf 87' lang='lat' dir='ltr'><strong>nornen</strong></span> <span class='ocrx_word' id='word_1_189' title='bbox 242 2697 325 2768; x_wconf 89' lang='lat' dir='ltr'><strong>patris</strong></span> <span class='ocrx_word' id='word_1_190' title='bbox 341 2697 428 2751; x_wconf 91' lang='lat' dir='ltr'><strong>nostri</strong></span> <span class='ocrx_word' id='word_1_191' title='bbox 444 2694 476 2750; x_wconf 93' lang='lat' dir='ltr'><strong>de</strong></span> <span class='ocrx_word' id='word_1_192' title='bbox 492 2694 579 2750; x_wconf 90' lang='lat' dir='ltr'><strong>medio</strong></span> <span class='ocrx_word' id='word_1_193' title='bbox 595 2692 679 2750; x_wconf 80' lang='lat' dir='ltr'><strong>trilrus</strong></span> <span class='ocrx_word' id='word_1_194' title='bbox 691 2711 766 2750; x_wconf 89' lang='lat' dir='ltr'><strong>suae.</strong></span> <span class='ocrx_word' id='word_1_195' title='bbox 803 2695 860 2750; x_wconf 89' lang='lat' dir='ltr'><strong>Non</strong></span> <span class='ocrx_word' id='word_1_196' title='bbox 875 2702 916 2749; x_wconf 88' lang='lat' dir='ltr'><strong>est</strong></span> <span class='ocrx_word' id='word_1_197' title='bbox 932 2696 956 2751; x_wconf 90' lang='lat' dir='ltr'><strong>ei</strong></span> <span class='ocrx_word' id='word_1_198' title='bbox 971 2711 1073 2751; x_wconf 87' lang='lat' dir='ltr'><strong>mascu-</strong></span> 
     </span>
     <span class='ocr_line' id='line_1_26' title="bbox 123 2777 1073 2852; baseline -0.001 -18"><span class='ocrx_word' id='word_1_199' title='bbox 123 2779 176 2835; x_wconf 90' lang='lat' dir='ltr'><strong>lus.</strong></span> <span class='ocrx_word' id='word_1_200' title='bbox 206 2778 270 2833; x_wconf 88' lang='lat' dir='ltr'><strong>llate</strong></span> <span class='ocrx_word' id='word_1_201' title='bbox 282 2778 359 2834; x_wconf 90' lang='lat' dir='ltr'><strong>nobis</strong></span> <span class='ocrx_word' id='word_1_202' title='bbox 375 2780 572 2852; x_wconf 88' lang='lat' dir='ltr'><strong>possessionem</strong></span> <span class='ocrx_word' id='word_1_203' title='bbox 588 2779 615 2833; x_wconf 91' lang='lat' dir='ltr'><strong>in</strong></span> <span class='ocrx_word' id='word_1_204' title='bbox 631 2777 719 2833; x_wconf 91' lang='lat' dir='ltr'><strong>medio</strong></span> <span class='ocrx_word' id='word_1_205' title='bbox 735 2778 846 2833; x_wconf 80' lang='lat' dir='ltr'><strong>fratrum</strong></span> <span class='ocrx_word' id='word_1_206' title='bbox 863 2779 946 2851; x_wconf 88' lang='lat' dir='ltr'><strong>patris</strong></span> <span class='ocrx_word' id='word_1_207' title='bbox 961 2778 1073 2834; x_wconf 90' lang='lat' dir='ltr'><strong>nostri.&#39;</strong></span> 
     </span>
     <span class='ocr_line' id='line_1_27' title="bbox 122 2852 1072 2936; baseline -0.002 -16"><span class='ocrx_word' id='word_1_208' title='bbox 122 2861 151 2920; x_wconf 77' lang='grc'><strong>4.</strong></span> <span class='ocrx_word' id='word_1_209' title='bbox 176 2860 207 2915; x_wconf 85' lang='grc' dir='ltr'><strong>Εῑ</strong></span> <span class='ocrx_word' id='word_1_210' title='bbox 230 2860 328 2917; x_wconf 87' lang='lat' dir='ltr'><strong>obtulit</strong></span> <span class='ocrx_word' id='word_1_211' title='bbox 351 2861 455 2934; x_wconf 85' lang='lat' dir='ltr'><strong>lloyses</strong></span> <span class='ocrx_word' id='word_1_212' title='bbox 478 2864 635 2936; x_wconf 89' lang='lat' dir='ltr'><strong>petitionem</strong></span> <span class='ocrx_word' id='word_1_213' title='bbox 658 2878 749 2917; x_wconf 89' lang='lat' dir='ltr'><strong>earum</strong></span> <span class='ocrx_word' id='word_1_214' title='bbox 772 2861 896 2917; x_wconf 78' lang='lat' dir='ltr'><strong>&#39;Dounion</strong></span> <span class='ocrx_word' id='word_1_215' title='bbox 919 2852 1009 2919; x_wconf 86' lang='lat' dir='ltr'><strong>deo.¹¹</strong></span> <span class='ocrx_word' id='word_1_216' title='bbox 1044 2858 1072 2919; x_wconf 80' lang='grc' dir='ltr'><strong>ὃ.</strong></span> 
     </span>
    </p>
   </div>
   <div class='ocr_carea' id='block_1_7' title="bbox 112 3008 1074 3915">
    <p class='ocr_par' dir='ltr' id='par_1_7' title="bbox 112 3008 1074 3777">
     <span class='ocr_line' id='line_1_28' title="bbox 196 3008 1073 3077; baseline 0.001 -17"><span class='ocrx_word' id='word_1_217' title='bbox 196 3008 215 3076; x_wconf 91' lang='lat'><strong>¹)</strong></span> <span class='ocrx_word' id='word_1_218' title='bbox 230 3010 275 3060; x_wconf 74' lang='lat' dir='ltr'><strong>Ee</strong></span> <span class='ocrx_word' id='word_1_219' title='bbox 288 3013 381 3062; x_wconf 79' lang='lat' dir='ltr'><strong>uicinis</strong></span> <span class='ocrx_word' id='word_1_220' title='bbox 395 3013 489 3062; x_wconf 82' lang='lat' dir='ltr'><strong>litteris</strong></span> <span class='ocrx_word' id='word_1_221' title='bbox 501 3013 636 3077; x_wconf 76' lang='lat' dir='ltr'><strong>pemmoni.</strong></span> <span class='ocrx_word' id='word_1_222' title='bbox 699 3009 720 3076; x_wconf 75' lang='lat'><strong>¹)</strong></span> <span class='ocrx_word' id='word_1_223' title='bbox 735 3013 752 3061; x_wconf 87' lang='lat' dir='ltr'><strong>i.</strong></span> <span class='ocrx_word' id='word_1_224' title='bbox 767 3027 789 3061; x_wconf 91' lang='lat' dir='ltr'><strong>e.</strong></span> <span class='ocrx_word' id='word_1_225' title='bbox 805 3013 849 3075; x_wconf 82' lang='lat' dir='ltr'><strong>qui</strong></span> <span class='ocrx_word' id='word_1_226' title='bbox 863 3012 974 3060; x_wconf 84' lang='lat' dir='ltr'><strong>eiusdem</strong></span> <span class='ocrx_word' id='word_1_227' title='bbox 987 3019 1073 3061; x_wconf 87' lang='lat' dir='ltr'><strong>sectae</strong></span> 
     </span>
     <span class='ocr_line' id='line_1_29' title="bbox 120 3080 1072 3144; baseline 0 -13"><span class='ocrx_word' id='word_1_228' title='bbox 120 3089 188 3139; x_wconf 84' lang='lat' dir='ltr'><strong>sunt,</strong></span> <span class='ocrx_word' id='word_1_229' title='bbox 206 3090 232 3130; x_wconf 89' lang='lat' dir='ltr'><strong>ut</strong></span> <span class='ocrx_word' id='word_1_230' title='bbox 245 3083 348 3144; x_wconf 82' lang='lat' dir='ltr'><strong>saepius</strong></span> <span class='ocrx_word' id='word_1_231' title='bbox 362 3083 433 3144; x_wconf 86' lang='lat' dir='ltr'><strong>opud</strong></span> <span class='ocrx_word' id='word_1_232' title='bbox 445 3080 586 3132; x_wconf 84' lang='lat' dir='ltr'><strong>Sidonium.</strong></span> <span class='ocrx_word' id='word_1_233' title='bbox 606 3088 778 3131; x_wconf 88' lang='lat' dir='ltr'><strong>consentaneos</strong></span> <span class='ocrx_word' id='word_1_234' title='bbox 792 3080 823 3129; x_wconf 88' lang='lat' dir='ltr'><strong>B.</strong></span> <span class='ocrx_word' id='word_1_235' title='bbox 844 3080 884 3129; x_wconf 85' lang='lat' dir='ltr'><strong>Vi.</strong></span> <span class='ocrx_word' id='word_1_236' title='bbox 896 3082 957 3130; x_wconf 75' lang='lat' dir='ltr'><strong>edd.</strong></span> <span class='ocrx_word' id='word_1_237' title='bbox 972 3097 1072 3131; x_wconf 90' lang='lat' dir='ltr'><strong>consen·</strong></span> 
     </span>
     <span class='ocr_line' id='line_1_30' title="bbox 122 3148 1072 3216; baseline 0 -15"><span class='ocrx_word' id='word_1_238' title='bbox 122 3161 204 3202; x_wconf 84' lang='lat' dir='ltr'><strong>teneus</strong></span> <span class='ocrx_word' id='word_1_239' title='bbox 224 3152 269 3201; x_wconf 91' lang='lat' dir='ltr'><strong>Ve.</strong></span> <span class='ocrx_word' id='word_1_240' title='bbox 289 3160 454 3201; x_wconf 88' lang='lat' dir='ltr'><strong>consectantes</strong></span> <span class='ocrx_word' id='word_1_241' title='bbox 469 3152 566 3202; x_wconf 81' lang='lat' dir='ltr'><strong>Boron.</strong></span> <span class='ocrx_word' id='word_1_242' title='bbox 627 3148 648 3216; x_wconf 73' lang='grc'><strong>8)</strong></span> <span class='ocrx_word' id='word_1_243' title='bbox 665 3152 694 3200; x_wconf 90' lang='lat' dir='ltr'><strong>ad</strong></span> <span class='ocrx_word' id='word_1_244' title='bbox 709 3167 751 3200; x_wconf 90' lang='lat' dir='ltr'><strong>eos</strong></span> <span class='ocrx_word' id='word_1_245' title='bbox 768 3152 838 3208; x_wconf 77' lang='lat' dir='ltr'><strong>cdd..</strong></span> <span class='ocrx_word' id='word_1_246' title='bbox 854 3159 881 3200; x_wconf 86' lang='lat' dir='ltr'><strong>ut</strong></span> <span class='ocrx_word' id='word_1_247' title='bbox 893 3158 963 3215; x_wconf 84' lang='lat' dir='ltr'><strong>puto,</strong></span> <span class='ocrx_word' id='word_1_248' title='bbox 978 3167 1013 3201; x_wconf 73' lang='lat' dir='ltr'><strong>ex</strong></span> <span class='ocrx_word' id='word_1_249' title='bbox 1026 3152 1072 3201; x_wconf 81' lang='lat' dir='ltr'><strong>adit</strong></span> 
     </span>
     <span class='ocr_line' id='line_1_31' title="bbox 122 3222 1073 3287; baseline 0.002 -16"><span class='ocrx_word' id='word_1_250' title='bbox 122 3223 179 3272; x_wconf 87' lang='lat' dir='ltr'><strong>deos</strong></span> <span class='ocrx_word' id='word_1_251' title='bbox 191 3224 296 3285; x_wconf 75' lang='lat' dir='ltr'><strong>sactum.</strong></span> <span class='ocrx_word' id='word_1_252' title='bbox 321 3222 381 3271; x_wconf 87' lang='lat' dir='ltr'><strong>adeo</strong></span> <span class='ocrx_word' id='word_1_253' title='bbox 395 3223 462 3284; x_wconf 76' lang='lat' dir='ltr'><strong>edd,</strong></span> <span class='ocrx_word' id='word_1_254' title='bbox 477 3223 545 3287; x_wconf 86' lang='lat' dir='ltr'><strong>quod</strong></span> <span class='ocrx_word' id='word_1_255' title='bbox 558 3238 608 3272; x_wconf 85' lang='lat' dir='ltr'><strong>non</strong></span> <span class='ocrx_word' id='word_1_256' title='bbox 623 3224 747 3287; x_wconf 79' lang='lat' dir='ltr'><strong>intellipo.</strong></span> <span class='ocrx_word' id='word_1_257' title='bbox 778 3222 963 3273; x_wconf 83' lang='lat' dir='ltr'><strong>Consectomeoe</strong></span> <span class='ocrx_word' id='word_1_258' title='bbox 977 3224 1014 3271; x_wconf 86' lang='lat' dir='ltr'><strong>ito</strong></span> <span class='ocrx_word' id='word_1_259' title='bbox 1028 3224 1073 3273; x_wconf 84' lang='lat' dir='ltr'><strong>de·</strong></span> 
     </span>
     <span class='ocr_line' id='line_1_32' title="bbox 120 3292 1074 3357; baseline 0 -15"><span class='ocrx_word' id='word_1_260' title='bbox 120 3309 197 3352; x_wconf 82' lang='lat' dir='ltr'><strong>mum,</strong></span> <span class='ocrx_word' id='word_1_261' title='bbox 211 3295 236 3342; x_wconf 86' lang='lat' dir='ltr'><strong>si</strong></span> <span class='ocrx_word' id='word_1_262' title='bbox 250 3294 394 3356; x_wconf 81' lang='lat' dir='ltr'><strong>persistant</strong></span> <span class='ocrx_word' id='word_1_263' title='bbox 412 3295 439 3340; x_wconf 84' lang='lat' dir='ltr'><strong>im</strong></span> <span class='ocrx_word' id='word_1_264' title='bbox 458 3295 647 3357; x_wconf 80' lang='lat' dir='ltr'><strong>oppupnott&#39;one</strong></span> <span class='ocrx_word' id='word_1_265' title='bbox 666 3294 772 3342; x_wconf 87' lang='lat' dir='ltr'><strong>deorum</strong></span> <span class='ocrx_word' id='word_1_266' title='bbox 792 3292 876 3350; x_wconf 82' lang='lat' dir='ltr'><strong>Rom,</strong></span> <span class='ocrx_word' id='word_1_267' title='bbox 898 3300 977 3343; x_wconf 85' lang='lat' dir='ltr'><strong>morte</strong></span> <span class='ocrx_word' id='word_1_268' title='bbox 991 3294 1074 3356; x_wconf 82' lang='lat' dir='ltr'><strong>plecti</strong></span> 
     </span>
     <span class='ocr_line' id='line_1_33' title="bbox 120 3360 1071 3427; baseline 0.001 -16"><span class='ocrx_word' id='word_1_269' title='bbox 120 3363 201 3427; x_wconf 86' lang='lat' dir='ltr'><strong>Impp.</strong></span> <span class='ocrx_word' id='word_1_270' title='bbox 212 3365 305 3413; x_wconf 83' lang='lat' dir='ltr'><strong>volunt.</strong></span> <span class='ocrx_word' id='word_1_271' title='bbox 331 3362 369 3425; x_wconf 79' lang='lat' dir='ltr'><strong>Os.</strong></span> <span class='ocrx_word' id='word_1_272' title='bbox 378 3364 403 3423; x_wconf 66' lang='grc' dir='ltr'><strong>ξ.</strong></span> <span class='ocrx_word' id='word_1_273' title='bbox 415 3373 435 3412; x_wconf 79' lang='lat' dir='ltr'><strong>a.</strong></span> <span class='ocrx_word' id='word_1_274' title='bbox 482 3360 502 3426; x_wconf 81' lang='lat'><strong>⁴)</strong></span> <span class='ocrx_word' id='word_1_275' title='bbox 518 3363 615 3413; x_wconf 83' lang='lat' dir='ltr'><strong>Boron.</strong></span> <span class='ocrx_word' id='word_1_276' title='bbox 627 3366 691 3426; x_wconf 88' lang='lat' dir='ltr'><strong>ipsos</strong></span> <span class='ocrx_word' id='word_1_277' title='bbox 701 3378 794 3427; x_wconf 82' lang='lat' dir='ltr'><strong>quoque</strong></span> <span class='ocrx_word' id='word_1_278' title='bbox 804 3364 835 3414; x_wconf 85' lang='lat' dir='ltr'><strong>B.</strong></span> <span class='ocrx_word' id='word_1_279' title='bbox 850 3363 907 3412; x_wconf 87' lang='lat' dir='ltr'><strong>edd.</strong></span> <span class='ocrx_word' id='word_1_280' title='bbox 922 3363 969 3426; x_wconf 86' lang='lat' dir='ltr'><strong>ipsi</strong></span> <span class='ocrx_word' id='word_1_281' title='bbox 979 3378 1071 3427; x_wconf 85' lang='lat' dir='ltr'><strong>quoquc</strong></span> 
     </span>
     <span class='ocr_line' id='line_1_34' title="bbox 126 3429 1072 3497; baseline 0.001 -16"><span class='ocrx_word' id='word_1_282' title='bbox 126 3432 167 3481; x_wconf 82' lang='lat' dir='ltr'><strong>Vi.</strong></span> <span class='ocrx_word' id='word_1_283' title='bbox 183 3435 234 3496; x_wconf 91' lang='lat' dir='ltr'><strong>ipso</strong></span> <span class='ocrx_word' id='word_1_284' title='bbox 250 3447 342 3497; x_wconf 84' lang='lat' dir='ltr'><strong>quoque</strong></span> <span class='ocrx_word' id='word_1_285' title='bbox 363 3431 407 3480; x_wconf 85' lang='lat' dir='ltr'><strong>Ve.</strong></span> <span class='ocrx_word' id='word_1_286' title='bbox 473 3429 495 3497; x_wconf 76' lang='lat'><strong>⁶)</strong></span> <span class='ocrx_word' id='word_1_287' title='bbox 512 3431 622 3492; x_wconf 84' lang='lat' dir='ltr'><strong>Quorum</strong></span> <span class='ocrx_word' id='word_1_288' title='bbox 638 3434 744 3482; x_wconf 78' lang='lat' dir='ltr'><strong>illudio</strong></span> <span class='ocrx_word' id='word_1_289' title='bbox 759 3433 867 3491; x_wconf 83' lang='lat' dir='ltr'><strong>Arabio,</strong></span> <span class='ocrx_word' id='word_1_290' title='bbox 882 3433 931 3483; x_wconf 83' lang='lat' dir='ltr'><strong>doe</strong></span> <span class='ocrx_word' id='word_1_291' title='bbox 945 3435 972 3482; x_wconf 84' lang='lat' dir='ltr'><strong>in</strong></span> <span class='ocrx_word' id='word_1_292' title='bbox 987 3435 1072 3483; x_wconf 78' lang='lat' dir='ltr'><strong>insula</strong></span> 
     </span>
     <span class='ocr_line' id='line_1_35' title="bbox 120 3501 1070 3566; baseline 0 -14"><span class='ocrx_word' id='word_1_293' title='bbox 120 3503 156 3552; x_wconf 85' lang='lat' dir='ltr'><strong>ad</strong></span> <span class='ocrx_word' id='word_1_294' title='bbox 170 3502 353 3565; x_wconf 84' lang='lat' dir='ltr'><strong>Propontidem</strong></span> <span class='ocrx_word' id='word_1_295' title='bbox 366 3501 549 3559; x_wconf 77' lang='lat' dir='ltr'><strong>exercebatur,</strong></span> <span class='ocrx_word' id='word_1_296' title='bbox 566 3509 697 3566; x_wconf 84' lang='lat' dir='ltr'><strong>utrumqne</strong></span> <span class='ocrx_word' id='word_1_297' title='bbox 711 3501 823 3552; x_wconf 81' lang='lat' dir='ltr'><strong>dobr&#39;tum</strong></span> <span class='ocrx_word' id='word_1_298' title='bbox 842 3503 977 3566; x_wconf 80' lang='lat' dir='ltr'><strong>letiferum.</strong></span> <span class='ocrx_word' id='word_1_299' title='bbox 1012 3502 1070 3552; x_wconf 84' lang='lat' dir='ltr'><strong>Vid.</strong></span> 
     </span>
     <span class='ocr_line' id='line_1_36' title="bbox 119 3569 1072 3636; baseline 0 -14"><span class='ocrx_word' id='word_1_300' title='bbox 119 3574 262 3636; x_wconf 83' lang='lat' dir='ltr'><strong>scriptores</strong></span> <span class='ocrx_word' id='word_1_301' title='bbox 280 3588 297 3622; x_wconf 86' lang='lat' dir='ltr'><strong>a</strong></span> <span class='ocrx_word' id='word_1_302' title='bbox 313 3572 419 3622; x_wconf 84' lang='lat' dir='ltr'><strong>Pitdoeo</strong></span> <span class='ocrx_word' id='word_1_303' title='bbox 438 3578 462 3619; x_wconf 81' lang='lat' dir='ltr'><strong>et</strong></span> <span class='ocrx_word' id='word_1_304' title='bbox 476 3570 558 3619; x_wconf 87' lang='lat' dir='ltr'><strong>Bium.</strong></span> <span class='ocrx_word' id='word_1_305' title='bbox 578 3573 613 3620; x_wconf 86' lang='lat' dir='ltr'><strong>od</strong></span> <span class='ocrx_word' id='word_1_306' title='bbox 630 3572 653 3619; x_wconf 85' lang='lat' dir='ltr'><strong>d.</strong></span> <span class='ocrx_word' id='word_1_307' title='bbox 674 3574 690 3618; x_wconf 90' lang='lat' dir='ltr'><strong>l.</strong></span> <span class='ocrx_word' id='word_1_308' title='bbox 711 3573 837 3621; x_wconf 78' lang='lat' dir='ltr'><strong>laudatos.</strong></span> <span class='ocrx_word' id='word_1_309' title='bbox 912 3569 931 3635; x_wconf 76' lang='lat'><strong>⁶)</strong></span> <span class='ocrx_word' id='word_1_310' title='bbox 950 3572 1023 3636; x_wconf 85' lang='lat' dir='ltr'><strong>Quod</strong></span> <span class='ocrx_word' id='word_1_311' title='bbox 1041 3572 1072 3622; x_wconf 85' lang='lat' dir='ltr'><strong>ob</strong></span> 
     </span>
     <span class='ocr_line' id='line_1_37' title="bbox 119 3642 1071 3704; baseline 0 -13"><span class='ocrx_word' id='word_1_312' title='bbox 119 3644 310 3692; x_wconf 82' lang='lat' dir='ltr'><strong>similitudinem</strong></span> <span class='ocrx_word' id='word_1_313' title='bbox 324 3643 395 3691; x_wconf 79' lang='lat' dir='ltr'><strong>uocis</strong></span> <span class='ocrx_word' id='word_1_314' title='bbox 409 3642 439 3690; x_wconf 90' lang='lat' dir='ltr'><strong>ob</strong></span> <span class='ocrx_word' id='word_1_315' title='bbox 454 3642 582 3689; x_wconf 72' lang='lat' dir='ltr'><strong>secundare</strong></span> <span class='ocrx_word' id='word_1_316' title='bbox 592 3643 704 3704; x_wconf 81' lang='lat' dir='ltr'><strong>periisse</strong></span> <span class='ocrx_word' id='word_1_317' title='bbox 715 3642 823 3691; x_wconf 85' lang='lat' dir='ltr'><strong>videtur.</strong></span> <span class='ocrx_word' id='word_1_318' title='bbox 847 3643 942 3691; x_wconf 81' lang='lat' dir='ltr'><strong>festinet</strong></span> <span class='ocrx_word' id='word_1_319' title='bbox 956 3658 990 3692; x_wconf 81' lang='lat' dir='ltr'><strong>ex</strong></span> <span class='ocrx_word' id='word_1_320' title='bbox 1001 3642 1071 3691; x_wconf 67' lang='lat' dir='ltr'><strong>Part.</strong></span> 
     </span>
     <span class='ocr_line' id='line_1_38' title="bbox 112 3707 738 3777; baseline -0.005 -17"><span class='ocrx_word' id='word_1_321' title='bbox 112 3715 152 3774; x_wconf 85' lang='lat' dir='ltr'><strong>jc.</strong></span> <span class='ocrx_word' id='word_1_322' title='bbox 167 3716 249 3777; x_wconf 84' lang='lat' dir='ltr'><strong>suppl.</strong></span> <span class='ocrx_word' id='word_1_323' title='bbox 265 3713 322 3762; x_wconf 83' lang='lat' dir='ltr'><strong>edd.</strong></span> <span class='ocrx_word' id='word_1_324' title='bbox 375 3707 396 3776; x_wconf 57' lang='grc' dir='ltr'><strong>ἵ)</strong></span> <span class='ocrx_word' id='word_1_325' title='bbox 410 3727 434 3760; x_wconf 89' lang='grc' dir='ltr'><strong>α.</strong></span> <span class='ocrx_word' id='word_1_326' title='bbox 450 3721 571 3762; x_wconf 67' lang='lat' dir='ltr'><strong>aet—295.</strong></span> <span class='ocrx_word' id='word_1_327' title='bbox 588 3719 615 3759; x_wconf 86' lang='lat' dir='ltr'><strong>ut</strong></span> <span class='ocrx_word' id='word_1_328' title='bbox 629 3711 738 3759; x_wconf 82' lang='lat' dir='ltr'><strong>uidetur.</strong></span> 
     </span>
    </p>

    <p class='ocr_par' dir='ltr' id='par_1_8' title="bbox 119 3776 1070 3915">
     <span class='ocr_line' id='line_1_39' title="bbox 191 3776 1070 3845; baseline -0.005 -13"><span class='ocrx_word' id='word_1_329' title='bbox 191 3781 211 3844; x_wconf 83' lang='lat'><strong>⁸)</strong></span> <span class='ocrx_word' id='word_1_330' title='bbox 226 3784 300 3832; x_wconf 84' lang='lat' dir='ltr'><strong>Haec</strong></span> <span class='ocrx_word' id='word_1_331' title='bbox 320 3783 422 3845; x_wconf 80' lang='lat' dir='ltr'><strong>intepro</strong></span> <span class='ocrx_word' id='word_1_332' title='bbox 440 3781 514 3830; x_wconf 80' lang='lat' dir='ltr'><strong>dedet</strong></span> <span class='ocrx_word' id='word_1_333' title='bbox 532 3778 562 3828; x_wconf 91' lang='lat' dir='ltr'><strong>B.</strong></span> <span class='ocrx_word' id='word_1_334' title='bbox 628 3778 649 3844; x_wconf 80' lang='lat'><strong>⁹)</strong></span> <span class='ocrx_word' id='word_1_335' title='bbox 667 3779 768 3831; x_wconf 86' lang='lat' dir='ltr'><strong>Numer.</strong></span> <span class='ocrx_word' id='word_1_336' title='bbox 784 3791 822 3838; x_wconf 80' lang='lat' dir='ltr'><strong>tt,</strong></span> <span class='ocrx_word' id='word_1_337' title='bbox 837 3794 918 3833; x_wconf 83' lang='lat'><strong>1-11.</strong></span> <span class='ocrx_word' id='word_1_338' title='bbox 993 3776 1025 3845; x_wconf 75' lang='grc' dir='ltr'><strong>ιο)</strong></span> <span class='ocrx_word' id='word_1_339' title='bbox 1039 3779 1070 3829; x_wconf 84' lang='grc' dir='ltr'><strong>Β.</strong></span> 
     </span>
     <span class='ocr_line' id='line_1_40' title="bbox 119 3847 1015 3915; baseline 0 -18"><span class='ocrx_word' id='word_1_340' title='bbox 119 3851 257 3901; x_wconf 83' lang='lat' dir='ltr'><strong>sacerdotes</strong></span> <span class='ocrx_word' id='word_1_341' title='bbox 276 3852 321 3901; x_wconf 86' lang='lat' dir='ltr'><strong>Ve.</strong></span> <span class='ocrx_word' id='word_1_342' title='bbox 342 3850 382 3898; x_wconf 86' lang='lat' dir='ltr'><strong>Vi.</strong></span> <span class='ocrx_word' id='word_1_343' title='bbox 399 3852 438 3899; x_wconf 87' lang='lat' dir='ltr'><strong>ed.</strong></span> <span class='ocrx_word' id='word_1_344' title='bbox 454 3849 493 3899; x_wconf 87' lang='lat' dir='ltr'><strong>Bi.</strong></span> <span class='ocrx_word' id='word_1_345' title='bbox 547 3847 579 3915; x_wconf 91' lang='lat'><strong>¹¹)</strong></span> <span class='ocrx_word' id='word_1_346' title='bbox 594 3850 624 3898; x_wconf 87' lang='lat' dir='ltr'><strong>B.</strong></span> <span class='ocrx_word' id='word_1_347' title='bbox 645 3849 689 3899; x_wconf 84' lang='lat' dir='ltr'><strong>Vc.</strong></span> <span class='ocrx_word' id='word_1_348' title='bbox 704 3864 785 3898; x_wconf 87' lang='lat' dir='ltr'><strong>eoram</strong></span> <span class='ocrx_word' id='word_1_349' title='bbox 801 3850 844 3898; x_wconf 93' lang='lat' dir='ltr'><strong>deo</strong></span> <span class='ocrx_word' id='word_1_350' title='bbox 864 3851 906 3899; x_wconf 85' lang='lat' dir='ltr'><strong>Vi.</strong></span> <span class='ocrx_word' id='word_1_351' title='bbox 921 3850 959 3898; x_wconf 87' lang='lat' dir='ltr'><strong>ed.</strong></span> <span class='ocrx_word' id='word_1_352' title='bbox 975 3848 1015 3897; x_wconf 79' lang='lat' dir='ltr'><strong>Bt.</strong></span> 
     </span>
    </p>
   </div>
   <div class='ocr_carea' id='block_1_8' title="bbox 0 0 1194 4386">
    <p class='ocr_par' dir='ltr' id='par_1_9' title="bbox 0 0 1194 4386">
     <span class='ocr_line' id='line_1_41' title="bbox 0 0 1194 4386; baseline 0 2"><span class='ocrx_word' id='word_1_353' title='bbox 0 0 1194 4386; x_wconf 95' lang='lat' dir='ltr'><strong> </strong></span> 
     </span>
    </p>
   </div>
  </div>
 </body>
</html>
