2378 4386
143 540 204 597 128
467 548 490 582 c.
509 544 615 582 casam
634 545 771 580 conamus.

204 670 252 730 25.
277 671 452 744 Triumphara
474 670 503 726 P.
528 668 677 723 Ventidium
693 669 726 723 de
741 668 846 724 Parthis
871 668 958 724 uoluit
981 665 1029 740 (sc.
1045 670 1101 726 ior-

141 752 215 826 tunal
239 753 346 826 quidem
368 752 467 822 solum,
489 751 537 807 aed
559 749 673 805 eundem
694 752 721 805 in
743 751 880 824 triumpho
903 751 1036 807 Asculano
1052 754 1100 809 Cn.

140 838 260 910 Pompeii
274 835 350 891 duxit
372 850 496 908 puerum,
511 849 671 906 quamquam
686 833 819 890 Masurius
834 843 928 892 auctor
943 843 995 904 est,
1017 834 1058 892 itis
1073 837 1101 893 in

141 920 278 993 triumpho
294 918 414 974 ductum.
431 946 473 959 -
488 916 555 973 Plin.
572 916 603 972 N.
619 916 653 973 Η.
669 917 697 988 7,
714 917 765 974 43.
781 917 809 989 S.
824 917 874 975 44.

202 997 250 1062 26.
273 1001 371 1058 Partim
393 1001 463 1056 enim
479 1002 658 1074 scripserunt,
680 1003 726 1074 qui
742 1010 847 1081 onaret,
863 1004 975 1059 introire
991 1003 1101 1059 solitum

141 1103 211 1161 equo
232 1086 392 1152 uouentem
413 1093 440 1140 at
457 1082 570 1140 Sabinus
586 1084 717 1141 Masurius
739 1085 851 1160 pedibus
866 1087 971 1160 ingredi
988 1096 1102 1144 ouantes

141 1171 213 1241 dicit,
237 1168 413 1243 sequentibus
436 1184 483 1224 eos
499 1184 553 1225 non
569 1169 714 1240 militibus,
729 1169 777 1225 sed
795 1172 921 1226 uniuerso
938 1179 1043 1227 senatu.
1063 1201 1100 1212 -

141 1253 209 1310 Geli.
226 1251 255 1319 5,
272 1253 300 1310 6.
317 1248 345 1325 S.
361 1250 412 1309 27.

203 1332 248 1394 27.
272 1330 443 1391 ¹Lihertinos
472 1351 538 1391 uero
568 1335 600 1391 ab
622 1337 746 1409 ingenuis
769 1336 892 1410 adoptari
915 1338 1022 1411 quidem
1045 1339 1104 1394 iure

141 1438 232 1497 posse,
248 1421 378 1477 Masurius
394 1418 507 1474 Sabinus
522 1421 641 1493 scripsit.
676 1418 728 1474 Sed
749 1419 776 1474 id
791 1437 879 1493 neque
896 1422 1014 1493 permitti
1029 1420 1103 1488 dicit,

142 1523 230 1580 neque
245 1501 455 1581 permittendum
470 1518 531 1558 esse
548 1519 671 1576 umquam
687 1511 775 1576 putat,
795 1512 825 1558 ut
847 1503 968 1560 homines
984 1503 1102 1559 libertini

142 1589 244 1645 ordinis
266 1604 315 1661 per
337 1586 494 1658 adoptiones
517 1589 544 1641 in
566 1587 624 1641 iura
646 1589 826 1659 ingenuorum
849 1588 983 1644 inuadant.
1017 1587 1102 1643 ‘Alio-

143 1673 234 1746 quin’,
254 1671 352 1743 iuquit,
374 1670 409 1724 ‘si
429 1670 495 1724 iuris
516 1671 567 1724 ista
587 1671 732 1743 antiquitus
752 1680 888 1741 seruetur,
910 1674 990 1727 etiam
1005 1687 1102 1728 seruus

142 1772 156 1811 a
177 1754 284 1812 domino
305 1769 354 1827 per
373 1745 544 1825 praetorem²
566 1752 623 1807 dari
644 1754 672 1806 in
687 1753 860 1825 adoptionem
876 1753 992 1826 potest’.
1022 1755 1103 1828 idque

142 1841 179 1897 ait
199 1839 344 1914 plerosque
367 1836 432 1891 iuris
456 1836 555 1890 ueteris
578 1841 702 1891 auctores
724 1852 805 1908 posse
820 1835 877 1891 fieri
898 1839 1047 1910 scripsisse.
1063 1848 1153 1897 —tcn

143 1923 210 1980 Geli.
226 1923 254 1992 ὃ,
273 1920 321 1977 19.
337 1915 387 1993 SS.
407 1912 538 1974 11-14.

205 2000 253 2062 28.
278 2003 333 2060 Sub
349 2010 422 2059 tecto
439 2002 479 2058 uti
493 2001 587 2057 liceret
603 1995 652 2075 (sc.
668 1999 768 2056 {lanuini
784 2000 848 2056 Diali
863 2001 922 2057 sine
934 1999 1016 2076 apice)
1033 2021 1103 2074 esse,

142 2106 197 2146 nou
212 2087 316 2162 pridem
331 2105 345 2143 a
361 2083 534 2160 pontificibus
550 2085 739 2154 constitutum,
764 2083 893 2139 Masurius
909 2085 1023 2140 Sabinus
1038 2089 1104 2142 scri·

143 2174 208 2246 psit,
231 2179 259 2228 et
280 2170 329 2226 alia
346 2168 475 2243 quaedam
490 2169 602 2224 remissa
618 2169 759 2241 gratiaque
774 2167 877 2242 aliquot
892 2170 1104 2226 ceremoniarum

142 2257 212 2314 iacta
226 2255 332 2311 dicitur.
350 2283 390 2294 -
406 2252 474 2308 Gell.
491 2252 541 2322 10,
559 2250 605 2307 15.
625 2247 675 2325 SS.
694 2249 742 2306 17.
760 2250 808 2308 18.

376 2380 411 2447 C.
434 2378 609 2447 CASSIVS
632 2377 874 2446 LONGINVS³

327 2479 383 2547 (sub
398 2479 494 2529 Tiberio
509 2487 533 2527 et
546 2480 700 2543 sequentibus
714 2477 918 2546 imperatoribus).

205 2587 230 2646 1.
253 2587 328 2646 Circa
348 2586 447 2644 Padum
468 2603 529 2645 cum
550 2596 688 2661 ageretur,
710 2585 783 2658 quod
804 2583 1105 2646 announcement

144 2672 287 2748 aliquando
306 2680 361 2729 tam
383 2672 534 2729 uiolentum
550 2670 679 2741 decurrit,
695 2677 727 2726 ut
741 2670 848 2726 alueum
864 2680 949 2726 mutet
964 2680 991 2728 et
1007 2672 1105 2728 multo·

143 2776 203 2815 rum
226 2758 280 2815 lale
303 2773 383 2830 agros
406 2765 479 2812 trans
501 2757 597 2827 ripam,
619 2762 651 2809 ut
671 2756 707 2809 ita
722 2752 817 2825 dicam,
840 2748 1009 2827 transierat,⁵
1024 2772 1105 2829 saepe

144 2845 223 2898 eliam
246 2841 347 2896 insulas
370 2836 479 2906 eiliciat,
501 2837 609 2891 Cassius
631 2836 779 2910 Longinus.
803 2837 1030 2911 prudentissimus
1053 2841 1105 2910 uir,

147 2926 213 2980 iuris
228 2932 334 2991 auctor,
348 2920 402 2976 hoc
416 2911 538 2991 statuit‚⁰
554 2926 583 2974 ut
598 2919 728 2994 quidquid
743 2937 810 2993 aqua
823 2919 1002 2978 lambiscendo
1014 2922 1105 2978 abstu-

144 3006 217 3078 lerit,
239 3005 266 3060 id
289 3019 432 3076 possessor
454 3001 569 3071 amittat,
592 3004 719 3073 quoniam
740 3003 843 3060 scilicet
857 3006 942 3077 ripam
958 3020 1032 3060 suam
1047 3007 1105 3062 sine

219 3144 238 3211 Ι)
254 3147 328 3196 Haec
347 3161 381 3194 ex
396 3146 471 3195 libris
485 3148 553 3196 iuria
572 3149 656 3197 civilis
670 3163 725 3198 ease
735 3157 853 3211 possunt,
867 3150 959 3215 quidus
972 3152 1048 3201 etiarn
1063 3149 1107 3202 ‘de

145 3220 245 3269 dierum
255 3215 443 3279 diffissionibus
448 3223 472 3264 et
477 3218 787 3280 conperendinationibus
792 3223 882 3270 etaliis
887 3221 1038 3286 quibusdam
1043 3225 1106 3288 lepi-

147 3290 215 3338 timis
228 3283 332 3336 ritibus'
349 3288 431 3350 egisse
446 3293 540 3349 potest.
559 3288 621 3337 Geli.
637 3301 670 3350 aa,
685 3301 705 3339 a.
720 3291 744 3350 §-
760 3301 779 3338 1.
825 3287 909 3355 ¹)Ea,
923 3295 969 3356 qui
982 3294 1107 3352 uindicat,

145 3360 232 3409 atatim
246 3357 352 3407 liberum
364 3357 495 3420 filiumque
504 3372 577 3406 suum
591 3360 617 3407 in
629 3366 756 3421 potestate
765 3374 820 3409 esse
834 3369 973 3411 asserente.
997 3361 1052 3422 Qua
1063 3380 1106 3413 ra·

146 3431 215 3479 tione
224 3434 248 3477 et
258 3427 493 3488 daminuslidueiae
504 3443 584 3477 eausa
594 3431 676 3479 amico
687 3431 857 3493 emancipatum
868 3446 969 3481 seruum
979 3433 1107 3496 adoptare

145 3506 255 3563 poterat.
280 3501 304 3560 §-
320 3510 352 3548 ra.
378 3496 447 3546 ide
460 3499 547 3562 adopt.
567 3497 598 3561 (1,
614 3500 657 3564 ιι).
705 3495 726 3565 ³)
750 3499 867 3550 Accessit
880 3513 901 3552 a.
924 3503 964 3552 ed.
1012 3501 1033 3568 ⁴)
1058 3512 1107 3554 tor·

145 3584 200 3619 rens
222 3576 246 3617 et
264 3569 322 3618 edd.
344 3568 401 3617 edd.
449 3566 471 3634 ⁵)
490 3570 507 3618 i.
523 3584 544 3618 e.
563 3571 649 3632 faciat
669 3569 861 3633 transpadanos
881 3574 920 3622 net
941 3574 1105 3637 cispadanos.

148 3636 168 3704 ⁰)
179 3655 230 3689 non
239 3641 266 3688 in
275 3638 350 3688 tibris
360 3640 529 3698 iuriscioitis,
540 3640 817 3704 ntopinaturDirlceen
828 3641 904 3692 adad.
915 3643 980 3692 Ati.
989 3655 1023 3694 st.
1032 3645 1107 3695 d'ebr.

146 3721 197 3761 1⁸61
201 3726 229 3774 p.
240 3721 283 3773 uu,
293 3709 450 3774 (iinteriasr.
463 3708 538 3760 Scir.
549 3711 589 3760 ed.
596 3709 678 3761 Senio
688 3710 709 3760 I.
717 3725 745 3774 p.
756 3709 814 3776 18⁰),
825 3713 882 3771 sed,
893 3720 920 3761 ut
931 3713 1052 3778 lippinus
1066 3732 1107 3765 re-

144 3782 206 3843 fert,
221 3796 256 3830 ex
269 3782 456 3830 consultatione
468 3782 499 3831 de
513 3780 624 3831 Pedana
638 3783 744 3847 cepione
753 3796 876 3845 responso
886 3784 956 3844 dato,
972 3785 1040 3847 quod
1056 3802 1107 3836 non

146 3852 182 3901 ael
192 3852 328 3917 generatio
342 3851 373 3900 de
387 3850 428 3900 tis
442 3851 656 3916 acquisitionibus
668 3859 809 3915 praecepta
823 3852 988 3916 referendum
1001 3861 1047 3903 est.
