<?xml version="1.0" encoding="UTF-8"?>
<!DOCTYPE html PUBLIC "-//W3C//DTD XHTML 1.0 Transitional//EN"
    "http://www.w3.org/TR/xhtml1/DTD/xhtml1-transitional.dtd">
<html xmlns="http://www.w3.org/1999/xhtml" xml:lang="en" lang="en">
 <head>
  <title>
</title>
<meta http-equiv="Content-Type" content="text/html;charset=utf-8" />
  <meta name='ocr-system' content='tesseract 3.04.00' />
  <meta name='ocr-capabilities' content='ocr_page ocr_carea ocr_par ocr_line ocrx_word'/>
</head>
<body>
  <div class='ocr_page' id='page_1' title='image "./iurisprvdentiae00huscgoog_0467.png"; bbox 0 0 2378 4386; ppageno 0'>
   <div class='ocr_carea' id='block_1_1' title="bbox 173 512 956 583">
    <p class='ocr_par' dir='ltr' id='par_1_1' title="bbox 173 512 956 583">
     <span class='ocr_line' id='line_1_1' title="bbox 173 512 956 583; baseline -0.009 -13"><span class='ocrx_word' id='word_1_1' title='bbox 173 516 239 583; x_wconf 79' lang='lat'><strong>432</strong></span> <span class='ocrx_word' id='word_1_2' title='bbox 342 530 461 569; x_wconf 74' lang='lat' dir='ltr'><strong>enema</strong></span> <span class='ocrx_word' id='word_1_3' title='bbox 474 529 623 567; x_wconf 71' lang='lat' dir='ltr'><strong>emarcus</strong></span> <span class='ocrx_word' id='word_1_4' title='bbox 637 512 670 580; x_wconf 80' lang='lat' dir='ltr'><strong>(i)</strong></span> <span class='ocrx_word' id='word_1_5' title='bbox 683 530 723 565; x_wconf 74' lang='lat' dir='ltr'><strong>re</strong></span> <span class='ocrx_word' id='word_1_6' title='bbox 737 529 841 565; x_wconf 77' lang='lat' dir='ltr'><strong>acerra.</strong></span> <span class='ocrx_word' id='word_1_7' title='bbox 858 516 898 566; x_wconf 77' lang='lat'><strong>1⁶.</strong></span> <span class='ocrx_word' id='word_1_8' title='bbox 915 517 956 566; x_wconf 75' lang='lat' dir='ltr'><strong>ld.</strong></span> 
     </span>
    </p>
   </div>
   <div class='ocr_carea' id='block_1_2' title="bbox 174 653 1187 1077">
    <p class='ocr_par' dir='ltr' id='par_1_2' title="bbox 174 653 1124 804">
     <span class='ocr_line' id='line_1_2' title="bbox 174 653 1124 734; baseline -0.005 -11"><span class='ocrx_word' id='word_1_9' title='bbox 174 679 306 723; x_wconf 88' lang='lat' dir='ltr'><strong>annorum</strong></span> <span class='ocrx_word' id='word_1_10' title='bbox 327 653 431 732; x_wconf 87' lang='lat' dir='ltr'><strong>aetas‚¹</strong></span> <span class='ocrx_word' id='word_1_11' title='bbox 452 668 483 716; x_wconf 92' lang='lat' dir='ltr'><strong>ut</strong></span> <span class='ocrx_word' id='word_1_12' title='bbox 503 666 597 734; x_wconf 81' lang='lat' dir='ltr'><strong>postea</strong></span> <span class='ocrx_word' id='word_1_13' title='bbox 616 661 714 715; x_wconf 91' lang='lat' dir='ltr'><strong>iterum</strong></span> <span class='ocrx_word' id='word_1_14' title='bbox 735 660 823 733; x_wconf 82' lang='lat' dir='ltr'><strong>possit</strong></span> <span class='ocrx_word' id='word_1_15' title='bbox 843 659 961 716; x_wconf 85' lang='lat' dir='ltr'><strong>uindicta</strong></span> <span class='ocrx_word' id='word_1_16' title='bbox 982 659 1026 715; x_wconf 91' lang='lat' dir='ltr'><strong>uel</strong></span> <span class='ocrx_word' id='word_1_17' title='bbox 1040 667 1124 718; x_wconf 85' lang='lat' dir='ltr'><strong>testa·</strong></span> 
     </span>
     <span class='ocr_line' id='line_1_3' title="bbox 175 741 790 804; baseline -0.01 1"><span class='ocrx_word' id='word_1_18' title='bbox 175 756 267 804; x_wconf 91' lang='lat' dir='ltr'><strong>mento</strong></span> <span class='ocrx_word' id='word_1_19' title='bbox 282 745 474 801; x_wconf 84' lang='lat' dir='ltr'><strong>manumittlet</strong></span> <span class='ocrx_word' id='word_1_20' title='bbox 489 745 557 801; x_wconf 88' lang='lat' dir='ltr'><strong>cluls</strong></span> <span class='ocrx_word' id='word_1_21' title='bbox 572 743 707 800; x_wconf 84' lang='lat' dir='ltr'><strong>Romanus</strong></span> <span class='ocrx_word' id='word_1_22' title='bbox 723 741 790 799; x_wconf 88' lang='lat' dir='ltr'><strong>lieri.</strong></span> 
     </span>
    </p>

    <p class='ocr_par' dir='ltr' id='par_1_3' title="bbox 174 823 1187 1077">
     <span class='ocr_line' id='line_1_4' title="bbox 236 823 1122 901; baseline -0.001 -14"><span class='ocrx_word' id='word_1_23' title='bbox 236 826 280 887; x_wconf 82' lang='lat' dir='ltr'><strong>le.</strong></span> <span class='ocrx_word' id='word_1_24' title='bbox 303 828 398 884; x_wconf 79' lang='lat' dir='ltr'><strong>Mulier</strong></span> <span class='ocrx_word' id='word_1_25' title='bbox 411 828 469 883; x_wconf 91' lang='lat' dir='ltr'><strong>siue</strong></span> <span class='ocrx_word' id='word_1_26' title='bbox 484 828 584 883; x_wconf 88' lang='lat' dir='ltr'><strong>tutoris</strong></span> <span class='ocrx_word' id='word_1_27' title='bbox 599 827 758 883; x_wconf 86' lang='lat' dir='ltr'><strong>auctoritate</strong></span> <span class='ocrx_word' id='word_1_28' title='bbox 773 844 828 883; x_wconf 91' lang='lat' dir='ltr'><strong>non</strong></span> <span class='ocrx_word' id='word_1_29' title='bbox 844 834 935 900; x_wconf 82' lang='lat' dir='ltr'><strong>potest</strong></span> <span class='ocrx_word' id='word_1_30' title='bbox 945 823 1043 901; x_wconf 82' lang='lat' dir='ltr'><strong>’(inler</strong></span> <span class='ocrx_word' id='word_1_31' title='bbox 1053 833 1122 886; x_wconf 86' lang='lat' dir='ltr'><strong>omi·</strong></span> 
     </span>
     <span class='ocr_line' id='line_1_5' title="bbox 174 904 1124 982; baseline -0.004 -9"><span class='ocrx_word' id='word_1_32' title='bbox 174 930 225 973; x_wconf 91' lang='lat' dir='ltr'><strong>cos</strong></span> <span class='ocrx_word' id='word_1_33' title='bbox 245 906 458 982; x_wconf 81' lang='lat' dir='ltr'><strong>manumittere)</strong></span> <span class='ocrx_word' id='word_1_34' title='bbox 466 904 491 980; x_wconf 81' lang='lat'><strong>‚²</strong></span> <span class='ocrx_word' id='word_1_35' title='bbox 515 912 567 966; x_wconf 92' lang='lat' dir='ltr'><strong>nlsl</strong></span> <span class='ocrx_word' id='word_1_36' title='bbox 588 912 629 966; x_wconf 89' lang='lat' dir='ltr'><strong>lus</strong></span> <span class='ocrx_word' id='word_1_37' title='bbox 654 910 800 967; x_wconf 84' lang='lat' dir='ltr'><strong>liberorum</strong></span> <span class='ocrx_word' id='word_1_38' title='bbox 824 910 926 969; x_wconf 89' lang='lat' dir='ltr'><strong>habeat.</strong></span> <span class='ocrx_word' id='word_1_39' title='bbox 963 919 1028 968; x_wconf 82' lang='lat' dir='ltr'><strong>tune</strong></span> <span class='ocrx_word' id='word_1_40' title='bbox 1052 915 1124 970; x_wconf 90' lang='lat' dir='ltr'><strong>enim</strong></span> 
     </span>
     <span class='ocr_line' id='line_1_6' title="bbox 174 985 1187 1077; baseline -0.007 -21"><span class='ocrx_word' id='word_1_41' title='bbox 174 990 269 1077; x_wconf 64' lang='grc' dir='ltr'><strong>(κεῖ)8</strong></span> <span class='ocrx_word' id='word_1_42' title='bbox 284 995 401 1053; x_wconf 83' lang='lat' dir='ltr'><strong>uindicta</strong></span> <span class='ocrx_word' id='word_1_43' title='bbox 422 996 480 1051; x_wconf 89' lang='lat' dir='ltr'><strong>sine</strong></span> <span class='ocrx_word' id='word_1_44' title='bbox 499 1000 592 1050; x_wconf 89' lang='lat' dir='ltr'><strong>tutore</strong></span> <span class='ocrx_word' id='word_1_45' title='bbox 611 985 791 1071; x_wconf 78' lang='lat' dir='ltr'><strong>’(auctore)⁴</strong></span> <span class='ocrx_word' id='word_1_46' title='bbox 812 1002 903 1068; x_wconf 87' lang='lat' dir='ltr'><strong>potest</strong></span> <span class='ocrx_word' id='word_1_47' title='bbox 925 997 1123 1058; x_wconf 75' lang='lat' dir='ltr'><strong>manumittere.</strong></span> <span class='ocrx_word' id='word_1_48' title='bbox 1135 1008 1187 1057; x_wconf 83' lang='lat' dir='ltr'><strong>[sto</strong></span> 
     </span>
    </p>
   </div>
   <div class='ocr_carea' id='block_1_3' title="bbox 172 1076 1124 2075">
    <p class='ocr_par' dir='ltr' id='par_1_4' title="bbox 172 1076 1124 1908">
     <span class='ocr_line' id='line_1_7' title="bbox 174 1076 1123 1152; baseline -0.001 -14"><span class='ocrx_word' id='word_1_49' title='bbox 174 1081 246 1138; x_wconf 91' lang='lat' dir='ltr'><strong>uude</strong></span> <span class='ocrx_word' id='word_1_50' title='bbox 260 1082 284 1137; x_wconf 91' lang='lat' dir='ltr'><strong>sl</strong></span> <span class='ocrx_word' id='word_1_51' title='bbox 297 1079 394 1135; x_wconf 89' lang='lat' dir='ltr'><strong>muller</strong></span> <span class='ocrx_word' id='word_1_52' title='bbox 408 1077 503 1134; x_wconf 81' lang='lat' dir='ltr'>absens</span> <span class='ocrx_word' id='word_1_53' title='bbox 515 1076 628 1133; x_wconf 85' lang='lat' dir='ltr'><strong>liberum</strong></span> <span class='ocrx_word' id='word_1_54' title='bbox 641 1095 701 1134; x_wconf 90' lang='lat' dir='ltr'><strong>esse</strong></span> <span class='ocrx_word' id='word_1_55' title='bbox 713 1079 831 1150; x_wconf 85' lang='lat' dir='ltr'><strong>iusserit,</strong></span> <span class='ocrx_word' id='word_1_56' title='bbox 844 1095 912 1152; x_wconf 87' lang='lat' dir='ltr'><strong>quae</strong></span> <span class='ocrx_word' id='word_1_57' title='bbox 924 1080 965 1134; x_wconf 89' lang='lat' dir='ltr'><strong>ius</strong></span> <span class='ocrx_word' id='word_1_58' title='bbox 977 1077 1123 1137; x_wconf 88' lang='lat' dir='ltr'><strong>liberorum</strong></span> 
     </span>
     <span class='ocr_line' id='line_1_8' title="bbox 173 1157 1123 1237; baseline -0.001 -16"><span class='ocrx_word' id='word_1_59' title='bbox 173 1163 359 1233; x_wconf 72' lang='lat' dir='ltr'><strong>conhiben,</strong></span> <span class='ocrx_word' id='word_1_60' title='bbox 381 1163 533 1237; x_wconf 84' lang='lat' dir='ltr'><strong>quaesitum</strong></span> <span class='ocrx_word' id='word_1_61' title='bbox 553 1168 609 1234; x_wconf 86' lang='lat' dir='ltr'><strong>est,</strong></span> <span class='ocrx_word' id='word_1_62' title='bbox 630 1161 672 1218; x_wconf 88' lang='lat' dir='ltr'><strong>&#39;an</strong></span> <span class='ocrx_word' id='word_1_63' title='bbox 691 1160 814 1217; x_wconf 88' lang='lat' dir='ltr'><strong>Latinum</strong></span> <span class='ocrx_word' id='word_1_64' title='bbox 836 1157 932 1218; x_wconf 82' lang='lat' dir='ltr'><strong>iuciat⁵</strong></span> <span class='ocrx_word' id='word_1_65' title='bbox 952 1170 1044 1219; x_wconf 91' lang='lat' dir='ltr'><strong>tutore</strong></span> <span class='ocrx_word' id='word_1_66' title='bbox 1065 1165 1123 1220; x_wconf 90' lang='lat' dir='ltr'><strong>eius</strong></span> 
     </span>
     <span class='ocr_line' id='line_1_9' title="bbox 174 1244 1124 1319; baseline -0.002 -13"><span class='ocrx_word' id='word_1_67' title='bbox 174 1249 363 1306; x_wconf 82' lang='lat' dir='ltr'><strong>auctoritatem</strong></span> <span class='ocrx_word' id='word_1_68' title='bbox 378 1244 595 1302; x_wconf 74' lang='lat' dir='ltr'><strong>accommodante</strong></span> <span class='ocrx_word' id='word_1_69' title='bbox 611 1261 643 1301; x_wconf 93' lang='lat' dir='ltr'><strong>eo</strong></span> <span class='ocrx_word' id='word_1_70' title='bbox 659 1253 791 1319; x_wconf 87' lang='lat' dir='ltr'><strong>tempore,</strong></span> <span class='ocrx_word' id='word_1_71' title='bbox 802 1262 857 1319; x_wconf 94' lang='lat' dir='ltr'><strong>quo</strong></span> <span class='ocrx_word' id='word_1_72' title='bbox 869 1245 984 1318; x_wconf 82' lang='lat' dir='ltr'><strong>epistola</strong></span> <span class='ocrx_word' id='word_1_73' title='bbox 996 1245 1124 1304; x_wconf 81' lang='lat' dir='ltr'><strong>scribitur</strong></span> 
     </span>
     <span class='ocr_line' id='line_1_10' title="bbox 174 1327 1123 1404; baseline -0.002 -14"><span class='ocrx_word' id='word_1_74' title='bbox 174 1347 254 1390; x_wconf 90' lang='lat' dir='ltr'><strong>seruo</strong></span> <span class='ocrx_word' id='word_1_75' title='bbox 270 1346 285 1386; x_wconf 91' lang='lat' dir='ltr'><strong>a</strong></span> <span class='ocrx_word' id='word_1_76' title='bbox 299 1329 422 1386; x_wconf 84' lang='lat' dir='ltr'><strong>domlnai</strong></span> <span class='ocrx_word' id='word_1_77' title='bbox 450 1327 568 1385; x_wconf 89' lang='lat' dir='ltr'><strong>lulianus</strong></span> <span class='ocrx_word' id='word_1_78' title='bbox 584 1337 681 1403; x_wconf 65' lang='lat' dir='ltr'><strong>aegon</strong></span> <span class='ocrx_word' id='word_1_79' title='bbox 702 1330 835 1385; x_wconf 84' lang='lat' dir='ltr'><strong>existimat</strong></span> <span class='ocrx_word' id='word_1_80' title='bbox 850 1332 935 1399; x_wconf 87' lang='lat' dir='ltr'><strong>enlm,</strong></span> <span class='ocrx_word' id='word_1_81' title='bbox 952 1346 985 1386; x_wconf 87' lang='lat' dir='ltr'><strong>eo</strong></span> <span class='ocrx_word' id='word_1_82' title='bbox 1000 1340 1123 1404; x_wconf 87' lang='lat' dir='ltr'><strong>tempore</strong></span> 
     </span>
     <span class='ocr_line' id='line_1_11' title="bbox 173 1415 1124 1486; baseline -0.002 -13"><span class='ocrx_word' id='word_1_83' title='bbox 173 1415 272 1473; x_wconf 87' lang='lat' dir='ltr'><strong>debere</strong></span> <span class='ocrx_word' id='word_1_84' title='bbox 287 1415 475 1469; x_wconf 88' lang='lat' dir='ltr'><strong>auctoritatem</strong></span> <span class='ocrx_word' id='word_1_85' title='bbox 489 1415 629 1485; x_wconf 84' lang='lat' dir='ltr'><strong>praestari,</strong></span> <span class='ocrx_word' id='word_1_86' title='bbox 641 1429 695 1486; x_wconf 88' lang='lat' dir='ltr'><strong>quo</strong></span> <span class='ocrx_word' id='word_1_87' title='bbox 707 1425 846 1486; x_wconf 76' lang='lat' dir='ltr'><strong>peragitur</strong></span> <span class='ocrx_word' id='word_1_88' title='bbox 857 1415 1044 1482; x_wconf 82' lang='lat' dir='ltr'><strong>ruanumissio3</strong></span> <span class='ocrx_word' id='word_1_89' title='bbox 1059 1422 1124 1472; x_wconf 88' lang='lat' dir='ltr'><strong>tune</strong></span> 
     </span>
     <span class='ocr_line' id='line_1_12' title="bbox 173 1488 1123 1574; baseline -0.003 -18"><span class='ocrx_word' id='word_1_90' title='bbox 173 1507 262 1557; x_wconf 88' lang='lat' dir='ltr'><strong>autem</strong></span> <span class='ocrx_word' id='word_1_91' title='bbox 274 1498 365 1574; x_wconf 81' lang='lat' dir='ltr'><strong>peragi</strong></span> <span class='ocrx_word' id='word_1_92' title='bbox 380 1488 526 1569; x_wconf 74' lang='lat' dir='ltr'><strong>intellegi‚⁰</strong></span> <span class='ocrx_word' id='word_1_93' title='bbox 537 1512 596 1552; x_wconf 89' lang='lat' dir='ltr'><strong>cum</strong></span> <span class='ocrx_word' id='word_1_94' title='bbox 609 1512 706 1553; x_wconf 89' lang='lat' dir='ltr'><strong>seruus</strong></span> <span class='ocrx_word' id='word_1_95' title='bbox 717 1498 879 1570; x_wconf 81' lang='lat' dir='ltr'><strong>cognouerit</strong></span> <span class='ocrx_word' id='word_1_96' title='bbox 890 1496 1012 1552; x_wconf 86' lang='lat' dir='ltr'><strong>dornlnae</strong></span> <span class='ocrx_word' id='word_1_97' title='bbox 1024 1497 1123 1553; x_wconf 91' lang='lat' dir='ltr'><strong>uolun-</strong></span> 
     </span>
     <span class='ocr_line' id='line_1_13' title="bbox 173 1579 1123 1653; baseline -0.003 -13"><span class='ocrx_word' id='word_1_98' title='bbox 173 1591 265 1640; x_wconf 88' lang='lat' dir='ltr'><strong>tatem.</strong></span> <span class='ocrx_word' id='word_1_99' title='bbox 303 1581 356 1638; x_wconf 87' lang='lat' dir='ltr'><strong>Sed</strong></span> <span class='ocrx_word' id='word_1_100' title='bbox 375 1580 499 1636; x_wconf 74' lang='lat' dir='ltr'><strong>Neratius</strong></span> <span class='ocrx_word' id='word_1_101' title='bbox 520 1579 626 1636; x_wconf 81' lang='lat' dir='ltr'><strong>Priscus</strong></span> <span class='ocrx_word' id='word_1_102' title='bbox 646 1579 758 1653; x_wconf 85' lang='lat' dir='ltr'><strong>probat,</strong></span> <span class='ocrx_word' id='word_1_103' title='bbox 779 1580 931 1636; x_wconf 87' lang='lat' dir='ltr'><strong>libertatem</strong></span> <span class='ocrx_word' id='word_1_104' title='bbox 953 1596 1033 1636; x_wconf 89' lang='lat' dir='ltr'><strong>seruo</strong></span> <span class='ocrx_word' id='word_1_105' title='bbox 1048 1597 1123 1637; x_wconf 89' lang='lat' dir='ltr'><strong>com·</strong></span> 
     </span>
     <span class='ocr_line' id='line_1_14' title="bbox 172 1661 1123 1741; baseline -0.002 -18"><span class='ocrx_word' id='word_1_106' title='bbox 172 1675 282 1741; x_wconf 80' lang='lat' dir='ltr'><strong>petere3</strong></span> <span class='ocrx_word' id='word_1_107' title='bbox 311 1661 436 1720; x_wconf 88' lang='lat' dir='ltr'><strong>sullicere</strong></span> <span class='ocrx_word' id='word_1_108' title='bbox 458 1664 545 1734; x_wconf 85' lang='lat' dir='ltr'><strong>eninr,</strong></span> <span class='ocrx_word' id='word_1_109' title='bbox 574 1662 681 1736; x_wconf 89' lang='lat' dir='ltr'><strong>quando</strong></span> <span class='ocrx_word' id='word_1_110' title='bbox 703 1663 817 1736; x_wconf 84' lang='lat' dir='ltr'><strong>epistola</strong></span> <span class='ocrx_word' id='word_1_111' title='bbox 838 1663 978 1735; x_wconf 85' lang='lat' dir='ltr'><strong>scribitur,</strong></span> <span class='ocrx_word' id='word_1_112' title='bbox 1002 1662 1123 1721; x_wconf 84' lang='lat' dir='ltr'><strong>adhiberi</strong></span> 
     </span>
     <span class='ocr_line' id='line_1_15' title="bbox 173 1746 1122 1822; baseline -0.002 -16"><span class='ocrx_word' id='word_1_113' title='bbox 173 1750 359 1807; x_wconf 82' lang='lat' dir='ltr'><strong>auctoritatem</strong></span> <span class='ocrx_word' id='word_1_114' title='bbox 376 1747 483 1803; x_wconf 82' lang='lat' dir='ltr'><strong>tutoris.</strong></span> <span class='ocrx_word' id='word_1_115' title='bbox 521 1748 598 1802; x_wconf 91' lang='lat' dir='ltr'><strong>euius</strong></span> <span class='ocrx_word' id='word_1_116' title='bbox 612 1748 746 1802; x_wconf 87' lang='lat' dir='ltr'><strong>sententia</strong></span> <span class='ocrx_word' id='word_1_117' title='bbox 761 1753 788 1803; x_wconf 89' lang='lat' dir='ltr'><strong>et</strong></span> <span class='ocrx_word' id='word_1_118' title='bbox 803 1749 998 1803; x_wconf 88' lang='lat' dir='ltr'><strong>constitutione</strong></span> <span class='ocrx_word' id='word_1_119' title='bbox 1012 1746 1122 1822; x_wconf 76' lang='lat' dir='ltr'><strong>&#39;punci-</strong></span> 
     </span>
     <span class='ocr_line' id='line_1_16' title="bbox 172 1825 479 1908; baseline -0.02 -18"><span class='ocrx_word' id='word_1_120' title='bbox 172 1825 244 1908; x_wconf 77' lang='lat' dir='ltr'><strong>pall⁷</strong></span> <span class='ocrx_word' id='word_1_121' title='bbox 259 1829 413 1889; x_wconf 90' lang='lat' dir='ltr'><strong>oonlirmata</strong></span> <span class='ocrx_word' id='word_1_122' title='bbox 428 1838 479 1885; x_wconf 89' lang='lat' dir='ltr'><strong>est.</strong></span> 
     </span>
    </p>

    <p class='ocr_par' dir='ltr' id='par_1_5' title="bbox 174 1912 1123 2075">
     <span class='ocr_line' id='line_1_17' title="bbox 235 1912 1123 1986; baseline -0.002 -14"><span class='ocrx_word' id='word_1_123' title='bbox 235 1913 281 1973; x_wconf 79' lang='lat'><strong>16.</strong></span> <span class='ocrx_word' id='word_1_124' title='bbox 304 1915 417 1970; x_wconf 90' lang='lat' dir='ltr'><strong>Seruum</strong></span> <span class='ocrx_word' id='word_1_125' title='bbox 432 1913 538 1986; x_wconf 81' lang='lat' dir='ltr'><strong>pigneri</strong></span> <span class='ocrx_word' id='word_1_126' title='bbox 552 1912 643 1968; x_wconf 88' lang='lat' dir='ltr'><strong>datum</strong></span> <span class='ocrx_word' id='word_1_127' title='bbox 658 1912 745 1968; x_wconf 88' lang='lat' dir='ltr'><strong>ciuem</strong></span> <span class='ocrx_word' id='word_1_128' title='bbox 756 1912 904 1970; x_wconf 83' lang='lat' dir='ltr'><strong>Romanum</strong></span> <span class='ocrx_word' id='word_1_129' title='bbox 914 1913 1000 1970; x_wconf 84' lang='lat' dir='ltr'><strong>iacere</strong></span> <span class='ocrx_word' id='word_1_130' title='bbox 1016 1914 1123 1970; x_wconf 85' lang='lat' dir='ltr'><strong>debitor</strong></span> 
     </span>
     <span class='ocr_line' id='line_1_18' title="bbox 174 1988 1123 2075; baseline -0.002 -19"><span class='ocrx_word' id='word_1_131' title='bbox 174 2017 227 2056; x_wconf 89' lang='lat' dir='ltr'><strong>non</strong></span> <span class='ocrx_word' id='word_1_132' title='bbox 253 2005 362 2074; x_wconf 85' lang='lat' dir='ltr'><strong>potest,</strong></span> <span class='ocrx_word' id='word_1_133' title='bbox 384 1988 582 2075; x_wconf 74' lang='lat' dir='ltr'><strong>’(qenernliter</strong></span> <span class='ocrx_word' id='word_1_134' title='bbox 604 1997 754 2070; x_wconf 66' lang='lat' dir='ltr'><strong>coliculum</strong></span> <span class='ocrx_word' id='word_1_135' title='bbox 775 1990 912 2070; x_wconf 80' lang='lat' dir='ltr'><strong>potest)‚⁸</strong></span> <span class='ocrx_word' id='word_1_136' title='bbox 932 1999 982 2053; x_wconf 92' lang='lat' dir='ltr'><strong>nlsl</strong></span> <span class='ocrx_word' id='word_1_137' title='bbox 1005 1999 1029 2055; x_wconf 90' lang='lat' dir='ltr'><strong>sl</strong></span> <span class='ocrx_word' id='word_1_138' title='bbox 1052 1998 1123 2054; x_wconf 90' lang='lat' dir='ltr'><strong>iorte</strong></span> 
     </span>
    </p>
   </div>
   <div class='ocr_carea' id='block_1_4' title="bbox 172 2148 384 2161">
    <p class='ocr_par' dir='ltr' id='par_1_6' title="bbox 172 2148 384 2161">
     <span class='ocr_line' id='line_1_19' title="bbox 172 2148 384 2161; baseline -0.014 0"><span class='ocrx_word' id='word_1_139' title='bbox 172 2148 384 2161; x_wconf 78' lang='lat'>.——-—-——=</span> 
     </span>
    </p>
   </div>
   <div class='ocr_carea' id='block_1_5' title="bbox 168 2242 1123 3906">
    <p class='ocr_par' dir='ltr' id='par_1_7' title="bbox 170 2242 1123 3152">
     <span class='ocr_line' id='line_1_20' title="bbox 172 2242 1123 2307; baseline 0.001 -12"><span class='ocrx_word' id='word_1_140' title='bbox 172 2248 256 2296; x_wconf 87' lang='lat' dir='ltr'><strong>minor</strong></span> <span class='ocrx_word' id='word_1_141' title='bbox 270 2258 349 2293; x_wconf 90' lang='lat' dir='ltr'><strong>causa</strong></span> <span class='ocrx_word' id='word_1_142' title='bbox 363 2243 434 2307; x_wconf 80' lang='lat' dir='ltr'><strong>apud</strong></span> <span class='ocrx_word' id='word_1_143' title='bbox 447 2244 581 2292; x_wconf 87' lang='lat' dir='ltr'><strong>consilium</strong></span> <span class='ocrx_word' id='word_1_144' title='bbox 595 2242 708 2306; x_wconf 79' lang='lat' dir='ltr'><strong>probola</strong></span> <span class='ocrx_word' id='word_1_145' title='bbox 721 2245 890 2293; x_wconf 80' lang='lat' dir='ltr'><strong>manumissus</strong></span> <span class='ocrx_word' id='word_1_146' title='bbox 906 2246 948 2294; x_wconf 81' lang='lat' dir='ltr'><strong>sit.</strong></span> <span class='ocrx_word' id='word_1_147' title='bbox 976 2243 1029 2294; x_wconf 86' lang='lat' dir='ltr'><strong>Sed</strong></span> <span class='ocrx_word' id='word_1_148' title='bbox 1046 2246 1074 2293; x_wconf 91' lang='lat' dir='ltr'><strong>in</strong></span> <span class='ocrx_word' id='word_1_149' title='bbox 1093 2260 1123 2297; x_wconf 87' lang='lat' dir='ltr'><strong>eo</strong></span> 
     </span>
     <span class='ocr_line' id='line_1_21' title="bbox 172 2314 1123 2380; baseline -0.001 -15"><span class='ocrx_word' id='word_1_150' title='bbox 172 2330 252 2365; x_wconf 83' lang='lat' dir='ltr'><strong>causa</strong></span> <span class='ocrx_word' id='word_1_151' title='bbox 267 2329 317 2363; x_wconf 91' lang='lat' dir='ltr'><strong>non</strong></span> <span class='ocrx_word' id='word_1_152' title='bbox 327 2314 440 2377; x_wconf 76' lang='lat' dir='ltr'><strong>probata</strong></span> <span class='ocrx_word' id='word_1_153' title='bbox 454 2329 505 2361; x_wconf 90' lang='lat' dir='ltr'><strong>una</strong></span> <span class='ocrx_word' id='word_1_154' title='bbox 519 2320 578 2363; x_wconf 81' lang='lat' dir='ltr'><strong>erat</strong></span> <span class='ocrx_word' id='word_1_155' title='bbox 590 2329 677 2362; x_wconf 88' lang='lat' dir='ltr'><strong>earum</strong></span> <span class='ocrx_word' id='word_1_156' title='bbox 691 2328 841 2374; x_wconf 89' lang='lat' dir='ltr'><strong>causarum,</strong></span> <span class='ocrx_word' id='word_1_157' title='bbox 859 2314 998 2380; x_wconf 79' lang='lat' dir='ltr'><strong>exquibus</strong></span> <span class='ocrx_word' id='word_1_158' title='bbox 1011 2324 1123 2379; x_wconf 85' lang='lat' dir='ltr'><strong>praetor</strong></span> 
     </span>
     <span class='ocr_line' id='line_1_22' title="bbox 172 2383 1122 2449; baseline 0.001 -15"><span class='ocrx_word' id='word_1_159' title='bbox 172 2384 313 2434; x_wconf 83' lang='lat' dir='ltr'><strong>libertatem</strong></span> <span class='ocrx_word' id='word_1_160' title='bbox 327 2399 378 2434; x_wconf 92' lang='lat' dir='ltr'><strong>non</strong></span> <span class='ocrx_word' id='word_1_161' title='bbox 392 2383 523 2443; x_wconf 86' lang='lat' dir='ltr'><strong>tuebatur,</strong></span> <span class='ocrx_word' id='word_1_162' title='bbox 541 2384 573 2433; x_wconf 84' lang='lat' dir='ltr'><strong>de</strong></span> <span class='ocrx_word' id='word_1_163' title='bbox 587 2383 678 2447; x_wconf 81' lang='lat' dir='ltr'><strong>quibua</strong></span> <span class='ocrx_word' id='word_1_164' title='bbox 691 2386 778 2434; x_wconf 85' lang='lat' dir='ltr'><strong>causis</strong></span> <span class='ocrx_word' id='word_1_165' title='bbox 792 2391 884 2434; x_wconf 86' lang='lat' dir='ltr'><strong>auctor</strong></span> <span class='ocrx_word' id='word_1_166' title='bbox 900 2393 992 2448; x_wconf 81' lang='lat' dir='ltr'><strong>postea</strong></span> <span class='ocrx_word' id='word_1_167' title='bbox 1006 2386 1122 2449; x_wconf 85' lang='lat' dir='ltr'><strong>disputa·</strong></span> 
     </span>
     <span class='ocr_line' id='line_1_23' title="bbox 172 2445 1121 2521; baseline 0 -16"><span class='ocrx_word' id='word_1_168' title='bbox 172 2463 247 2505; x_wconf 82' lang='lat' dir='ltr'><strong>turus</strong></span> <span class='ocrx_word' id='word_1_169' title='bbox 260 2461 317 2504; x_wconf 72' lang='lat' dir='ltr'><strong>mat</strong></span> <span class='ocrx_word' id='word_1_170' title='bbox 330 2452 365 2519; x_wconf 69' lang='grc'><strong>(5.</strong></span> <span class='ocrx_word' id='word_1_171' title='bbox 380 2451 411 2520; x_wconf 83' lang='grc'><strong>8).</strong></span> <span class='ocrx_word' id='word_1_172' title='bbox 470 2451 489 2519; x_wconf 86' lang='lat'><strong>¹)</strong></span> <span class='ocrx_word' id='word_1_173' title='bbox 502 2471 535 2520; x_wconf 83' lang='grc' dir='ltr'><strong>τη</strong></span> <span class='ocrx_word' id='word_1_174' title='bbox 550 2454 700 2521; x_wconf 61' lang='lat' dir='ltr'><strong>erroreum</strong></span> <span class='ocrx_word' id='word_1_175' title='bbox 719 2455 749 2504; x_wconf 89' lang='lat' dir='ltr'><strong>V.</strong></span> <span class='ocrx_word' id='word_1_176' title='bbox 769 2445 920 2519; x_wconf 75' lang='grc' dir='ltr'><strong><em>ἐλευθερία</em></strong></span> <span class='ocrx_word' id='word_1_177' title='bbox 934 2454 960 2505; x_wconf 85' lang='lat' dir='ltr'><strong>S.</strong></span> <span class='ocrx_word' id='word_1_178' title='bbox 976 2477 1010 2498; x_wconf 77' lang='grc' dir='ltr'><strong>ι-</strong></span> <span class='ocrx_word' id='word_1_179' title='bbox 1023 2456 1121 2505; x_wconf 86' lang='lat' dir='ltr'><strong>libertas</strong></span> 
     </span>
     <span class='ocr_line' id='line_1_24' title="bbox 171 2516 1121 2591; baseline 0.001 -16"><span class='ocrx_word' id='word_1_180' title='bbox 171 2525 199 2575; x_wconf 86' lang='lat' dir='ltr'><strong>S.</strong></span> <span class='ocrx_word' id='word_1_181' title='bbox 209 2525 267 2577; x_wconf 83' lang='lat' dir='ltr'><strong>edd.</strong></span> <span class='ocrx_word' id='word_1_182' title='bbox 290 2523 343 2574; x_wconf 85' lang='lat' dir='ltr'><strong>Sed</strong></span> <span class='ocrx_word' id='word_1_183' title='bbox 356 2532 505 2588; x_wconf 72' lang='lat' dir='ltr'><strong>comuptum</strong></span> <span class='ocrx_word' id='word_1_184' title='bbox 519 2525 585 2574; x_wconf 85' lang='lat' dir='ltr'><strong>illud</strong></span> <span class='ocrx_word' id='word_1_185' title='bbox 597 2531 634 2574; x_wconf 85' lang='lat' dir='ltr'><strong>est</strong></span> <span class='ocrx_word' id='word_1_186' title='bbox 644 2540 679 2575; x_wconf 80' lang='lat' dir='ltr'><strong>ex</strong></span> <span class='ocrx_word' id='word_1_187' title='bbox 691 2517 714 2576; x_wconf 78' lang='grc' dir='ltr'><strong>λ’</strong></span> <span class='ocrx_word' id='word_1_188' title='bbox 725 2516 796 2576; x_wconf 74' lang='grc' dir='ltr'><strong>ἐτῶν</strong></span> <span class='ocrx_word' id='word_1_189' title='bbox 810 2517 913 2591; x_wconf 74' lang='grc' dir='ltr'><strong><em>ἡλικία,</em></strong></span> <span class='ocrx_word' id='word_1_190' title='bbox 924 2534 1059 2591; x_wconf 81' lang='lat' dir='ltr'><strong>postquam</strong></span> <span class='ocrx_word' id='word_1_191' title='bbox 1069 2541 1121 2589; x_wconf 86' lang='lat' dir='ltr'><strong>pro</strong></span> 
     </span>
     <span class='ocr_line' id='line_1_25' title="bbox 171 2595 1122 2661; baseline 0 -15"><span class='ocrx_word' id='word_1_192' title='bbox 171 2604 237 2646; x_wconf 84' lang='lat' dir='ltr'><strong>setes</strong></span> <span class='ocrx_word' id='word_1_193' title='bbox 255 2597 380 2660; x_wconf 80' lang='lat' dir='ltr'><strong>scriptum</strong></span> <span class='ocrx_word' id='word_1_194' title='bbox 398 2604 456 2645; x_wconf 85' lang='lat' dir='ltr'><strong>erar</strong></span> <span class='ocrx_word' id='word_1_195' title='bbox 474 2596 552 2644; x_wconf 80' lang='lat' dir='ltr'><strong>libius.</strong></span> <span class='ocrx_word' id='word_1_196' title='bbox 587 2595 646 2645; x_wconf 85' lang='lat' dir='ltr'><strong>Nisi</strong></span> <span class='ocrx_word' id='word_1_197' title='bbox 660 2596 732 2659; x_wconf 77' lang='lat' dir='ltr'><strong>sorte</strong></span> <span class='ocrx_word' id='word_1_198' title='bbox 749 2597 807 2645; x_wconf 88' lang='lat' dir='ltr'><strong>citii</strong></span> <span class='ocrx_word' id='word_1_199' title='bbox 824 2597 950 2661; x_wconf 65' lang='lat' dir='ltr'><strong>originem</strong></span> <span class='ocrx_word' id='word_1_200' title='bbox 971 2599 998 2645; x_wconf 90' lang='lat' dir='ltr'><strong>in</strong></span> <span class='ocrx_word' id='word_1_201' title='bbox 1015 2596 1122 2646; x_wconf 79' lang='lat' dir='ltr'><strong>Graecia</strong></span> 
     </span>
     <span class='ocr_line' id='line_1_26' title="bbox 172 2659 1121 2735; baseline 0 -19"><span class='ocrx_word' id='word_1_202' title='bbox 172 2681 298 2732; x_wconf 84' lang='lat' dir='ltr'><strong>quaerens</strong></span> <span class='ocrx_word' id='word_1_203' title='bbox 311 2667 447 2716; x_wconf 85' lang='lat' dir='ltr'><strong>emendare</strong></span> <span class='ocrx_word' id='word_1_204' title='bbox 466 2668 559 2716; x_wconf 82' lang='lat' dir='ltr'><strong>macie:</strong></span> <span class='ocrx_word' id='word_1_205' title='bbox 576 2659 597 2716; x_wconf 74' lang='grc' dir='ltr'><strong>λ’</strong></span> <span class='ocrx_word' id='word_1_206' title='bbox 614 2681 661 2730; x_wconf 82' lang='lat' dir='ltr'><strong>een</strong></span> <span class='ocrx_word' id='word_1_207' title='bbox 676 2665 818 2735; x_wconf 70' lang='lat' dir='ltr'><strong>sicciscos</strong></span> <span class='ocrx_word' id='word_1_208' title='bbox 833 2686 867 2708; x_wconf 86' lang='lat'>=</span> <span class='ocrx_word' id='word_1_209' title='bbox 881 2664 982 2732; x_wconf 85' lang='lat' dir='ltr'><strong>(tautum</strong></span> <span class='ocrx_word' id='word_1_210' title='bbox 996 2666 1052 2731; x_wconf 87' lang='lat' dir='ltr'><strong>hoe)</strong></span> <span class='ocrx_word' id='word_1_211' title='bbox 1066 2681 1121 2730; x_wconf 79' lang='lat' dir='ltr'><strong>nro·</strong></span> 
     </span>
     <span class='ocr_line' id='line_1_27' title="bbox 171 2735 1121 2800; baseline -0.003 -13"><span class='ocrx_word' id='word_1_212' title='bbox 171 2744 227 2787; x_wconf 85' lang='lat' dir='ltr'><strong>sunt</strong></span> <span class='ocrx_word' id='word_1_213' title='bbox 240 2753 294 2789; x_wconf 84' lang='lat' dir='ltr'><strong>m</strong></span> <span class='ocrx_word' id='word_1_214' title='bbox 308 2739 362 2786; x_wconf 84' lang='lat' dir='ltr'><strong>enni</strong></span> <span class='ocrx_word' id='word_1_215' title='bbox 378 2738 471 2787; x_wconf 85' lang='lat' dir='ltr'><strong>liberto.</strong></span> <span class='ocrx_word' id='word_1_216' title='bbox 503 2735 609 2787; x_wconf 83' lang='lat' dir='ltr'><strong>Omnino</strong></span> <span class='ocrx_word' id='word_1_217' title='bbox 623 2737 657 2800; x_wconf 79' lang='lat' dir='ltr'><strong>cs.</strong></span> <span class='ocrx_word' id='word_1_218' title='bbox 673 2738 696 2798; x_wconf 69' lang='grc'><strong>5.</strong></span> <span class='ocrx_word' id='word_1_219' title='bbox 712 2748 745 2787; x_wconf 84' lang='lat' dir='ltr'><strong>tt.</strong></span> <span class='ocrx_word' id='word_1_220' title='bbox 773 2736 818 2786; x_wconf 82' lang='lat' dir='ltr'><strong>lroe</strong></span> <span class='ocrx_word' id='word_1_221' title='bbox 833 2736 855 2784; x_wconf 89' lang='lat' dir='ltr'><strong>el</strong></span> <span class='ocrx_word' id='word_1_222' title='bbox 869 2737 979 2799; x_wconf 85' lang='lat' dir='ltr'><strong>procedit</strong></span> <span class='ocrx_word' id='word_1_223' title='bbox 992 2737 1121 2785; x_wconf 90' lang='lat' dir='ltr'><strong>manumis-</strong></span> 
     </span>
     <span class='ocr_line' id='line_1_28' title="bbox 171 2806 1121 2872; baseline -0.002 -15"><span class='ocrx_word' id='word_1_224' title='bbox 171 2809 239 2857; x_wconf 87' lang='lat' dir='ltr'><strong>sione</strong></span> <span class='ocrx_word' id='word_1_225' title='bbox 253 2807 359 2857; x_wconf 81' lang='lat' dir='ltr'><strong>Lacdm.</strong></span> <span class='ocrx_word' id='word_1_226' title='bbox 374 2807 421 2857; x_wconf 85' lang='lat' dir='ltr'><strong>sed</strong></span> <span class='ocrx_word' id='word_1_227' title='bbox 433 2806 571 2857; x_wconf 84' lang='lat' dir='ltr'><strong>absurdum</strong></span> <span class='ocrx_word' id='word_1_228' title='bbox 585 2814 624 2856; x_wconf 87' lang='lat' dir='ltr'><strong>est</strong></span> <span class='ocrx_word' id='word_1_229' title='bbox 636 2807 733 2865; x_wconf 85' lang='lat' dir='ltr'><strong>dicere,</strong></span> <span class='ocrx_word' id='word_1_230' title='bbox 746 2808 974 2865; x_wconf 80' lang='lat' dir='ltr'><strong>manumissionem,</strong></span> <span class='ocrx_word' id='word_1_231' title='bbox 989 2822 1054 2872; x_wconf 80' lang='lat' dir='ltr'><strong>quae</strong></span> <span class='ocrx_word' id='word_1_232' title='bbox 1068 2806 1121 2855; x_wconf 86' lang='lat' dir='ltr'><strong>La·</strong></span> 
     </span>
     <span class='ocr_line' id='line_1_29' title="bbox 171 2876 1122 2941; baseline -0.002 -14"><span class='ocrx_word' id='word_1_233' title='bbox 171 2880 252 2927; x_wconf 90' lang='lat' dir='ltr'><strong>tinum</strong></span> <span class='ocrx_word' id='word_1_234' title='bbox 267 2878 348 2941; x_wconf 76' lang='lat' dir='ltr'><strong>facit,</strong></span> <span class='ocrx_word' id='word_1_235' title='bbox 370 2879 435 2927; x_wconf 80' lang='lat' dir='ltr'><strong>ninii</strong></span> <span class='ocrx_word' id='word_1_236' title='bbox 456 2879 566 2940; x_wconf 83' lang='lat' dir='ltr'><strong>amplius</strong></span> <span class='ocrx_word' id='word_1_237' title='bbox 585 2877 702 2940; x_wconf 75' lang='lat' dir='ltr'><strong>efficere,</strong></span> <span class='ocrx_word' id='word_1_238' title='bbox 723 2892 798 2941; x_wconf 83' lang='lat' dir='ltr'><strong>quam</strong></span> <span class='ocrx_word' id='word_1_239' title='bbox 817 2883 844 2926; x_wconf 83' lang='lat' dir='ltr'><strong>ul</strong></span> <span class='ocrx_word' id='word_1_240' title='bbox 864 2877 930 2926; x_wconf 81' lang='lat' dir='ltr'><strong>idem</strong></span> <span class='ocrx_word' id='word_1_241' title='bbox 949 2876 1068 2926; x_wconf 85' lang='lat' dir='ltr'><strong>iterando</strong></span> <span class='ocrx_word' id='word_1_242' title='bbox 1087 2876 1122 2925; x_wconf 84' lang='lat' dir='ltr'><strong>ad</strong></span> 
     </span>
     <span class='ocr_line' id='line_1_30' title="bbox 171 2946 1121 3010; baseline -0.004 -12"><span class='ocrx_word' id='word_1_243' title='bbox 171 2950 299 2998; x_wconf 79' lang='lat' dir='ltr'><strong>ciuitatem</strong></span> <span class='ocrx_word' id='word_1_244' title='bbox 320 2947 460 2997; x_wconf 80' lang='lat' dir='ltr'><strong>Rauranum</strong></span> <span class='ocrx_word' id='word_1_245' title='bbox 476 2947 590 3010; x_wconf 82' lang='lat' dir='ltr'><strong>perduci</strong></span> <span class='ocrx_word' id='word_1_246' title='bbox 607 2949 698 3009; x_wconf 68' lang='lat' dir='ltr'><strong>poeni.</strong></span> <span class='ocrx_word' id='word_1_247' title='bbox 738 2947 835 2996; x_wconf 89' lang='lat' dir='ltr'><strong>Verum</strong></span> <span class='ocrx_word' id='word_1_248' title='bbox 853 2962 953 2996; x_wconf 89' lang='lat' dir='ltr'><strong>sensum</strong></span> <span class='ocrx_word' id='word_1_249' title='bbox 973 2946 1121 2995; x_wconf 82' lang='lat' dir='ltr'><strong>ernendalne</strong></span> 
     </span>
     <span class='ocr_line' id='line_1_31' title="bbox 171 3012 1120 3083; baseline -0.003 -17"><span class='ocrx_word' id='word_1_250' title='bbox 171 3018 289 3066; x_wconf 80' lang='lat' dir='ltr'><strong>iectionis</strong></span> <span class='ocrx_word' id='word_1_251' title='bbox 302 3017 394 3067; x_wconf 82' lang='lat' dir='ltr'><strong>docent</strong></span> <span class='ocrx_word' id='word_1_252' title='bbox 412 3016 467 3079; x_wconf 75' lang='lat' dir='ltr'><strong>a‘rp.</strong></span> <span class='ocrx_word' id='word_1_253' title='bbox 482 3028 508 3074; x_wconf 82' lang='lat' dir='ltr'><strong>s,</strong></span> <span class='ocrx_word' id='word_1_254' title='bbox 522 3029 543 3067; x_wconf 77' lang='grc'><strong>4.</strong></span> <span class='ocrx_word' id='word_1_255' title='bbox 574 3015 630 3065; x_wconf 83' lang='lat' dir='ltr'><strong>Gai.</strong></span> <span class='ocrx_word' id='word_1_256' title='bbox 646 3028 765 3073; x_wconf 83' lang='lat' dir='ltr'><strong>1,1t.1s.</strong></span> <span class='ocrx_word' id='word_1_257' title='bbox 831 3012 932 3083; x_wconf 68' lang='lat' dir='ltr'><strong>&#39;ludu</strong></span> <span class='ocrx_word' id='word_1_258' title='bbox 950 3017 1033 3065; x_wconf 88' lang='lat' dir='ltr'><strong>minus</strong></span> <span class='ocrx_word' id='word_1_259' title='bbox 1050 3022 1120 3064; x_wconf 86' lang='lat' dir='ltr'><strong>recte</strong></span> 
     </span>
     <span class='ocr_line' id='line_1_32' title="bbox 170 3082 1060 3152; baseline -0.006 -16"><span class='ocrx_word' id='word_1_260' title='bbox 170 3101 218 3136; x_wconf 90' lang='lat' dir='ltr'><strong>om.</strong></span> <span class='ocrx_word' id='word_1_261' title='bbox 233 3086 294 3135; x_wconf 86' lang='lat' dir='ltr'><strong>inter</strong></span> <span class='ocrx_word' id='word_1_262' title='bbox 308 3088 405 3136; x_wconf 86' lang='lat' dir='ltr'><strong>emicos.</strong></span> <span class='ocrx_word' id='word_1_263' title='bbox 456 3082 478 3151; x_wconf 78' lang='lat'><strong>⁸)</strong></span> <span class='ocrx_word' id='word_1_264' title='bbox 492 3086 628 3148; x_wconf 80' lang='lat' dir='ltr'><strong>Suppleui:</strong></span> <span class='ocrx_word' id='word_1_265' title='bbox 641 3089 758 3136; x_wconf 87' lang='lat' dir='ltr'><strong>omissam</strong></span> <span class='ocrx_word' id='word_1_266' title='bbox 772 3086 803 3137; x_wconf 84' lang='lat' dir='ltr'><strong>od</strong></span> <span class='ocrx_word' id='word_1_267' title='bbox 817 3099 924 3152; x_wconf 81' lang='lat' dir='ltr'><strong>sequens</strong></span> <span class='ocrx_word' id='word_1_268' title='bbox 936 3083 1060 3134; x_wconf 67' lang='lat' dir='ltr'><strong>uindicta.</strong></span> 
     </span>
    </p>

    <p class='ocr_par' dir='ltr' id='par_1_8' title="bbox 168 3152 1123 3906">
     <span class='ocr_line' id='line_1_33' title="bbox 171 3152 1119 3220; baseline 0.005 -17"><span class='ocrx_word' id='word_1_269' title='bbox 171 3152 194 3220; x_wconf 76' lang='lat'><strong>⁴)</strong></span> <span class='ocrx_word' id='word_1_270' title='bbox 212 3154 341 3218; x_wconf 81' lang='lat' dir='ltr'><strong>Suppleai.</strong></span> <span class='ocrx_word' id='word_1_271' title='bbox 415 3153 436 3219; x_wconf 78' lang='lat'><strong>⁵)</strong></span> <span class='ocrx_word' id='word_1_272' title='bbox 456 3155 519 3205; x_wconf 79' lang='lat' dir='ltr'><strong>Post</strong></span> <span class='ocrx_word' id='word_1_273' title='bbox 536 3155 665 3220; x_wconf 77' lang='grc' dir='ltr'><strong><em>εζητηται</em></strong></span> <span class='ocrx_word' id='word_1_274' title='bbox 688 3157 718 3206; x_wconf 86' lang='lat' dir='ltr'><strong>V.</strong></span> <span class='ocrx_word' id='word_1_275' title='bbox 741 3156 817 3208; x_wconf 75' lang='lat' dir='ltr'><strong>nabet</strong></span> <span class='ocrx_word' id='word_1_276' title='bbox 832 3170 915 3208; x_wconf 78' lang='lat' dir='ltr'><strong>sacto</strong></span> <span class='ocrx_word' id='word_1_277' title='bbox 931 3170 949 3220; x_wconf 86' lang='grc' dir='ltr'><strong><em>η</em></strong></span> <span class='ocrx_word' id='word_1_278' title='bbox 968 3174 1002 3196; x_wconf 81' lang='grc'>-</span> <span class='ocrx_word' id='word_1_279' title='bbox 1020 3153 1066 3202; x_wconf 74' lang='lat'><strong>1100</strong></span> <span class='ocrx_word' id='word_1_280' title='bbox 1080 3167 1119 3202; x_wconf 75' lang='lat'><strong>⁸11·</strong></span> 
     </span>
     <span class='ocr_line' id='line_1_34' title="bbox 169 3221 1120 3293; baseline -0.002 -18"><span class='ocrx_word' id='word_1_281' title='bbox 169 3223 277 3275; x_wconf 77' lang='lat' dir='ltr'><strong>Scilicet</strong></span> <span class='ocrx_word' id='word_1_282' title='bbox 290 3241 404 3291; x_wconf 63' lang='lat' dir='ltr'><strong>eoo-roy</strong></span> <span class='ocrx_word' id='word_1_283' title='bbox 423 3228 545 3274; x_wconf 85' lang='lat' dir='ltr'><strong>remansit</strong></span> <span class='ocrx_word' id='word_1_284' title='bbox 558 3228 597 3273; x_wconf 89' lang='lat' dir='ltr'><strong>nel</strong></span> <span class='ocrx_word' id='word_1_285' title='bbox 608 3226 707 3289; x_wconf 78' lang='lat' dir='ltr'><strong>sactum</strong></span> <span class='ocrx_word' id='word_1_286' title='bbox 726 3234 764 3276; x_wconf 85' lang='lat' dir='ltr'><strong>eet</strong></span> <span class='ocrx_word' id='word_1_287' title='bbox 781 3243 816 3277; x_wconf 77' lang='lat' dir='ltr'><strong>ea·</strong></span> <span class='ocrx_word' id='word_1_288' title='bbox 833 3242 898 3279; x_wconf 60' lang='lat' dir='ltr'><strong>nos</strong></span> <span class='ocrx_word' id='word_1_289' title='bbox 910 3221 988 3293; x_wconf 71' lang='grc' dir='ltr'><strong>ποιῇ,</strong></span> <span class='ocrx_word' id='word_1_290' title='bbox 1001 3224 1120 3275; x_wconf 82' lang='lat' dir='ltr'><strong>esiueer-</strong></span> 
     </span>
     <span class='ocr_line' id='line_1_35' title="bbox 170 3289 1122 3362; baseline 0.001 -18"><span class='ocrx_word' id='word_1_291' title='bbox 170 3309 231 3344; x_wconf 87' lang='lat' dir='ltr'><strong>aero</strong></span> <span class='ocrx_word' id='word_1_292' title='bbox 252 3296 334 3356; x_wconf 82' lang='lat' dir='ltr'><strong>periit</strong></span> <span class='ocrx_word' id='word_1_293' title='bbox 353 3301 463 3357; x_wconf 79' lang='lat' dir='ltr'><strong>propter</strong></span> <span class='ocrx_word' id='word_1_294' title='bbox 485 3295 676 3345; x_wconf 81' lang='lat' dir='ltr'><strong>similitudinem</strong></span> <span class='ocrx_word' id='word_1_295' title='bbox 696 3299 871 3348; x_wconf 81' lang='lat' dir='ltr'><strong>antecedentis</strong></span> <span class='ocrx_word' id='word_1_296' title='bbox 891 3289 1041 3362; x_wconf 52' lang='grc' dir='ltr'><strong>ἐζήτηται.</strong></span> <span class='ocrx_word' id='word_1_297' title='bbox 1075 3292 1122 3345; x_wconf 82' lang='lat' dir='ltr'><strong>Sto</strong></span> 
     </span>
     <span class='ocr_line' id='line_1_36' title="bbox 170 3363 1121 3433; baseline 0.002 -19"><span class='ocrx_word' id='word_1_298' title='bbox 170 3363 334 3414; x_wconf 72' lang='lat' dir='ltr'><strong>Lachmami</strong></span> <span class='ocrx_word' id='word_1_299' title='bbox 346 3367 497 3414; x_wconf 83' lang='lat' dir='ltr'><strong>coniectura</strong></span> <span class='ocrx_word' id='word_1_300' title='bbox 511 3367 684 3428; x_wconf 81' lang='lat' dir='ltr'><strong>confirmatur.</strong></span> <span class='ocrx_word' id='word_1_301' title='bbox 736 3364 757 3433; x_wconf 80' lang='lat'><strong>⁸)</strong></span> <span class='ocrx_word' id='word_1_302' title='bbox 771 3384 878 3420; x_wconf 79' lang='lat' dir='ltr'><strong>vocatas</strong></span> <span class='ocrx_word' id='word_1_303' title='bbox 897 3367 928 3418; x_wconf 86' lang='lat' dir='ltr'><strong>V.</strong></span> <span class='ocrx_word' id='word_1_304' title='bbox 942 3366 970 3416; x_wconf 86' lang='lat' dir='ltr'><strong>S.</strong></span> <span class='ocrx_word' id='word_1_305' title='bbox 981 3381 1033 3431; x_wconf 85' lang='lat' dir='ltr'><strong>pro</strong></span> <span class='ocrx_word' id='word_1_306' title='bbox 1047 3367 1121 3417; x_wconf 80' lang='lat' dir='ltr'><strong>roei-</strong></span> 
     </span>
     <span class='ocr_line' id='line_1_37' title="bbox 170 3433 1121 3502; baseline -0.003 -16"><span class='ocrx_word' id='word_1_307' title='bbox 170 3434 249 3490; x_wconf 78' lang='grc' dir='ltr'><strong><em>σθαι,</em></strong></span> <span class='ocrx_word' id='word_1_308' title='bbox 264 3441 291 3483; x_wconf 84' lang='lat' dir='ltr'><strong>ut</strong></span> <span class='ocrx_word' id='word_1_309' title='bbox 300 3435 365 3484; x_wconf 84' lang='lat' dir='ltr'><strong>cidit</strong></span> <span class='ocrx_word' id='word_1_310' title='bbox 374 3433 510 3499; x_wconf 69' lang='lat' dir='ltr'><strong>Scllilliny.</strong></span> <span class='ocrx_word' id='word_1_311' title='bbox 534 3435 618 3485; x_wconf 83' lang='lat' dir='ltr'><strong>Antea</strong></span> <span class='ocrx_word' id='word_1_312' title='bbox 628 3452 685 3487; x_wconf 89' lang='lat' dir='ltr'><strong>cum</strong></span> <span class='ocrx_word' id='word_1_313' title='bbox 696 3437 783 3488; x_wconf 78' lang='lat' dir='ltr'><strong>Claiac.</strong></span> <span class='ocrx_word' id='word_1_314' title='bbox 794 3454 846 3502; x_wconf 82' lang='lat' dir='ltr'><strong>pro</strong></span> <span class='ocrx_word' id='word_1_315' title='bbox 856 3440 919 3489; x_wconf 91' lang='lat' dir='ltr'><strong>euim</strong></span> <span class='ocrx_word' id='word_1_316' title='bbox 928 3439 1121 3501; x_wconf 76' lang='lat' dir='ltr'><strong>scripeioutem.</strong></span> 
     </span>
     <span class='ocr_line' id='line_1_38' title="bbox 172 3496 1123 3574; baseline 0.003 -22"><span class='ocrx_word' id='word_1_317' title='bbox 172 3501 193 3568; x_wconf 63' lang='grc' dir='ltr'><strong>ἵ)</strong></span> <span class='ocrx_word' id='word_1_318' title='bbox 213 3502 333 3554; x_wconf 85' lang='lat' dir='ltr'><strong>Lidrnrii</strong></span> <span class='ocrx_word' id='word_1_319' title='bbox 351 3496 571 3574; x_wconf 76' lang='grc' dir='ltr'><strong><em>αὖτοκρατορικῇ</em></strong></span> <span class='ocrx_word' id='word_1_320' title='bbox 595 3515 726 3557; x_wconf 82' lang='lat' dir='ltr'><strong>uerterunt</strong></span> <span class='ocrx_word' id='word_1_321' title='bbox 744 3508 906 3571; x_wconf 80' lang='lat' dir='ltr'><strong>imperatoria.</strong></span> <span class='ocrx_word' id='word_1_322' title='bbox 971 3505 992 3573; x_wconf 62' lang='grc' dir='ltr'><strong>Β)</strong></span> <span class='ocrx_word' id='word_1_323' title='bbox 1011 3506 1123 3556; x_wconf 78' lang='lat' dir='ltr'><strong>Addidit</strong></span> 
     </span>
     <span class='ocr_line' id='line_1_39' title="bbox 170 3573 1122 3644; baseline 0.002 -21"><span class='ocrx_word' id='word_1_324' title='bbox 170 3573 309 3639; x_wconf 69' lang='lat' dir='ltr'><strong>Dernbury</strong></span> <span class='ocrx_word' id='word_1_325' title='bbox 329 3575 490 3639; x_wconf 79' lang='lat' dir='ltr'><strong>Psandrecltt</strong></span> <span class='ocrx_word' id='word_1_326' title='bbox 507 3576 544 3625; x_wconf 91' lang='lat' dir='ltr'><strong>II.</strong></span> <span class='ocrx_word' id='word_1_327' title='bbox 560 3592 588 3639; x_wconf 81' lang='lat' dir='ltr'><strong>p.</strong></span> <span class='ocrx_word' id='word_1_328' title='bbox 603 3590 636 3629; x_wconf 76' lang='lat'><strong>14.</strong></span> <span class='ocrx_word' id='word_1_329' title='bbox 656 3578 732 3642; x_wconf 81' lang='lat' dir='ltr'><strong>idque</strong></span> <span class='ocrx_word' id='word_1_330' title='bbox 752 3579 815 3628; x_wconf 75' lang='lat' dir='ltr'><strong>mini</strong></span> <span class='ocrx_word' id='word_1_331' title='bbox 832 3581 914 3644; x_wconf 60' lang='lat' dir='ltr'><strong>manis</strong></span> <span class='ocrx_word' id='word_1_332' title='bbox 928 3580 1029 3642; x_wconf 82' lang='lat' dir='ltr'><strong>placet,</strong></span> <span class='ocrx_word' id='word_1_333' title='bbox 1049 3592 1122 3642; x_wconf 84' lang='lat' dir='ltr'><strong>qnam</strong></span> 
     </span>
     <span class='ocr_line' id='line_1_40' title="bbox 170 3644 1121 3712; baseline 0.001 -18"><span class='ocrx_word' id='word_1_334' title='bbox 170 3644 240 3710; x_wconf 81' lang='lat' dir='ltr'><strong>quod</strong></span> <span class='ocrx_word' id='word_1_335' title='bbox 257 3645 315 3695; x_wconf 80' lang='lat' dir='ltr'><strong>edd.</strong></span> <span class='ocrx_word' id='word_1_336' title='bbox 330 3658 350 3696; x_wconf 89' lang='lat'><strong>1.</strong></span> <span class='ocrx_word' id='word_1_337' title='bbox 365 3657 386 3698; x_wconf 78' lang='lat' dir='ltr'><strong>s.</strong></span> <span class='ocrx_word' id='word_1_338' title='bbox 404 3648 575 3710; x_wconf 78' lang='lat' dir='ltr'><strong>scripseram:</strong></span> <span class='ocrx_word' id='word_1_339' title='bbox 593 3647 741 3697; x_wconf 74' lang='lat' dir='ltr'><strong>Generaliter</strong></span> <span class='ocrx_word' id='word_1_340' title='bbox 762 3663 856 3698; x_wconf 82' lang='lat' dir='ltr'><strong>serrum</strong></span> <span class='ocrx_word' id='word_1_341' title='bbox 870 3664 895 3712; x_wconf 87' lang='lat' dir='ltr'><strong>p.</strong></span> <span class='ocrx_word' id='word_1_342' title='bbox 909 3649 932 3699; x_wconf 82' lang='lat' dir='ltr'><strong>d</strong></span> <span class='ocrx_word' id='word_1_343' title='bbox 948 3664 970 3698; x_wconf 91' lang='lat' dir='ltr'><strong>e.</strong></span> <span class='ocrx_word' id='word_1_344' title='bbox 985 3649 1013 3698; x_wconf 81' lang='lat' dir='ltr'><strong>ll.</strong></span> <span class='ocrx_word' id='word_1_345' title='bbox 1028 3649 1044 3699; x_wconf 88' lang='lat' dir='ltr'><strong>i.</strong></span> <span class='ocrx_word' id='word_1_346' title='bbox 1061 3648 1084 3699; x_wconf 90' lang='lat' dir='ltr'><strong>d.</strong></span> <span class='ocrx_word' id='word_1_347' title='bbox 1099 3662 1121 3696; x_wconf 90' lang='lat' dir='ltr'><strong>n.</strong></span> 
     </span>
     <span class='ocr_line' id='line_1_41' title="bbox 169 3716 1122 3784; baseline 0.003 -21"><span class='ocrx_word' id='word_1_348' title='bbox 169 3721 262 3780; x_wconf 85' lang='lat' dir='ltr'><strong>potest,</strong></span> <span class='ocrx_word' id='word_1_349' title='bbox 281 3716 302 3764; x_wconf 89' lang='lat' dir='ltr'><strong>si</strong></span> <span class='ocrx_word' id='word_1_350' title='bbox 322 3717 382 3766; x_wconf 84' lang='lat' dir='ltr'><strong>loric</strong></span> <span class='ocrx_word' id='word_1_351' title='bbox 400 3724 461 3776; x_wconf 80' lang='lat' dir='ltr'><strong>eto,</strong></span> <span class='ocrx_word' id='word_1_352' title='bbox 480 3719 526 3769; x_wconf 88' lang='lat' dir='ltr'><strong>illo</strong></span> <span class='ocrx_word' id='word_1_353' title='bbox 539 3718 682 3780; x_wconf 75' lang='lat' dir='ltr'><strong>generaliter</strong></span> <span class='ocrx_word' id='word_1_354' title='bbox 695 3719 755 3769; x_wconf 83' lang='lat' dir='ltr'><strong>inde</strong></span> <span class='ocrx_word' id='word_1_355' title='bbox 769 3720 874 3782; x_wconf 73' lang='lat' dir='ltr'><strong>effecto,</strong></span> <span class='ocrx_word' id='word_1_356' title='bbox 888 3719 958 3784; x_wconf 85' lang='lat' dir='ltr'><strong>quod</strong></span> <span class='ocrx_word' id='word_1_357' title='bbox 975 3719 1007 3769; x_wconf 89' lang='lat' dir='ltr'><strong>V.</strong></span> <span class='ocrx_word' id='word_1_358' title='bbox 1022 3733 1052 3768; x_wconf 92' lang='lat' dir='ltr'><strong>eo</strong></span> <span class='ocrx_word' id='word_1_359' title='bbox 1066 3719 1122 3767; x_wconf 92' lang='lat' dir='ltr'><strong>loca</strong></span> 
     </span>
     <span class='ocr_line' id='line_1_42' title="bbox 169 3784 1122 3856; baseline 0.001 -22"><span class='ocrx_word' id='word_1_360' title='bbox 169 3784 244 3835; x_wconf 87' lang='lat' dir='ltr'><strong>liadet</strong></span> <span class='ocrx_word' id='word_1_361' title='bbox 264 3799 290 3836; x_wconf 82' lang='lat' dir='ltr'><strong>er</strong></span> <span class='ocrx_word' id='word_1_362' title='bbox 310 3807 344 3829; x_wconf 86' lang='lat'><em>=</em></span> <span class='ocrx_word' id='word_1_363' title='bbox 366 3788 387 3836; x_wconf 90' lang='lat' dir='ltr'><strong>si</strong></span> <span class='ocrx_word' id='word_1_364' title='bbox 408 3786 461 3853; x_wconf 85' lang='lat' dir='ltr'><strong>(sed</strong></span> <span class='ocrx_word' id='word_1_365' title='bbox 484 3790 601 3838; x_wconf 86' lang='lat' dir='ltr'><strong>omissum</strong></span> <span class='ocrx_word' id='word_1_366' title='bbox 618 3787 657 3855; x_wconf 87' lang='lat' dir='ltr'><strong>S.)</strong></span> <span class='ocrx_word' id='word_1_367' title='bbox 680 3789 749 3854; x_wconf 85' lang='lat' dir='ltr'><strong>quod</strong></span> <span class='ocrx_word' id='word_1_368' title='bbox 765 3804 801 3838; x_wconf 76' lang='lat' dir='ltr'><strong>ex</strong></span> <span class='ocrx_word' id='word_1_369' title='bbox 824 3804 855 3840; x_wconf 81' lang='lat' dir='ltr'><strong>er</strong></span> <span class='ocrx_word' id='word_1_370' title='bbox 875 3804 967 3856; x_wconf 70' lang='lat' dir='ltr'><strong>yso-sa</strong></span> <span class='ocrx_word' id='word_1_371' title='bbox 989 3802 1122 3852; x_wconf 80' lang='lat' dir='ltr'><strong>superesse</strong></span> 
     </span>
     <span class='ocr_line' id='line_1_43' title="bbox 168 3863 334 3906; baseline 0 0"><span class='ocrx_word' id='word_1_372' title='bbox 168 3863 243 3906; x_wconf 85' lang='lat' dir='ltr'><strong>ratus</strong></span> <span class='ocrx_word' id='word_1_373' title='bbox 257 3872 334 3906; x_wconf 87' lang='lat' dir='ltr'><strong>eram.</strong></span> 
     </span>
    </p>
   </div>
   <div class='ocr_carea' id='block_1_6' title="bbox 0 0 1194 4386">
    <p class='ocr_par' dir='ltr' id='par_1_9' title="bbox 0 0 1194 4386">
     <span class='ocr_line' id='line_1_44' title="bbox 0 0 1194 4386; baseline 0 1"><span class='ocrx_word' id='word_1_374' title='bbox 0 0 1194 4386; x_wconf 95' lang='lat' dir='ltr'><strong> </strong></span> 
     </span>
    </p>
   </div>
  </div>
 </body>
</html>
