2378 4386
63 39 1188 279 u

388 140 424 153 aa
481 148 484 153 ι
508 150 547 165 ..ΙΙ

165 516 229 582 512
453 540 519 576 erun
536 540 631 576 rurant
649 539 721 575 sarar.
741 521 786 576 iv.
810 528 832 575 1.

167 688 246 746 quam
260 687 335 726 suam
352 677 467 725 testator
489 686 538 743 per
560 667 793 725 luieioommissum
816 669 976 742 reliquerit,
999 686 1055 728 nou
1078 686 1185 738 restro

167 756 290 824 licturus,
312 754 336 808 si
350 752 464 809 alienam
479 753 592 820 scisset,
608 760 637 808 ut
652 751 722 808 solet
738 751 872 825 legatum,
896 756 933 810 lta
955 755 1052 811 inutile
1069 759 1121 813 erit

167 837 410 893 fideicommissum,
447 832 475 892 9.
495 832 636 891 ¹Tcstator
649 837 828 909 superuiuens
844 838 866 893 si
883 853 939 893 eam
956 854 1023 907 rem,
1041 856 1120 912 quarn

167 920 323 994 reliquerat,
339 919 500 990 uendiderit,
517 921 684 991 extinguitur
699 917 944 977 fideicommissum.
984 919 1032 979 io.
1051 916 1120 980 ²Co·

168 1003 280 1072 diciilis,
297 1005 343 1076 qui
358 1011 520 1060 testamento
535 1001 685 1059 confirmati
701 1019 754 1058 non
770 1013 849 1075 sunt,
865 1004 1029 1079 aiiscriptnm
1046 1005 1120 1064 fidei·

167 1089 339 1145 commissum
361 1089 420 1143 lure
442 1085 563 1142 debetur.
607 1083 650 1143 ll.
675 1085 742 1142 Filio
766 1087 978 1161 quibuscumque
999 1090 1120 1148 nerbist

168 1181 244 1246 patre
270 1169 503 1227 fideicommissum
529 1169 651 1226 relictum
678 1172 736 1226 lure
762 1171 889 1229 debetur:
918 1171 1019 1229 sullicit
1050 1177 1120 1231 euim

167 1257 238 1311 inter
259 1256 415 1312 coniunctas
435 1270 563 1327 personas
584 1253 798 1327 quibuscumque
819 1254 926 1326 uerbis,
949 1267 978 1312 ut
994 1260 1021 1312 in
1037 1257 1119 1315 dona·

168 1331 268 1410 tione,³
283 1339 407 1394 uoluntas
423 1353 559 1412 expressa.
596 1345 623 1394 et
643 1336 704 1393 ideo
720 1339 799 1393 etiarn
815 1337 911 1410 pridie,
927 1357 1006 1412 quam
1022 1344 1120 1399 moria·

168 1416 238 1492 tur,⁴
260 1430 332 1479 recte
346 1421 470 1478 relietum
486 1421 603 1478 uidetur.
639 1417 684 1477 la.
705 1415 752 1475 ⁶lu
768 1429 874 1494 tempus
889 1427 1118 1498 emancipationis,

169 1507 212 1563 uel
235 1523 295 1563 oum
317 1507 359 1561 sui
381 1506 446 1561 iuris
469 1507 537 1576 erit,
560 1504 793 1561 fideicommissum
808 1505 931 1562 relictum
948 1525 1118 1583 quocumque

168 1588 248 1646 modo
272 1590 356 1663 patria
372 1597 505 1662 potestate
525 1587 638 1645 liberato
658 1587 782 1645 detetur.
820 1585 863 1646 lt.
886 1589 981 1664 Rogati
1004 1594 1117 1650 inuicem

168 1671 235 1744 sibi,
250 1674 273 1728 sl
287 1674 345 1728 siue
360 1670 452 1729 liberis
466 1672 645 1742 decesserint,
667 1672 841 1729 hereditatem
857 1676 1016 1746 restituere,
1034 1676 1118 1733 altero

168 1756 315 1813 decedente
329 1757 387 1812 sinc
406 1755 497 1811 liberis
519 1754 652 1811 hereditas
668 1754 699 1809 ad
723 1771 783 1811 eum
799 1760 940 1830 peruenit,
963 1761 1008 1833 qui
1025 1777 1118 1834 super·

168 1842 248 1905 uixit:
265 1856 315 1898 uec
330 1856 360 1896 er
376 1855 408 1895 eo
424 1831 537 1912 pacisci⁶
548 1846 641 1894 contra
656 1838 824 1897 uoluntatem
841 1844 976 1898 testatoris
993 1851 1117 1916 possunt.

167 1921 212 1983 14.
235 1923 319 1980 Heres
334 1930 396 1978 ante
410 1922 506 1977 aditam
521 1922 707 1992 hereditatem,
725 1921 870 1996 legatarius
887 1934 1029 1999 antequam
1045 1927 1119 2001 iega-

168 2017 225 2063 tum
246 1998 386 2080 accipiat,⁷
406 2003 639 2061 fideicommissum
662 2015 798 2079 praestare
825 2025 878 2063 non
905 2019 1028 2082 possunt.
1072 2008 1117 2069 tt.

168 2085 252 2146 ⁸iiem
268 2088 497 2145 fideicommissum
512 2090 535 2144 si
551 2089 628 2144 ireres
644 2089 805 2162 uendiderit,
821 2107 932 2166 eamque
947 2096 1033 2150 sciens
1045 2110 1117 2151 com·

168 2174 319 2247 parmenii,
334 2171 506 2227 nihilominus
528 2172 553 2226 in
571 2175 768 2245 possessionem
785 2176 842 2230 eius
859 2174 1117 2234 fideicommissarius

168 2257 237 2312 mitti
264 2256 321 2311 iure
348 2253 489 2314 desiderat.
541 2250 586 2315 to.
614 2254 725 2323 Quoties
754 2257 856 2314 libertis
884 2258 1118 2319 fideicommissum

167 2337 345 2411 relinquitur,
360 2337 391 2394 mi
407 2353 453 2394 eos
470 2339 653 2395 tantummodo
669 2339 770 2413 placuit
784 2345 930 2415 periinere,
946 2338 1011 2417 qui⁹
1028 2362 1118 2403 manu·

167 2423 242 2479 missi
261 2431 338 2492 sunt,
360 2420 403 2478 uel
424 2423 471 2497 qui
493 2422 628 2479 incudem
645 2431 805 2480 testamento
823 2425 971 2483 libertatem
986 2429 1056 2486 intra
1071 2447 1118 2486 nu·

168 2522 270 2563 merum
285 2506 433 2579 legitimum
448 2508 588 2563 consecuti
602 2502 706 2563 sunt.¹⁰
741 2504 782 2564 l'l.
807 2508 854 2565 Cui
876 2509 907 2565 air
932 2511 1030 2569 irerede
1047 2511 1119 2570 fidei·

167 2593 339 2648 commissum
354 2606 408 2647 non
425 2599 587 2664 praestatur,
600 2607 654 2647 non
670 2592 757 2647 solum
773 2594 800 2648 in
816 2610 859 2649 res
874 2593 1057 2668 hereditarias,
1072 2598 1117 2653 sed

167 2684 195 2732 et
209 2676 237 2732 in
257 2678 380 2751 proprias
402 2675 507 2731 ireredis
527 2676 673 2732 inducitur.
714 2673 761 2732 18.
787 2671 860 2732 ¹'lus
881 2694 960 2734 omne
982 2677 1118 2738 iideieom·

167 2761 240 2816 missi
256 2762 353 2817 nonin
370 2758 558 2834 uindicatione,
573 2758 620 2815 sed
636 2761 662 2814 in
679 2761 808 2833 petitione
824 2763 958 2822 consistit.

383 2837 429 2918 [L.
446 2844 495 2899 21.
518 2843 566 2915 ss.
585 2843 612 2898 1.
630 2842 658 2897 2.
682 2842 717 2899 D.
733 2845 768 2899 de
782 2846 835 2917 lep.
853 2839 897 2921 3.]

241 3075 264 3146 1)
279 3079 317 3142 il.
332 3081 354 3141 §-
367 3091 398 3131 ιι.
418 3078 440 3128 1.
456 3081 487 3129 dc
502 3082 577 3146 tepor.
593 3080 624 3145 (s,
634 3080 679 3145 no).
731 3078 753 3146 ¹)
770 3081 807 3143 Cf.
826 3080 882 3130 (ἰαί.
893 3094 914 3141 a,
924 3087 984 3135 2⁷0⁸.
996 3098 1042 3138 eas.
1061 3086 1115 3149 (sip,

167 3159 203 3207 ao,
222 3159 244 3199 4.
262 3159 283 3199 8.
303 3162 336 3200 tt.
409 3145 488 3212 ⁸)Cf.
504 3150 535 3199 h.
555 3163 576 3200 4.
603 3150 646 3199 Ti.
668 3150 693 3200 0.
714 3152 849 3201 dedonot.
870 3152 968 3217 (8.12).
996 3156 1039 3204 rr.
1059 3157 1115 3206 Vnt.

166 3229 205 3270 sss
219 3215 262 3282 (1).
327 3216 348 3283 ⁴)
364 3217 403 3281 Cf.
420 3217 477 3267 ont.
491 3230 513 3277 s,
529 3230 574 3270 roo.
642 3217 662 3285 1)
680 3221 718 3283 Cf.
734 3221 764 3270 Ι..
782 3235 814 3272 ιι.
839 3225 861 3284 §-
878 3236 909 3274 ιι.
935 3225 1014 3275 ltde
1032 3229 1116 3293 teps.

166 3288 198 3337 L.
214 3298 246 3338 ro.
267 3287 298 3336 D.
314 3288 416 3351 qnando
430 3288 486 3337 dier
500 3291 548 3353 lep.
563 3288 608 3353 (so,
618 3288 648 3354 s).
668 3290 729 3342 he.
747 3292 771 3341 0.
787 3293 819 3341 de
834 3295 891 3342 inat.
907 3295 1018 3345 etsndct.
1030 3297 1060 3362 (e,
1072 3297 1116 3361 to).

168 3354 188 3422 1)
206 3355 260 3417 Quo
274 3365 354 3420 pacto
367 3358 478 3406 studium
493 3360 635 3423 quaerendi
653 3361 748 3411 liberos
770 3364 911 3412 iniunctum
925 3368 1054 3416 remittere
1068 3367 1118 3417 sibl

166 3426 327 3477 videbantur.
359 3426 412 3477 Sed
428 3428 477 3478 lroc
495 3430 548 3478 olio
567 3432 669 3481 ratione
684 3440 774 3495 posteo
794 3440 913 3483 motatum
933 3435 963 3484 L.
980 3448 1012 3487 ιι.
1041 3438 1066 3487 G.
1086 3438 1118 3488 de

165 3504 290 3548 transocl.
306 3497 337 3562 (a,
350 3495 382 3562 4).
452 3497 528 3563 1)Οῇ
544 3499 575 3548 L.
591 3512 616 3552 ts
627 3517 669 3564 pr.
695 3502 725 3550 D.
741 3503 773 3552 de
787 3505 835 3568 lep.
851 3515 870 3553 e.
896 3504 927 3553 L.
942 3517 955 3557 a
967 3521 1010 3568 pr.
1034 3507 1066 3557 D.
1086 3508 1117 3557 de

165 3571 249 3634 tepe.
315 3566 336 3633 1)
352 3567 390 3631 Cf.
406 3567 437 3617 L.
452 3581 472 3620 e.
497 3570 680 3638 adelitip(
712 3571 764 3638 ‚o).
790 3572 820 3622 L.
837 3587 856 3624 1.
871 3587 891 3626 a.
911 3577 933 3637 §-
949 3587 969 3625 ι.
991 3577 1116 3628 aconem.

165 3639 197 3688 de
211 3640 259 3704 leq.
275 3637 306 3703 (s,
320 3636 364 3702 ta).
392 3637 453 3689 Non.
469 3651 495 3692 so
511 3655 553 3703 pr.
573 3641 645 3705 infra
659 3644 682 3704 5.
699 3654 731 3694 rt.
796 3640 817 3707 1)
833 3644 974 3694 Excidisae
988 3647 1117 3697 cidelare

165 3709 220 3758 uiuo
236 3711 276 3758 uel
289 3709 401 3758 uindicta.
455 3706 487 3775 ¹⁰)
503 3710 605 3776 Recipe
620 3715 794 3763 alimentorum
807 3716 1035 3776 fideicommissum.
1058 3718 1089 3767 L.
1104 3728 1117 3766 t

163 3794 204 3845 pr.
224 3780 256 3828 D.
272 3780 303 3829 de
317 3781 385 3829 oiim.
400 3781 448 3846 lep.
464 3779 508 3844 (tt,
523 3780 555 3846 ι).
609 3779 642 3848 11)
659 3783 696 3847 Cf.
717 3783 771 3847 iltp.
786 3795 820 3846 et,
836 3796 869 3836 ιι.
