2378 4386
113 573 179 641 230
409 587 574 626 cantuaria.
593 568 627 621 Il.
647 575 760 623 38-43.

113 702 187 795 quoii
208 720 287 792 quale
301 720 352 788 sit,
373 731 424 772 suo
442 714 503 770 ioco
524 714 673 784 apparebit:
694 714 742 769 setl
762 699 849 771 nostri
873 731 1063 792 praeceptores

111 809 220 876 putant,
241 800 306 856 uiliii
326 813 406 871 agere
425 796 603 852 necessarium
625 796 767 869 heredem,
788 815 850 854 cum
866 802 892 855 in
911 804 969 858 iure
984 805 1062 859 cedat

109 883 293 941 hereditatem.

171 962 221 1023 88.
253 962 436 1037 obligationes
457 978 568 1038 quoquo
589 963 671 1022 modo
692 973 845 1023 counactae
864 968 931 1024 niiiii
945 964 1059 1027 eorum¹

108 1049 255 1123 recipiunt:
278 1062 339 1103 uam
360 1047 434 1121 quod
449 1047 514 1104 mihi
528 1046 561 1104 ab
576 1048 666 1121 aliquo
686 1049 814 1122 debetur,
835 1050 862 1107 ld
877 1053 900 1107 si
917 1052 996 1110 uelim
1012 1053 1060 1110 tibi

107 1132 216 1204 deberi,
243 1130 318 1188 nullo
340 1148 434 1189 eorum
454 1132 552 1203 motio,
572 1133 668 1206 quibus
683 1150 726 1191 res
748 1135 906 1208 corporales
926 1136 959 1193 ad
981 1138 1060 1194 alium

107 1216 324 1289 transferuntur,
344 1216 371 1273 ib
391 1214 499 1275 eiicere
519 1212 666 1292 possum;²
681 1218 728 1274 sed
744 1235 813 1292 opus
829 1230 885 1292 est,
908 1230 938 1276 ut
953 1223 1062 1280 iubente

107 1318 149 1359 me
165 1310 194 1358 tu
210 1299 291 1359 abeo
311 1301 466 1377 supulcris,
488 1318 556 1376 quae
571 1318 615 1360 res
630 1300 728 1372 elficit,
750 1311 811 1360 uta
833 1320 874 1360 me
889 1304 1020 1362 liberetur
1035 1317 1062 1363 et

106 1386 216 1460 incipiat
238 1384 285 1443 tibi
305 1388 402 1444 teneri.
439 1403 507 1460 qnae
532 1387 629 1444 dicitur
655 1388 763 1444 nonatio
784 1386 968 1462 obligationis.
1008 1387 1059 1449 89.

105 1469 169 1528 Sine
190 1472 240 1529 liac
255 1488 321 1529 uero
337 1473 482 1529 nouationc
498 1487 553 1528 non
575 1472 678 1544 poteris
697 1480 744 1528 tuo
764 1474 872 1529 nomine
893 1489 988 1548 agere,
1011 1475 1061 1532 seil

53 1551 96 1603 64·
106 1553 189 1613 debes
211 1573 243 1614 en
263 1574 380 1632 persona
399 1572 457 1614 mea
472 1557 549 1631 qnasi
568 1557 696 1630 coguitor
713 1554 718 1629 Ι
738 1565 783 1612 aut
803 1566 963 1630 pmcurator
984 1574 1060 1616 mens

105 1643 231 1717 experiri.

169 1721 223 1782 40.
247 1725 390 1800 Sequitur,
413 1733 443 1780 nt
465 1723 670 1796 admoneamus,
693 1728 766 1798 apud
779 1727 937 1800 peregrinos
953 1727 1060 1801 quidem

107 1827 191 1868 unum
217 1826 276 1868 esse
301 1810 463 1878 dominium
492 1823 553 1864 nam
579 1817 625 1864 aut
646 1809 770 1865 dominus
793 1812 908 1884 quisque
931 1820 987 1883 est,
1016 1822 1061 1868 aut

106 1895 232 1952 domiuus
253 1910 307 1950 non
322 1892 498 1966 intellegitur.
536 1908 591 1966 quo
613 1894 672 1948 iure
693 1894 773 1949 etiam
793 1895 911 1968 populns
928 1894 1061 1953 Romanus

107 1979 172 2038 olim
187 1977 326 2036 utebatur:
349 1985 396 2034 aut
410 1978 480 2032 enim
495 1991 527 2032 ert
542 1977 601 2032 iure
615 1975 758 2044 Quiritium
773 1980 960 2052 unusquisque
975 1980 1060 2037 domi·

107 2081 158 2123 nus
174 2073 241 2136 erat,
257 2069 373 2121 autnon
388 2059 598 2135 intellegebatur
613 2060 747 2117 dominus.
782 2070 825 2118 set
840 2072 935 2135 postea
950 2063 1060 2120 diuisio-

107 2165 167 2207 nem
183 2150 284 2223 accepit
299 2146 463 2215 dominium,
486 2153 518 2201 ut
532 2143 600 2200 alius
615 2146 702 2219 possit
722 2161 782 2201 esse
798 2162 830 2202 er
846 2148 904 2204 iure
919 2146 1059 2215 Quiritium

106 2235 241 2309 dominus,
257 2231 324 2287 alins
340 2231 367 2285 in
382 2229 460 2286 bouis
475 2227 583 2286 habere.
627 2226 668 2286 41.
693 2229 757 2285 Nam
773 2231 796 2286 si
813 2230 860 2287 tibi
874 2246 932 2287 rem
947 2234 1060 2306 mancipi

106 2333 193 2390 neque
214 2316 401 2388 mancipauero
422 2330 510 2388 neque
531 2315 557 2370 ln
573 2315 630 2370 iure
646 2329 769 2383 cessero,
791 2323 833 2370 set
855 2324 958 2371 tantum
980 2316 1059 2372 tratii·

104 2399 184 2463 dero.
204 2400 231 2455 in
246 2396 323 2456 botris
339 2399 447 2475 quibem
463 2400 517 2457 tuis
533 2415 563 2457 ea
584 2414 626 2456 res
642 2396 775 2470 eflicitur,
796 2415 827 2454 er
842 2400 900 2456 iure
917 2399 1058 2468 Qniritium

107 2498 173 2542 uero
193 2498 252 2540 mea
273 2474 452 2559 permanebit,
476 2485 562 2542 donec
584 2492 613 2540 tu
636 2500 693 2541 eam
715 2483 879 2558 possidendo
903 2487 1057 2558 usucapias:

106 2568 191 2628 semel
205 2570 276 2626 euim
293 2569 403 2646 impieta
419 2571 582 2647 usucapione
597 2568 709 2644 proinde
724 2569 805 2643 pleno
827 2570 885 2626 iure
908 2570 1009 2644 incipit,
1031 2568 1058 2624 iii

105 2664 148 2714 est
168 2665 196 2713 ct
214 2656 242 2712 in
261 2654 340 2713 bonis
360 2665 388 2714 et
411 2673 443 2715 er
464 2659 523 2714 iure
544 2655 686 2724 Quiritium
708 2662 754 2710 tna
774 2670 818 2723 res
839 2669 916 2726 esse,
938 2670 968 2711 ac
990 2655 1013 2710 si
1028 2668 1058 2709 ea

106 2743 254 2815 mancipata
271 2742 315 2798 nei
331 2740 359 2798 iu
373 2743 432 2798 iure
452 2757 526 2799 cessa
546 2737 648 2812 'iceret
689 2731 738 2790 ta.
768 2737 912 2803 Urucapio
933 2732 1126 2812 nutemi³t15ai

106 2824 244 2881 mobilium
260 2824 369 2896 quidem
383 2840 474 2879 rerum
483 2838 553 2878 anno
564 2816 725 2888 completur,
741 2812 817 2865 iundi
833 2827 899 2868 uero
911 2827 939 2870 et
951 2822 1057 2879 acilium

105 2905 227 2977 bieunlo;
244 2912 273 2960 et
289 2907 324 2959 ita
339 2905 401 2976 iege
415 2919 462 2959 xit
478 2900 625 2957 tabularum
640 2899 748 2949 cautum
763 2899 815 2952 est,

165 2983 216 3042 48.
239 2983 364 3039 Ceterum
380 2984 458 3038 etlam
473 2994 564 3037 earum
578 2989 669 3030 rerum
684 2977 814 3049 usucapio
831 2977 908 3035 nohis
923 2985 1053 3053 conpetit,

103 3094 315 3108 ...--——--

177 3162 197 3229 1)
211 3160 350 3211 &cidisse
363 3161 465 3209 uidetur
481 3156 583 3223 ‘quibua
597 3159 661 3221 qnid
673 3160 787 3213 dinianica
799 3168 860 3227 fieri
874 3165 1004 3216 alioruin’.

104 3233 188 3302 'llic
211 3228 301 3280 bosci.
324 3236 348 3276 ei
367 3228 471 3278 beclem.
494 3230 550 3278 edd.
574 3229 659 3292 p'sum'
681 3232 706 3281 θ.
731 3249 857 3297 possumus
876 3240 915 3288 ed.
935 3238 982 3304 Bp.

104 3303 212 3372 ³)Haec
227 3317 243 3350 a
257 3296 362 3347 Lacbm.
377 3301 494 3362 suppletu
509 3307 536 3349 ut
550 3301 735 3363 omitterentur,
749 3310 882 3371 scripturo
899 3313 1055 3375 antiquioris

103 3375 202 3427 codicis
216 3376 281 3421 esset
294 3376 348 3420 ucat
358 3377 418 3433 poci
432 3371 538 3420 similem
553 3386 636 3422 nocem
651 3389 720 3423 cessa
736 3378 837 3427 uidetur·
853 3381 976 3442 effecisse.

173 3544 256 3619 §.aa
277 3545 612 3610 Of.§§.st.1o.es.a,1ta.
654 3547 680 3619 ὃ.
696 3554 738 3602 39.
756 3554 793 3615 Cf.
809 3566 879 3610 nsi.
895 3565 928 3605 ec.
971 3552 995 3623 ς,
1012 3562 1053 3608 40.

105 3620 143 3685 cf.
154 3634 174 3680 1,
185 3631 218 3672 os.
230 3628 263 3670 at.
275 3627 321 3670 nat.
337 3630 357 3676 a,
372 3630 405 3670 ea.
421 3631 441 3680 a,
452 3631 498 3673 mo.
523 3620 632 3684 Tireopb.
648 3634 668 3680 1,
682 3631 703 3673 a.
719 3623 741 3684 ξ.
751 3634 772 3673 t.
823 3620 848 3691 g.
861 3627 903 3674 tt.
924 3624 962 3685 Cf.
974 3639 994 3681 1,
1005 3624 1053 3677 cib.

102 3703 124 3749 i,
140 3700 319 3748 io.lbt.tt‚80.
343 3689 397 3756 bip.
414 3704 434 3748 1,
449 3702 482 3744 ib.
502 3692 534 3741 b.
553 3703 587 3743 88.
607 3692 630 3754 ἓ.
649 3703 668 3743 t.
693 3693 724 3741 i).
745 3691 1053 3760 delib.curtau(to,1e).

102 3758 128 3833 fi.
144 3768 187 3818 ta.
209 3763 247 3828 Cf.
267 3760 322 3826 top.
338 3774 371 3822 tii,
386 3774 406 3814 8.
418 3778 461 3826 pr.
478 3762 499 3811 I.
515 3763 546 3812 de
561 3777 633 3813 usuc.
647 3760 678 3829 (a,
689 3762 711 3829 6)
727 3778 783 3813 cnm
797 3762 904 3826 Titcopb.
922 3763 973 3812 Cic.
994 3763 1053 3829 Top.

101 3847 123 3888 t.
139 3837 161 3902 ἕ.
177 3848 210 3890 aa.
222 3850 274 3902 pro
290 3833 362 3886 Caco.
379 3846 411 3887 ta.
427 3834 500 3897 t'nsra
515 3835 553 3898 ἐξ.
568 3845 601 3887 bt.
617 3846 664 3886 tot.
760 3830 785 3903 ᾖ.
801 3837 843 3885 io.
859 3836 900 3885 44.
923 3832 960 3896 Cf.
972 3851 1015 3899 pr.
1032 3837 1054 3886 I.

103 3911 146 3962 cit.
167 3909 221 3976 Uip.
237 3907 269 3959 ib.
286 3907 357 3971 infra
371 3909 394 3971 ξ.
409 3917 443 3959 te.
463 3905 494 3955 1..
511 3919 530 3958 t.
545 3905 577 3956 Ι).
593 3905 624 3956 tie
637 3921 727 3974 ¹atsairp.
754 3918 788 3965 tt,
803 3903 833 3971 a).
