2378 4386
352 562 465 598 omnus
484 562 597 598 succus
616 562 773 600 nrcrnmurs.
980 556 1040 613 107

82 687 180 763 quibus
201 705 268 762 aper
288 690 438 746 retineatur
458 697 485 744 st
505 691 666 761 remittatur,
690 706 759 763 quae
778 689 810 746 ab
826 688 987 746 ollendendo
1003 689 1042 746 dl·

83 782 187 829 cautur.
224 790 284 828 nam
307 788 389 845 quom
409 773 441 828 ad
464 782 582 829 mentum
598 783 760 846 peruentum
775 777 820 846 sit,
842 773 954 830 aliendit
969 791 1041 831 men·

82 867 148 912 tum.
162 886 203 896 -
218 857 290 912 Vest.
306 874 332 912 v.
350 855 500 911 0lleudiccs
514 873 541 929 p.
558 855 629 915 205.

144 936 190 997 10.
214 939 321 996 Olctnm
336 949 442 996 stercus
458 940 613 997 humanum.
644 940 789 998 Veranius:
810 939 997 998 ‘Sacerdotula
1013 944 1040 997 ln

81 1025 197 1081 sacrario
212 1024 325 1080 Martiali
340 1024 404 1080 iecit
419 1024 543 1080 oletum’.
559 1053 600 1066 -
616 1022 688 1081 Paul.
705 1042 747 1098 ep.
764 1024 836 1081 lest.
852 1042 879 1098 p.
895 1025 966 1083 203.

144 1103 182 1163 11.
206 1102 335 1164 ‘llurles¹
368 1108 433 1178 est'‚
461 1106 686 1181 quemadmodum
708 1108 838 1164 Veranius
865 1109 961 1180 docet,
990 1109 1041 1171 ies.

25 1198 29 1208 '
83 1207 151 1264 qnae
166 1189 197 1246 iit
207 1191 304 1248 ex-sali
319 1190 440 1255 sordido,
457 1193 485 1246 in
500 1191 554 1264 pila
569 1193 656 1264 pisato
672 1199 699 1247 et
713 1193 741 1247 ln
757 1191 837 1248 ollam
853 1190 960 1249 fictilem
975 1209 1041 1248 con·

82 1276 154 1329 iectu
176 1273 266 1349 ibique
289 1284 386 1348 operto
407 1283 578 1349 gypsatoque
594 1276 663 1330 etin
680 1274 760 1330 lurno
776 1283 914 1348 percocto,
930 1277 973 1331 cul
988 1279 1042 1332 rir-

82 1359 158 1431 pines
174 1359 293 1416 Vestales
315 1375 388 1414 serra
409 1359 496 1414 ierrea
518 1367 593 1414 secto
614 1365 642 1412 et
661 1359 688 1412 iu
705 1359 802 1413 seriam
817 1361 952 1426 coniecto,
974 1375 1043 1431 quae

82 1450 124 1497 est
143 1444 216 1499 intus
236 1445 263 1497 in
288 1442 354 1497 aede
370 1441 467 1496 Vestae
488 1443 514 1495 in
535 1456 606 1513 penu
622 1442 766 1511 exteriore,
782 1456 878 1513 aquam
893 1443 984 1513 iugem
998 1442 1044 1518 ¹trel

33 1535 76 1583 [aa]
84 1525 239 1597 quamlibet,
261 1534 449 1597 praeterquam
473 1539 541 1595 quae
557 1539 605 1594 per
619 1523 723 1578 listulas
737 1525 824 1590 uenit,
845 1522 947 1579 addunt
961 1532 1043 1598 atque

81 1625 112 1664 ea
127 1609 237 1664 demum
252 1610 280 1660 in
296 1604 434 1661 sacrificiis
450 1605 587 1661 utuntur’.
605 1635 642 1645 —
659 1604 732 1664 Vest.
747 1622 772 1661 r.
789 1604 886 1662 llurles
901 1623 928 1681 p.
946 1607 1015 1666 158.

146 1689 193 1748 ts.
217 1690 270 1745 Sed
292 1689 420 1744 Veranius
441 1687 637 1746 Pontificallum
658 1705 690 1746 eo
711 1688 791 1759 libro,
817 1706 897 1763 quem
922 1690 985 1747 iecit
1010 1692 1043 1750 de

80 1773 338 1849 supplicationibus,
352 1774 389 1829 lta
404 1775 456 1829 ait:
474 1771 607 1843 ‘Pinariis
624 1775 670 1846 qui
686 1774 827 1830 nouissimi
842 1791 952 1831 comeso
965 1793 1044 1848 pran-

81 1859 125 1914 dio
141 1860 292 1929 uenissent,
308 1872 370 1914 cum
385 1857 437 1912 iam
452 1873 546 1913 manus
561 1874 706 1930 pransores
722 1857 853 1929 lauarent,
870 1861 1041 1933 praecepisse

82 1941 235 2004 Herculem,
256 1957 290 1997 ne
310 1939 374 2014 quid
395 1949 490 2014 postea
511 1943 563 2015 ipsi
582 1949 629 1997 aut
649 1944 797 2015 progenies
813 1944 934 2016 ipsorum
950 1960 983 1999 ex
998 1943 1043 2000 de·

82 2025 148 2080 cima
173 2034 318 2099 gustarent
342 2024 469 2080 sacranda
496 2025 557 2096 sibi,
583 2026 631 2081 sed
657 2026 828 2082 ministrandi
854 2027 1042 2084 tantummodo

82 2125 170 2180 causa,
186 2125 241 2165 non
252 2110 286 2165 ad
297 2108 391 2182 epulas
402 2108 601 2165 conuenirent’.
614 2138 656 2149 -
666 2108 782 2166 llaorob.
796 2110 853 2167 Sat.
866 2110 895 2179 3,
908 2110 938 2167 6.
950 2107 978 2184 S.
994 2112 1042 2170 14.

206 2269 424 2336 *GRANIVS
447 2270 641 2336 FLACCVS
664 2269 922 2338 LICINIANVS

435 2376 553 2443 (eiusdem
567 2373 692 2442 aetatis).²

345 2485 391 2540 lle
420 2484 777 2556 indigitamentis.

144 2592 168 2651 1.
191 2592 312 2650 liundem
332 2609 392 2650 esse
407 2592 518 2647 Genium
541 2599 568 2646 et
583 2590 686 2660 Larem,
709 2592 786 2648 multi
812 2602 919 2648 ueteres
944 2609 1043 2649 memo·

82 2677 138 2733 riae
161 2677 355 2752 prodiderunt,
380 2679 407 2732 in
432 2677 509 2749 queis
535 2676 616 2730 etlam
640 2674 752 2729 Granius
774 2674 885 2731 Flaccus
911 2676 939 2732 in
965 2674 1043 2746 libro,

158 2820 177 2881 ¹)
193 2823 230 2886 Cf.
244 2840 325 2888 rupra
341 2822 414 2873 Num.
431 2822 537 2872 Fabium
549 2820 679 2871 Pictorem
692 2831 712 2872 8.
750 2816 771 2887 ²)
788 2819 839 2881 Qui
851 2821 917 2871 duos
929 2828 1045 2872 statuunt

87 2893 206 2957 Granios,
217 2893 338 2945 Flaccum
346 2897 462 2955 alterum,
472 2895 581 2942 alterum
590 2892 766 2950 Licinianum,
777 2894 850 2942 nulla
860 2893 888 2942 id
897 2893 990 2942 idonea
1000 2909 1045 2943 ra·

85 2965 152 3014 tione
159 2964 250 3027 facere
260 2966 388 3014 uidentur.
412 2962 576 3024 Quamobrem
583 2979 652 3013 nunc
662 2970 687 3012 et
696 2978 785 3013 nomen
798 2962 893 3012 Granii
899 2966 966 3013 auxi
974 2971 999 3014 et
1006 2965 1043 3027 fr.

84 3046 103 3084 a.
118 3036 143 3084 ei
155 3035 295 3099 adscripsi.
317 3032 446 3094 Quaedam
456 3036 532 3084 etiam
546 3049 633 3084 eorum
646 3049 682 3082 em
691 3033 738 3082 boc
755 3033 854 3085 Granio
871 3035 992 3084 uidentur
999 3052 1043 3100 pe·

84 3105 138 3164 rita,
152 3121 218 3170 quae
228 3104 326 3154 Arnab.
337 3117 357 3165 8,
368 3116 387 3155 t.
399 3103 682 3168 compluribuspraeter
694 3103 818 3154 &auium
827 3105 976 3155 auctoribus
989 3109 1043 3155 iuu-

85 3175 152 3225 datis
161 3177 193 3225 de
200 3175 243 3225 Oli
251 3175 361 3225 historia
371 3175 462 3237 refert,
472 3191 488 3223 a
496 3177 571 3224 cuius
581 3175 666 3238 capite
676 3175 778 3225 inuento
790 3175 941 3239 Capitolium
949 3177 1043 3226 dictum

85 3260 137 3296 esse
148 3245 344 3309 fabulabantur.
364 3273 395 3281 -
412 3245 528 3295 Getarum
542 3247 570 3293 in
584 3244 631 3294 ltoc
643 3245 719 3306 finem
731 3245 822 3307 facere
832 3247 935 3309 placuit
948 3262 1043 3307 eorum,

86 3318 127 3379 qui
137 3317 219 3366 libera
230 3315 364 3379 republica
373 3317 543 3380 scripserunt.
563 3314 607 3363 Ex
617 3314 708 3379 quibus
717 3317 742 3364 ai
752 3316 874 3379 quosdam
889 3318 971 3374 omisi,
982 3330 1044 3380 qaros

86 3388 141 3449 quis
154 3387 353 3443 desiderauerit,
368 3386 397 3435 id
411 3402 442 3435 ea
456 3388 567 3436 masinae
581 3385 612 3434 de
627 3400 707 3435 causa
719 3386 818 3448 fuctum
837 3393 883 3443 est,
897 3387 966 3450 quod
979 3400 1044 3450 quae

86 3470 169 3506 earum
179 3459 329 3520 reciperem,
340 3457 455 3506 incertus
464 3454 629 3506 haesitabam.
650 3455 681 3504 ln
692 3455 733 3505 itis
738 3457 898 3520 praeprimis
908 3471 1043 3504 numeran-

87 3525 132 3577 dus
145 3535 184 3577 est
197 3526 234 3577 M.
254 3525 387 3577 Terentius
406 3526 501 3584 Varro,
521 3526 684 3575 doctissimus
698 3524 878 3584 Romanorum,
897 3527 942 3589 qui
960 3526 1044 3574 multia

87 3595 1044 3661 quidempartibusetiamiusdiuinumhumanumqueillustrauit,sedtamen

87 3667 355 3733 mapispolpbistorem
365 3682 440 3731 quatu
450 3667 628 3730 iurisperitum
635 3667 760 3731 aperiatis?
770 3680 818 3729 quo
829 3666 879 3714 uid.
890 3664 1044 3727 Bernhardy

88 3733 154 3787 iiim.
165 3738 218 3787 Lit.
230 3738 269 3787 ed.
283 3749 305 3788 t.
312 3753 340 3801 p.
350 3748 397 3790 sos.
421 3736 492 3787 Idem
506 3736 578 3786 cadit
593 3738 621 3784 in
637 3735 668 3784 P.
685 3735 818 3800 lVipidium
834 3735 961 3798 dipulum,
971 3734 1045 3781 cuius

87 3805 116 3855 de
124 3809 218 3858 studiis
227 3815 252 3858 et
261 3807 381 3872 operibus
391 3809 494 3872 eprepie
507 3807 616 3869 scripsit
630 3805 667 3855 M.
678 3804 760 3854 Hertz
775 3803 862 3853 Beral.
874 3812 933 3852 1⁸45.
963 3801 1043 3848 Prae·

88 3879 144 3927 terii
159 3881 236 3928 etiam
251 3877 288 3927 M.
304 3876 420 3926 Fuluium
430 3876 586 3926 Nobiliorem
596 3876 675 3938 etqui
684 3889 740 3922 eum
750 3873 861 3922 insecuti
869 3876 937 3929 aunt,
948 3874 1044 3916 tanturn
