2376 4312
59 21 1133 279 u

350 322 353 329 .

349 512 487 550 senonis.
506 512 650 549 sumens.
670 513 825 549 suscscuvs.
998 494 1057 559 873

105 643 203 703 Schol.
228 641 306 699 Bssil.
331 643 386 714 11,
408 642 435 701 1.
457 659 481 698 e.
500 641 548 701 70.
571 641 603 698 t.
619 640 639 698 Ι.
660 645 845 699 condemnato
889 658 946 697 non
985 644 1062 708 licet,

108 742 136 799 p.
154 725 226 787 649.
243 724 345 783 llcimh.
658 730 725 799 qnia
739 729 900 782 transactio
910 724 997 780 debiti
1011 726 1062 780 du·

107 812 148 869 bii
163 813 288 867 continet
303 812 539 880 compositionem,
559 813 673 879 pacisci
688 818 861 866 autemeam
878 810 1064 866 condemnato

105 896 224 952 licere
212 911 241 950 m
257 893 390 965 confesso
406 898 517 947 estete

152 972 196 1037 13.
204 967 360 1050 Ὁμὲνιής
371 976 557 1048 περιφανοῦς
568 963 640 1045 μνή·
701 974 964 1050 Patriciusquidcm
973 992 1062 1047 prae·

108 1078 167 1135 μης
181 1055 359 1134 Παιρίιιιος,
382 1051 414 1114 τὸ
435 1053 477 1124 εἰς
499 1049 641 1130 διαφέρον
660 1059 762 1114 clarae
789 1063 940 1114 memoriae
968 1061 995 1113 in
1024 1061 1063 1129 id,

59 1136 274 1219 Μέναγεσθαι
305 1135 375 1207 τοὺς
408 1131 641 1213 διαλυσαμένους
659 1142 736 1211 qnod
756 1143 889 1205 interest,
918 1146 1065 1197 conveniri

110 1222 161 1284 nnl
180 1221 221 1301 μὴ
243 1214 483 1321 πληροῦντας,δι
465 1215 640 1296 allmnyysl·
661 1237 719 1292 eos,
738 1225 789 1294 qui
802 1227 995 1294 transepcrint
1010 1240 1064 1280 nec

109 1310 210 1382 λαυεο,
225 1302 298 1380 πρὸς
312 1300 449 1401 μόνην
420 1324 474 1379 την
485 1300 641 1406 πραεσιιρί·
658 1309 801 1377 promissa
811 1309 1019 1376 praestiterint,
1030 1308 1064 1362 de

59 1446 65 1457 ,,
109 1410 177 1460 ιιτις
200 1381 337 1486 βέρβιςὲ
338 1380 457 1462 νοησεν,
480 1381 521 1456 ὡς
536 1392 589 1462 τῆς
611 1381 641 1458 ἐξ
660 1391 723 1446 sola
753 1392 945 1459 praescriptis
974 1390 1066 1445 scrisis

110 1464 306 1531 στιπουλοὶτου
320 1492 360 1547 μη
349 1465 543 1566 δυναμένης
555 1468 596 1539 εἰς
609 1465 641 1527 τδ
661 1475 775 1529 actione
786 1473 936 1537 intellexit,
950 1488 1013 1527 cnm
1027 1488 1065 1529 ex

59 1551 256 1633 ξ-διαφέρον
267 1557 425 1627 κινεῖσθαι,
436 1541 508 1612 loti
521 1548 642 1623 πάντως
661 1558 799 1628 stipulatu
815 1558 912 1611 actio
901 1573 929 1611 tn
941 1557 979 1626 id,
992 1557 1068 1628 quod

59 1635 208 1720 ’,ρηιδν
219 1632 394 1715 ποσδτητα’
376 1630 568 1714 cunctatione.
586 1633 641 1716 lyd
661 1643 790 1710 interest,
807 1642 914 1697 moveri
928 1657 983 1696 non
997 1655 1065 1711 pos·

59 1728 64 1777 ἒ
110 1720 145 1783 δὲ
174 1719 246 1801 λέγω
274 1725 333 1782 nel.
368 1755 405 1765 —
434 1724 622 1782 Theodorus
614 1739 642 1780 tn
661 1726 705 1795 sit,
728 1725 900 1781 sedcertam
920 1727 1065 1797 quctrttitu·

59 1822 63 1879 ζ-
111 1808 203 1867 Schol.
221 1808 297 1864 Basil.
313 1809 362 1879 11,
375 1808 404 1865 2.
420 1827 444 1866 c.
458 1804 520 1865 23.¹
535 1808 565 1866 Τ.
578 1807 597 1867 l.
615 1824 642 1880 p.
662 1816 715 1864 tem
738 1811 848 1871 omnino
869 1815 959 1879 petat.
1005 1807 1066 1879 Ερο

59 1894 61 1929 ῑ
112 1891 184 1953 695
205 1891 307 1948 lleimb.
662 1906 729 1948 cero
744 1892 807 1947 dico
824 1899 877 1946 etc.

153 1973 243 2032 14.
257 1967 350 2031 .‘'O
319 1992 373 2048 εν
387 1968 485 2042 ιιοινος
501 1968 642 2030 διδοῖσιια·
704 1971 1065 2047 Communismapistcha·

110 2061 160 2128 λος
171 2054 329 2152 Πατρίιιιος
340 2058 394 2114 πο
396 2053 435 2114 iv
447 2051 563 2131 ἐκίνησε
573 2050 642 2149 περὶ
661 2060 763 2114 tricins
784 2059 872 2114 multa
898 2059 932 2113 de
954 2059 1011 2113 ltac
1034 2072 1066 2112 re

111 2138 219 2200 τούτου
234 2133 330 2215 λόγον,
346 2138 479 2215 θεωρίαν
493 2132 642 2209 διιοτδξας
661 2142 748 2199 acrba
756 2140 839 2213 fecit
852 2149 879 2197 et
890 2143 975 2197 liuius
985 2144 1067 2212 operi

112 2228 154 2302 τῷ
177 2216 322 2295 πονήμαιι
344 2220 451 2297 ταύτης
475 2229 526 2298 τῆς
544 2218 642 2279 diacoi
662 2229 871 2283 constitutionis
902 2226 1066 2282 considera·

113 2280 209 2378 ξεοις.3
224 2322 274 2359 και
266 2297 445 2380 πρόχειρόν
460 2301 529 2376 ἐστι,
552 2300 643 2383 ταδιη
663 2313 765 2365 tionem
780 2311 909 2380 subiecit,
926 2328 1010 2383 quum
1025 2312 1066 2365 in·

112 2384 164 2448 nal
179 2381 309 2462 ἐντυχεῖν
324 2383 374 2443 καὶ
392 2389 504 2461 μαθεῖν
518 2406 553 2443 ια
542 2363 643 2444 διιεί-
663 2395 760 2447 venire
772 2400 798 2448 et
809 2394 920 2449 discere
933 2410 977 2459 ca
992 2407 1067 2465 qieue

113 2492 157 2551 νςο
172 2466 342 2548 δεδογμένα.
361 2465 423 2544 ἐμοὶ
434 2465 467 2527 il
479 2467 561 2527 δοιιεῐ
557 2464 644 2563 μηδὲ
662 2475 707 2529 illi
717 2475 900 2540 uideanturs
889 2492 917 2529 in
931 2482 1067 2545 promptu

112 2531 188 2625 ὅδως
222 2553 348 2631 ἰσχυρῶς
381 2546 498 2656 {capitu
529 2541 629 2609 αυτόν.
632 2548 715 2612 ³est
752 2555 825 2611 Milli
845 2565 939 2611 autem
959 2573 1067 2629 nequa·

113 2634 320 2714 redemtorem
354 2634 410 2715 γὰρ
442 2625 646 2708 Ακουιλιανήν
664 2655 749 2709 quam
773 2641 864 2695 aalide
883 2655 970 2712 apere
994 2642 1066 2697 uide-

113 2716 315 2797 ποιησαμενος
327 2716 507 2824 ἒπερεδιησιν
518 2715 568 2777 uni
580 2711 645 2776 οἶκε
664 2730 721 2778 tur
753 2722 827 2777 Nam
847 2724 966 2794 finpitur
981 2724 1066 2795 Aqui·

114 2803 295 2865 πτιλατίονα.
337 2802 387 2862 nal
408 2803 498 2905 μοίαν
520 2795 646 2861 δύναται
663 2808 771 2861 tianam
801 2807 1011 2876 stipulationem
1042 2813 1068 2862 et

113 2885 219 2948 λοιπὸν
232 2881 339 2962 ἔχειν’
322 2884 451 2964 αγωγὴν,
466 2886 566 2944 πᾶσαν
577 2905 643 2943 ανε-
664 2891 909 2959 acceptilationem
951 2890 1066 2960 secisse

112 2960 174 3031 tolo
197 2967 244 3027 διδ
268 2977 318 3046 τῆς
341 2965 593 3038 despectissima
620 2968 647 3027 εἰ
665 2971 782 3040 Qualem
796 2976 1008 3028 neroactionem
1022 2989 1066 3029 re·

113 3044 209 3113 nal
179 3075 214 3112 τα
230 3051 353 3129 μαλιστα
376 3051 432 3131 γὰρ
454 3051 486 3112 εδ
507 3043 644 3127 παλαιόν,
662 3057 991 3128 liquamltabercpotest‚
994 3060 1070 3112 omisi

113 3133 156 3209 ὥς
176 3131 295 3207 αὐτὸς*
282 3157 298 3196 ο
313 3133 392 3214 ἥρως
408 3134 569 3216 Πατρίιιιος
585 3133 641 3194 ltt-
661 3146 792 3211 peremta
803 3155 858 3210 per
869 3141 1066 3210 acceptilatio-

113 3220 217 3297 δυξεν,
244 3216 377 3297 ἠδύναεό
399 3243 441 3293 τις
464 3215 618 3293 εἰπεῖν,”
599 3240 646 3278 οιι
663 3227 747 3280 nem?
769 3223 1068 3292 Quamvisenimolim,

113 3302 181 3381 περὶ
203 3311 254 3380 τῆς
282 3304 458 3381 νερεδιτάτις
484 3303 645 3376 ιιετιτίονος
664 3311 717 3364 ut
706 3323 768 3380 ipse
785 3309 911 3377 inclytus
924 3306 1069 3363 Patricius

116 3423 325 3431 ——--——.

110 3484 243 3548 producit,
254 3485 298 3546 qni
311 3483 378 3532 hanc
394 3490 473 3532 const.
489 3484 516 3532 in
532 3486 569 3533 tit.
585 3485 724 3547 depactis,
740 3500 788 3533 aon
803 3485 835 3533 de
848 3485 1069 3535 transactionibus

110 3555 254 3618 posuerint.
308 3550 328 3617 ¹)
344 3552 391 3600 Cui
405 3553 542 3615 respondet
556 3552 588 3600 L.
603 3565 623 3603 ο.
641 3554 666 3602 0.
682 3555 713 3603 de
728 3562 851 3603 transact.
867 3553 898 3619 (ν,
913 3553 936 3620 ι)
952 3556 1069 3604 Alexan·

113 3625 159 3674 dri
172 3624 234 3673 data
249 3639 273 3672 a.
289 3635 335 3674 stt.
365 3621 395 3671 In
417 3621 493 3686 θυεμ.
513 3624 551 3671 vel
571 3622 658 3671 Herm.
680 3624 705 3671 C.
726 3638 775 3672 aon
797 3631 877 3672 extat.
952 3622 1018 3689 ²)1..
1033 3637 1067 3675 ιο.

74 3732 78 3737 -
115 3693 141 3745 0.
161 3694 192 3744 de
211 3699 336 3742 transacl.
356 3691 391 3756 (t,
409 3691 433 3756 ι)
453 3713 486 3734 =
506 3692 572 3742 hs.
601 3691 644 3740 ΤΙι.
667 3692 692 3740 C.
708 3693 739 3742 de
755 3700 825 3754 pact.
841 3692 877 3759 (ι,
893 3693 915 3759 9)
938 3694 1067 3750 Gratiani,

118 3765 297 3814 Valentiniani
316 3770 340 3812 et
358 3762 506 3823 Theodosii,
525 3763 587 3812 data
602 3777 626 3810 a.
641 3773 687 3813 381.
762 3759 782 3827 ³)
798 3762 862 3811 Eam
878 3766 1003 3829 intellipe,
1024 3767 1069 3827 qui

110 3841 264 3899 pactnsest.
