2378 4386
176 500 240 565 258
465 517 527 553 om
544 516 646 552 auecta.
665 497 699 557 11.
719 503 860 553 loo-160.

178 677 239 717 rum
261 658 331 715 bona
354 658 489 716 uenierint
511 658 717 732 proportione,
739 660 763 714 si
786 657 848 731 quid
871 665 965 730 postea
989 657 1185 731 adquirant‚1io

178 745 259 801 etiem
276 744 383 817 saepius
399 758 493 799 eorum
510 741 578 798 hona
595 743 688 798 uenire
703 743 803 799 solent.
847 736 911 798 156.
934 741 980 797 Sui
1003 752 1092 799 autem
1114 752 1142 800 et

177 828 324 885 necessaris·
344 827 459 884 heredes
475 835 539 883 suot
555 827 630 883 uelut
646 825 717 882 filius
733 826 832 896 iiliaue,
855 842 941 900 nepos
963 829 1089 899 neptisue
1109 845 1143 885 es

177 909 233 967 filio
256 904 309 991 (et)
331 911 460 985 deinceps
482 912 582 981 ceteri,
611 913 658 985 qui
680 911 759 966 modo
787 912 813 966 in
841 915 978 985 potestate
1001 914 1142 969 morientis

178 996 303 1052 suerunt:
326 995 374 1051 sed
395 997 436 1052 uti
451 1011 537 1069 nepos
556 997 680 1069 neptisue
696 1011 765 1053 suus
784 995 863 1051 lieres
879 997 929 1066 sit,
953 1011 1007 1051 oon
1027 995 1141 1069 sufficit,

177 1095 239 1137 eum
254 1081 282 1136 iu
297 1088 435 1154 potestate
450 1083 493 1136 eui
508 1082 603 1136 mortis
626 1088 748 1154 tempore
765 1079 863 1150 fuisse,
884 1079 931 1135 sed
948 1096 1017 1153 opus
1033 1089 1090 1152 est,
1111 1091 1142 1137 ut

176 1171 255 1238 pater
270 1180 379 1238 quoque
395 1166 453 1220 eius
469 1166 534 1221 uiuo
550 1174 628 1239 patre
642 1180 693 1219 suo
708 1163 819 1219 desierit
829 1181 896 1219 suus
912 1164 992 1221 heres
1008 1181 1080 1236 esse,
1096 1175 1143 1222 aut

74 1244 78 1251 ⁴
177 1258 265 1306 morte
281 1252 447 1322 interceptus
463 1258 509 1305 aut
521 1248 640 1322 qualibet
653 1250 755 1304 ratione
772 1247 901 1304 liberatus
916 1258 1068 1323 potestate;
1086 1259 1141 1306 tum

177 1333 247 1389 euim
263 1349 350 1410 nepos
366 1335 492 1408 ueptisoe
507 1334 535 1389 in
556 1332 645 1392 iocum
661 1333 703 1388 sui
722 1335 806 1406 patris
821 1333 981 1390 succedunt.
1010 1329 1072 1392 tot.
1089 1333 1142 1390 Sed

178 1417 220 1473 sui
241 1418 350 1492 quidem
371 1417 485 1474 heredes
508 1418 569 1474 ideo
586 1416 768 1491 appellantur,
791 1419 853 1491 quia
870 1416 1011 1474 domestici
1027 1418 1142 1475 heredes

176 1510 284 1559 suntet
300 1504 363 1558 uiuo
387 1519 497 1576 quoque
513 1509 623 1577 parente
644 1500 848 1575 quodammodo
869 1502 970 1559 domiui
987 1504 1141 1559 existimau-

177 1596 232 1655 tur‚
248 1587 318 1643 unde
333 1589 414 1643 etiam
430 1589 454 1644 si
470 1589 530 1661 quis
545 1589 688 1642 intestatus
705 1595 830 1643 mortuus
847 1588 892 1655 sit,
909 1589 994 1661 prima
1007 1603 1084 1643 causa
1100 1596 1142 1642 est

177 1672 205 1726 iu
221 1673 393 1728 successione
409 1670 570 1729 liberorum:
593 1672 738 1727 necessarii
755 1688 820 1728 uero
843 1671 904 1727 ideo
921 1672 1060 1743 dicuntur,
1081 1673 1141 1744 quia

177 1754 349 1826 omnimodo,
365 1749 456 1835 (siue)
473 1755 557 1811 uelint
572 1754 654 1826 (sdue
667 1752 777 1827 (redint,
794 1750 865 1830 tom)
876 1755 909 1811 ab
921 1757 1050 1812 intestato
1062 1771 1141 1830 quam

177 1856 209 1896 es
226 1848 387 1896 testamento
408 1838 520 1895 heredes
542 1837 619 1899 fiunt.
663 1835 725 1898 158.
748 1839 800 1896 Sed
821 1841 862 1896 his
884 1848 994 1912 praetor
1008 1842 1142 1913 permittit

177 1922 312 1981 abstinere
334 1941 363 1980 se
386 1923 418 1978 ab
441 1922 610 1994 hereditate,
635 1933 664 1979 ut
687 1926 778 1997 potius
793 1925 912 1998 parentis
928 1922 998 1978 hona
1015 1934 1141 1980 ueneant.

175 2004 239 2065 loe.
263 2008 335 2066 idem
350 2009 417 2064 iuris
433 2017 474 2064 cst
490 2015 517 2063 ct
532 1999 591 2085 (in)
608 2010 698 2064 uxoris
718 2024 844 2082 persona,
866 2023 935 2080 quse
951 2009 977 2061 in
994 2023 1073 2062 manu
1089 2018 1142 2079 est,

178 2093 240 2166 quia
257 2092 325 2149 tiliae
341 2092 402 2148 loco
418 2101 469 2161 est,
493 2100 520 2147 et
535 2095 563 2147 iu
581 2109 682 2162 nurus,
708 2109 777 2165 quae
799 2093 824 2146 iu
841 2106 921 2146 manu
938 2089 984 2145 filii
1000 2099 1053 2159 est,
1077 2094 1142 2163 quia

62 2183 69 2196 ‘
121 2172 164 2235 ,95-
179 2180 270 2254 neptis
283 2178 344 2233 loco
356 2183 406 2236 est.
427 2172 495 2238 160,
506 2175 575 2243 Oasin
586 2178 664 2233 etiam
675 2176 799 2232 similiter
808 2173 959 2231 abstinendi
969 2168 1142 2251 potestdatent

179 2261 243 2318 iacit
265 2270 375 2335 praetor
390 2262 468 2317 etiam
488 2260 531 2323 ’ei‚
554 2263 642 2335 quiin
659 2277 738 2319 cause
754 2260 881 2333 tuaapria'
894 2267 946 2329 est,
969 2259 996 2315 id
1012 2267 1054 2314 est
1070 2277 1144 2315 uian-

177 2348 283 2418 cipato‚
306 2340 383 2419 (qui)
405 2363 465 2401 cum
488 2339 628 2402 libertate*
655 2346 734 2402 heres
757 2346 899 2401 institutus
914 2345 964 2412 sit;
988 2337 1143 2417 ‘qttomuis²

177 2595 246 2628 nune
261 2579 323 2628 milti
335 2580 515 2642 satisfaciunt,
531 2593 578 2627 nec
592 2577 651 2626 Suo.
667 2580 700 2640 ej.
713 2575 759 2643 (esc
772 2591 802 2627 eo
817 2573 896 2641 qood)
910 2575 1008 2625 Latinus
1023 2577 1062 2625 uel
1076 2591 1143 2624 mea:

178 2649 256 2699 Latini
275 2649 360 2717 (bonis
379 2651 455 2716 quae)
475 2649 617 2712 adquisierit
634 2650 674 2697 oel
693 2650 720 2696 in
740 2648 780 2697 ed.
800 2659 820 2699 o.
849 2647 929 2695 Letius'
946 2646 1020 2696 donis
1041 2648 1081 2710 qui
1102 2648 1143 2696 de·

177 2723 292 2783 cesserit;
307 2722 508 2772 demonstranda
526 2721 669 2769 enituerat
687 2719 849 2768 hereditaria
868 2732 949 2768 cause
963 2719 1143 2781 acquisitionis

178 2800 203 2842 et
217 2795 389 2858 intellegendo
404 2801 441 2842 est
456 2792 580 2841 donorum
595 2792 641 2839 ilie
657 2792 786 2853 possessio
806 2789 838 2856 (1,
852 2789 889 2852 ³5)
909 2804 959 2838 non
974 2788 1047 2838 modo
1066 2779 1142 2838 dono·

177 2880 233 2913 runt
257 2865 375 2926 defuncti
397 2863 444 2911 sed
465 2864 542 2910 etiam
561 2862 625 2910 ciuis
650 2861 720 2910 Rom.
738 2861 808 2923 sacti
831 2861 930 2909 Lotint'.
961 2857 1056 2908 Sedet
1075 2874 1143 2908 nunc

177 2936 275 2983 demum
301 2950 336 2982 eae
360 2947 384 2992 1,
404 2943 429 2982 ot
453 2948 469 2979 α
496 2931 569 2981 nobis
590 2933 710 2981 restituta
735 2933 908 2996 intellept'tur,
937 2929 1142 2994 quemadmodum

181 3003 262 3052 Gaius
281 3005 329 3053 doe
348 3005 490 3065 euemplum
508 3002 532 3049 d.
553 3004 569 3049 1.
591 3002 660 3066 (onte
675 3014 699 3064 s,
714 3014 740 3053 ts
754 3001 818 3067 seq.)
835 3018 935 3066 ponere
953 3001 1076 3065 potuerit.
1108 2997 1142 3047 In

177 3091 319 3154 orcdetypo
337 3091 462 3152 scriptum
479 3090 563 3152 suerit
579 3090 672 3138 Latiniu
694 3092 757 3152 (pro
776 3089 802 3155 h)
823 3093 862 3153 [pm
882 3092 904 3139 h.
983 3084 1003 3153 1)
1018 3088 1041 3136 ei
1058 3087 1099 3151 qui
1118 3087 1142 3135 in

178 3175 249 3209 eausa
275 3161 298 3208 id
322 3168 335 3207 e
359 3161 492 3222 mancipato
518 3161 605 3223 maetpi
624 3175 637 3207 e
657 3175 709 3208 cum
729 3160 832 3209 liberet
852 3162 877 3211 0.
898 3160 945 3226 (et,
970 3158 1054 3210 uerbis
1068 3159 1093 3207 id
1107 3166 1144 3206 est

179 3232 313 3294 mancipato
332 3238 428 3279 tantum
449 3231 553 3279 auncinis
572 3232 681 3280 inclusis
699 3231 737 3282 ed.
754 3230 802 3295 Bp.
817 3230 839 3293 t)
860 3233 1007 3295 mancipato,
1023 3232 1046 3280 id
1061 3238 1098 3278 est
1113 3229 1143 3291 ei,

178 3303 218 3365 qui
239 3302 261 3349 in
282 3317 353 3350 causa
373 3301 485 3363 mancipii
506 3309 555 3361 est,
575 3316 629 3351 euna
647 3302 744 3350 liberet
759 3303 798 3350 ed.
814 3301 862 3367 Bp.
893 3303 930 3365 Cf.
948 3300 1054 3351 ‘Gaius'
1068 3318 1094 3365 p.
1109 3311 1143 3351 oo.

179 3372 210 3433 ei,
224 3373 264 3435 qui
280 3373 303 3421 iu
318 3387 389 3421 causa
405 3373 517 3434 mancipii
532 3380 577 3430 est,
595 3371 640 3438 (st)
655 3388 708 3422 cum
724 3373 833 3421 libertate
848 3374 888 3422 ed.
903 3372 977 3422 Stud.
1044 3370 1067 3439 ²)
1083 3372 1144 3422 Cor·

177 3445 246 3492 rexi.
271 3458 324 3492 cuut
340 3442 377 3508 (in
393 3443 534 3506 orcdetppo
546 3451 610 3506 puto
626 3453 654 3493 cu
665 3459 717 3507 pro
733 3441 774 3509 qtt)
791 3444 816 3494 0.
832 3444 890 3492 edd.

247 3651 291 3724 §ff
308 3656 455 3706 166-168.
471 3677 504 3697 ==
520 3658 542 3717 ξ.
559 3667 579 3706 a.
599 3656 670 3704 Ltit.
683 3656 726 3704 cit.
741 3660 773 3716 (o,
788 3651 832 3718 te).
854 3654 892 3715 Of.
904 3656 976 3716 infra
991 3667 1012 3716 s,
1023 3669 1042 3706 e.
1063 3657 1094 3705 L.
1107 3673 1141 3710 11.

176 3727 209 3777 Ι).
224 3728 257 3777 de
271 3727 313 3777 tio.
329 3735 353 3776 et
364 3734 432 3790 post.
443 3726 488 3789 (ee,
498 3727 529 3790 s).
559 3725 613 3790 Uip.
629 3738 661 3776 sa.
676 3737 710 3776 st.
731 3724 820 3774 Cottae.
837 3736 904 3783 1o‚s.
925 3726 947 3784 ξ.
963 3736 983 3774 o.
1040 3728 1063 3787 ς.
1082 3731 1141 3778 159.

175 3798 217 3921 gs.
237 3810 302 3902 ³²³.
326 3809 351 3860 s,
371 3809 416 3848 iss.
438 3810 462 3860 1,
483 3808 529 3845 111.
602 3792 627 3865 ς.
650 3797 707 3847 160.
729 3795 766 3858 Cf.
788 3807 812 3855 1,
833 3806 878 3844 ies.
899 3806 944 3844 iss.
964 3807 989 3856 s,
1010 3808 1055 3845 tte.
1087 3798 1143 3863 Utp.

91 3901 99 3915 ·
210 3884 280 3933 ,ee.
