2378 4386
161 507 229 575 ,522
442 523 508 560 anau
525 522 620 559 ravum
638 521 711 558 saur.
729 502 776 557 IV.
797 508 836 557 11.

229 655 253 712 1.
272 648 372 711 ¹Primo
387 651 472 727 gradu
487 654 620 727 superiori
634 651 705 708 linea
721 652 894 708 continentur
906 656 994 723 pater,
1009 654 1114 716 mater:
1127 660 1183 712 [tan

166 739 285 794 interiori
301 735 384 809 filins,
399 734 468 792 filla:
490 736 588 810 quibus
609 734 698 792 nullae
718 735 785 790 aliae
806 748 938 807 personae
953 734 1117 807 iunguntur.

165 821 193 882 2.
217 814 360 877 ²Sccundo
386 819 471 894 gradu
492 821 666 876 continentur
686 818 818 892 superiori
841 817 911 874 linea
934 832 1018 889 auus,
1040 819 1117 892 auia;

165 904 286 963 interiori
301 919 397 978 nepos,
413 905 515 978 neptim
532 911 687 959 transuersa
703 903 796 972 irater,
811 917 900 958 soror.
938 917 1007 975 quae
1023 916 1118 975 perso·

166 1004 215 1044 nse
236 987 422 1061 duplicantnr;
443 1004 511 1044 auus
531 988 601 1044 euim
623 997 650 1042 et
672 988 731 1042 auia
754 995 807 1041 tem
828 1001 861 1041 eu
881 993 958 1059 patre
980 1001 1061 1058 qnam
1083 1001 1119 1042 ex

127 1144 131 1149 ι
165 1079 266 1137 matre,
283 1087 384 1145 nepos,
399 1073 487 1145 neptis
503 1079 556 1127 tam
571 1086 604 1126 ex
619 1068 674 1126 filio
690 1085 768 1143 quam
784 1085 816 1124 ex
832 1066 902 1139 fllia,
924 1068 1023 1138 irater,
1038 1084 1119 1125 soror

166 1164 221 1212 tarn
236 1171 268 1211 ex
291 1162 367 1229 patre
390 1171 469 1229 quam
491 1171 524 1211 ex
546 1162 630 1211 matre
650 1155 826 1226 accipiuntur.
869 1150 1027 1225 'lItemlque
1050 1145 1119 1208 Ιιοο3

166 1254 298 1314 personae
320 1239 495 1311 sequentibus
517 1230 656 1313 ’quoque⁴
677 1236 805 1311 gradibus
827 1235 952 1292 similiter
973 1252 1025 1309 pro
1045 1235 1118 1292 ‘sub-

83 1324 91 1337 ‘
167 1317 282 1379 ιιοοῑίι5
297 1338 405 1392 earnm,
428 1323 537 1396 quaein
559 1337 669 1395 qnoque
689 1319 774 1394 gradu
790 1321 959 1389 consistunt,
983 1318 1052 1394 ’ipso
1075 1336 1119 1376 or·

166 1399 248 1462 (line⁸
263 1404 442 1479 duplicantur.
479 1401 509 1462 8.
533 1397 643 1461 ⁷'Iertio
659 1403 746 1478 gradu
766 1405 878 1458 ueniunt
892 1419 974 1477 supra
989 1419 1118 1477 proauus,
1129 1421 1184 1470 [arn

167 1492 292 1564 proauis:
309 1489 376 1544 inira
392 1504 540 1562 pronepos,
556 1490 712 1562 proneptis:
728 1503 761 1543 ex
776 1487 887 1560 obliquo
900 1487 991 1543 fratris
1002 1489 1118 1544 sororis·

166 1590 220 1647 que
249 1571 335 1641 filius,
363 1570 430 1645 filia3
464 1579 594 1646 patruus,
622 1574 715 1641 amita,
743 1569 770 1626 id
798 1580 839 1626 est
868 1572 952 1643 patris
981 1571 1063 1626 irater
1090 1578 1118 1626 et

166 1672 261 1723 soror;
283 1655 443 1724 auunculus,
467 1662 622 1724 matertera,
652 1653 678 1710 ld
700 1661 742 1709 est
764 1655 854 1709 matris
878 1653 960 1709 irater
979 1662 1007 1710 et
1028 1669 1117 1711 soror.

167 1816 269 1867 adiecta
283 1814 347 1864 boec
358 1815 441 1877 fuism
455 1812 564 1876 outDiq,
577 1812 686 1861 editioni
693 1813 769 1861 simut
778 1828 833 1862 cum
844 1811 1023 1862 Institutiones
1032 1812 1119 1862 ederet

167 1892 287 1942 auratae,
308 1900 373 1949 quoe
390 1885 505 1946 sortasse
526 1884 577 1930 iam
597 1897 647 1932 non
668 1888 740 1931 catat
761 1883 829 1945 (narn
847 1881 926 1931 dubio
947 1897 991 1931 res
1011 1890 1061 1940 est,
1083 1882 1117 1945 cs.

167 1954 351 2021 Sponqenberq
365 1953 469 2002 Einleit.
486 1955 526 2001 ins
542 1951 617 2015 Corp.
632 1954 683 2000 iur.
696 1968 722 2014 p.
733 1952 784 2017 sos)
798 1952 834 2001 od
847 1952 878 2000 L.
895 1964 927 2003 ιο.
948 1952 980 2000 D.
995 1953 1028 2002 de
1040 1953 1117 2018 qrad.

167 2042 241 2091 coqn.
256 2023 301 2091 (at,
315 2023 365 2089 ιο),
379 2031 425 2072 aut
438 2022 628 2071 Institutionum
642 2021 750 2071 editioni
764 2021 806 2071 lib.
823 2021 874 2072 III.
889 2024 928 2071 tit.
943 2035 977 2081 o,
992 2022 1036 2072 ubi
1046 2024 1118 2085 sorte

167 2096 326 2160 bibliopeqoe
344 2095 406 2142 uitio
425 2091 575 2156 quibusdom
596 2094 622 2139 in
643 2092 834 2155 exemplaribus
849 2094 987 2156 perierint.
1021 2090 1074 2141 Sed
1092 2099 1118 2141 et

164 2180 318 2229 persuasum
331 2163 392 2211 mibi
406 2169 456 2221 est,
471 2163 561 2210 nonin
578 2162 665 2211 codice
680 2164 766 2226 aliquo
781 2178 848 2220 eom,
863 2163 959 2226 dequo
974 2163 1118 2227 quaeritur,

165 2237 276 2299 sormam
288 2233 447 2296 superiorem
462 2231 575 2281 Gentium
590 2234 730 2295 reperisse,
749 2233 795 2282 sed
813 2235 895 2295 ipsum
910 2233 946 2282 ad
960 2233 1049 2282 Paulli
1061 2247 1118 2282 sen·

168 2305 272 2353 tentiam
291 2304 318 2350 in
336 2302 384 2351 boc
403 2303 441 2350 tit.
456 2309 480 2351 et
495 2303 603 2351 maxime
617 2302 649 2351 L.
664 2314 684 2353 ο.
701 2314 732 2352 ιο.
759 2303 789 2350 Ι).
805 2303 836 2351 de
853 2303 929 2367 prod.
946 2318 1000 2368 coq.
1016 2301 1067 2367 (ss,
1083 2302 1118 2367 ιο)

166 2375 231 2424 scite
245 2373 426 2435 descripsisse,
445 2373 521 2436 idque
534 2374 590 2421 sine
604 2372 710 2435 froude.
736 2372 799 2421 Nom
814 2379 839 2422 et
858 2388 977 2423 numeros
990 2374 1119 2437 qraduum

167 2442 283 2494 arabicis
295 2444 379 2508 siqnis
394 2442 520 2493 indicauit
533 2449 557 2491 et
571 2444 625 2506 ipse
640 2444 666 2490 in
679 2444 731 2504 fine
745 2444 861 2501 notulae,
876 2459 951 2506 quam
964 2444 1036 2501 diei,
1053 2439 1118 2493 ‘Ita-

168 2509 237 2579 que’,
252 2514 342 2577 inquit,
358 2508 437 2563 ‘bono
449 2514 578 2578 prociarum
588 2515 700 2577 liquram
709 2514 752 2563 oio
762 2528 799 2561 me
809 2513 972 2563 adamussim
981 2513 1119 2563 secundum

168 2585 353 2636 Iurisconsulti
366 2586 515 2634 sententiam
529 2580 717 2647 descripsisse.’
741 2583 804 2632 Item
817 2586 844 2632 in
855 2586 922 2633 notis
931 2584 966 2633 ad
975 2584 1036 2635 edit.
1046 2599 1118 2634 suam

167 2655 253 2706 Instit.
274 2655 388 2704 Parisiis
402 2666 461 2707 ιοοο.
482 2654 654 2719 publicatam,
674 2652 717 2702 ubi
735 2655 805 2703 nullo
819 2661 949 2703 stemmata
963 2660 1118 2717 comparent,

167 2728 206 2777 tit.
220 2738 241 2778 s.
257 2725 299 2775 tib.
315 2725 367 2775 III.
379 2727 427 2789 sol,
442 2736 475 2777 tt.
502 2721 641 2782 ‘Idcirea',
655 2725 750 2786 inquit,
774 2720 915 2773 ‘stemmata
927 2725 968 2773 sio
982 2724 1118 2788 descripsi,

168 2804 196 2847 ut
209 2813 285 2847 unum
299 2803 396 2846 tontum
410 2797 478 2845 latus
491 2795 600 2844 babeant
618 2801 805 2852 transuersum,
824 2794 1032 2858 quemadmodum
1050 2801 1076 2844 et
1088 2808 1119 2844 eo

167 2884 185 2918 a
199 2866 326 2918 ueteribus
339 2867 470 2929 descripto
481 2866 565 2927 fuisse
575 2871 647 2926 puto.
673 2862 737 2912 Nom
747 2866 773 2912 in
784 2865 959 2913 uetustissimis
969 2863 1119 2928 quibusdam

168 2937 320 2987 membranis
333 2936 457 3000 quaedam
475 2935 616 2996 descriptio
635 2935 736 2983 inuento
755 2941 793 2983 est
811 2949 862 2982 non
882 2936 985 2983 multum
998 2950 1015 2984 a
1029 2941 1118 2985 nostro

168 3003 341 3070 discrepans!
373 3004 442 3065 Quae
457 3011 587 3068 postremo
602 3002 680 3052 uerbo
697 3011 814 3065 spectant
829 3005 939 3067 formam
958 3005 1118 3067 inferiorem,

167 3078 244 3126 etiam
257 3074 289 3123 ob
303 3074 407 3125 Isidoro
420 3081 556 3131 seruatam,
570 3088 644 3136 quom
654 3075 801 3136 inspeciem
811 3074 959 3137 pyramidis
968 3075 1118 3124 decurtatos

165 3159 215 3210 per
229 3146 369 3194 laterculos
383 3144 536 3192 delineatam
551 3141 603 3205 ipsa¹
613 3143 684 3204 infra
695 3143 950 3205 repraesentabimus.
974 3144 1029 3193 Iam
1038 3145 1118 3206 uides,

168 3213 246 3265 aerbo
261 3215 307 3262 illa
320 3214 402 3270 tituli,
421 3227 492 3275 quem
506 3212 577 3272 dixi,
598 3207 654 3260 ‘Re
671 3212 738 3263 libro
756 3221 848 3276 quarto
867 3212 936 3263 Sent.
952 3213 1015 3263 Iulii
1031 3215 1119 3264 Paulli

166 3281 239 3344 etc),
257 3297 322 3346 quae
338 3281 499 3331 Charondam
518 3282 546 3329 in
564 3296 680 3331 errorem
698 3283 871 3340 induxerunt,
886 3285 1010 3347 quomodo
1025 3286 1118 3335 intelli·

167 3353 325 3422 penderint.
356 3350 470 3401 Ceterum
484 3366 534 3401 non
548 3350 644 3410 dubito,
658 3354 720 3416 quin
737 3352 845 3403 Paullus
858 3357 934 3403 etiam
949 3356 1039 3419 thuro
1055 3369 1119 3421 qro-

167 3424 245 3476 duum
258 3422 456 3485 descriptionem
469 3423 646 3471 illustraverit.

242 3491 290 3542 Iit.
309 3491 357 3541 XI.
396 3491 434 3556 Os.
449 3494 550 3542 omnino
564 3493 595 3542 de
611 3493 739 3559 prodibus
752 3495 895 3557 expositio,
914 3509 989 3558 quom
1003 3494 1120 3545 dabimus

167 3565 249 3628 infra.
298 3559 318 3629 ¹)
335 3563 373 3625 (ΣΙ.
388 3562 419 3612 Ι..
432 3574 465 3614 ιο.
481 3564 504 3625 fi.
515 3573 547 3614 ιι.
563 3563 594 3611 L.
609 3565 698 3625 a.§.1.
719 3563 750 3612 D.
765 3565 797 3613 de
809 3564 886 3630 qrad.
901 3572 926 3614 et
935 3566 1009 3628 assim.
1019 3564 1064 3630 (ss,
1075 3566 1118 3632 ιο).

170 3631 245 3701 ¹)Cs.
260 3632 292 3682 L.
308 3646 327 3684 1.
346 3635 369 3695 θ.
384 3646 405 3685 t.
425 3632 456 3682 L.
472 3646 505 3685 ιο.
524 3635 548 3695 θ.
564 3645 597 3685 ιο.
617 3634 648 3682 t).
663 3635 718 3684 eod.
792 3630 813 3699 ⁸)
827 3633 939 3699 Scripsi.
972 3636 1036 3694 Quae
1056 3637 1119 3700 (pro

168 3702 271 3772 (itemlq.
286 3703 340 3769 bas)
356 3703 417 3755 Odd.
432 3704 489 3754 edd.
563 3700 584 3769 ⁴)
600 3704 721 3769 Plerique
738 3703 799 3754 Cdd.
815 3706 994 3770 quibuscunque
1009 3721 1044 3756 ex
1058 3707 1120 3755 aliis

167 3775 225 3826 edd.
277 3770 297 3837 ⁸)
312 3776 329 3824 i.
343 3790 365 3824 e.
380 3776 554 3832 universitate,
570 3789 681 3825 numero.
742 3771 762 3838 ⁸)
777 3777 794 3823 i.
809 3791 831 3825 e.
847 3779 993 3841 utquisque
1009 3777 1119 3825 ulterior

164 3846 266 3913 qradus
276 3846 391 3909 priorem
404 3846 511 3908 excipit.
563 3841 585 3910 ἵ)
601 3844 638 3909 Of.
654 3843 685 3893 L.
702 3857 721 3895 1.
741 3846 764 3905 ξ.
779 3855 800 3896 t.
819 3845 850 3896 L.
867 3858 899 3897 ιο.
919 3847 942 3907 θ.
959 3857 991 3895 ιι.
1013 3845 1044 3893 D.
1060 3846 1084 3894 l.
1100 3851 1119 3895 t.
