2378 4386
449 522 656 572 PRAEFATIO.
1008 528 1055 575 XV

89 676 133 741 iis
168 674 325 739 attributa
356 678 464 755 erant,
499 676 617 745 eiectis.
662 678 877 740 Accesscrunt
908 676 1056 759 inprimis

89 758 257 825 Ciceronis
294 757 332 821 dc
367 757 492 842 legibus
526 759 598 823 libri
632 760 835 843 superstites,
874 758 1055 825 collectioni

89 845 238 920 nostrae,
268 845 304 904 ut
326 846 399 924 post
420 840 546 907 demum
569 841 649 924 vidi,
672 864 710 906 ex
732 843 879 907 instituto
900 841 967 907 eius
989 863 1055 908 non

90 926 203 991 minus
224 924 292 988 iure
313 924 514 1008 vindicandi,
542 946 637 1009 quam
665 926 780 1011 quibus
802 927 889 1009 prius
912 926 988 990 solis
1009 926 1055 991 lo-

91 1031 168 1076 cum
191 1007 353 1091 dederam,
383 1030 421 1073 ex
448 1008 530 1073 libro
553 1009 619 1074 eius
640 1008 679 1073 de
700 1011 767 1074 iure
790 1009 875 1075 civili
897 1011 932 1074 in
953 1012 1054 1075 artem

90 1092 269 1177 redigendo
290 1096 416 1156 servata
437 1093 531 1157 nobis
553 1092 685 1176 paucula
705 1093 827 1159 frusta:
854 1114 934 1178 quos
955 1093 1055 1159 libros

91 1181 215 1274 tamen,
238 1196 309 1240 cum
331 1176 472 1273 amplum
494 1180 652 1273 occupent
666 1178 813 1274 spatium,
834 1181 871 1274 et
884 1177 1051 1263 plerisque,

91 1280 334 1410 tlttbttt
358 1263 493 1409 dut
506 1259 1056 1428 lll¹ltpt¹ttllntl,⁵ttl

92 1429 193 1523 etism
214 1426 444 1523 castigatiores,
466 1449 560 1511 quam
574 1449 660 1492 nunc
675 1427 949 1509 circumferuntur,
971 1427 1055 1492 baud

91 1531 222 1661 ffiplipe
236 1510 1054 1676 ldltiabimiraignnieriidmpddbsdtadicitediffiddsiudessiiildi

93 1683 127 1744 et
161 1675 293 1760 Ulpiani
325 1676 567 1740 Institutionum
604 1676 755 1760 reliquiae
790 1675 1054 1743 vindobonenses

94 1784 133 1828 ex
156 1761 249 1825 novis
279 1761 362 1824 cnris
384 1759 423 1823 iis
446 1760 601 1844 impensis
622 1781 724 1843 paene
746 1780 861 1824 novam
883 1760 1055 1825 induerunt

93 1847 240 1911 formam.
287 1841 376 1918 Quod
404 1843 482 1907 item
508 1843 642 1908 fortasse
670 1843 852 1927 praedicare
879 1843 989 1908 liceret
1016 1844 1054 1909 de

90 1926 1053 2079 {ditionii}‘¹2{lllltnpttnttssll³llttllltl

93 2096 287 2161 collatorum
309 2094 411 2177 plenis
434 2095 589 2159 fructibus
605 2096 652 2158 uti
667 2095 729 2158 iam
745 2116 837 2179 posse
854 2096 1050 2180 contigisset.

93 2179 140 2245 Hi
177 2182 285 2241 tamen
318 2177 436 2260 publici
468 2180 545 2243 iuris
578 2178 718 2243 nondum
747 2178 826 2242 facti
858 2181 962 2259 erant,
996 2200 1053 2242 nec

97 2261 273 2347 operiendi,
295 2260 394 2324 donec
417 2262 449 2325 id
471 2262 576 2344 fieret,
599 2266 742 2345 potestas
764 2261 838 2326 data
859 2264 920 2344 est,
945 2261 1053 2325 biblio-

103 2347 185 2426 )ola,
214 2345 267 2427 qui
295 2349 438 2408 nostrum
467 2367 546 2428 opus
567 2345 716 2426 redemit,
744 2348 893 2429 utquam
917 2346 1053 2428 primurn

109 2430 202 2495 »riore
230 2428 368 2491 editione
397 2449 496 2509 paene
519 2428 671 2493 exhausta
692 2450 776 2493 nova
798 2436 977 2511 pararetur,
1006 2430 1053 2492 in·

114 2517 274 2579 lantonae
294 2514 423 2593 propter
434 2515 556 2592 partem
571 2511 706 2575 fortasse
720 2512 939 2594 imperfectam
950 2517 1052 2578 totum

121 2618 176 2681 nus
200 2616 271 2658 curn
294 2595 483 2657 detrimento
506 2614 562 2657 suo
578 2594 696 2658 differri
712 2600 857 2678 oportere
873 2599 1051 2659 caussante.

127 2680 234 2746 iterim
257 2682 290 2741 et
305 2678 402 2740 Gaius
425 2678 621 2760 aliquantum
637 2680 748 2740 auctus
763 2682 796 2741 et
810 2682 969 2741 correctus
984 2699 1053 2759 pro·

132 2769 144 2829 t
167 2784 226 2826 nec
250 2765 425 2825 ceterarum
451 2761 596 2846 cuiquam
615 2760 695 2844 syllo
720 2781 753 2824 es
773 2761 912 2857 partium
933 2761 998 2824 siva
1020 2761 1054 2824 in

139 2852 189 2912 stu
204 2848 270 2910 sive
286 2847 319 2908 in
335 2845 593 2910 adnotationibus
608 2780 805 2909 emendatrix
816 2865 928 2908 manus
941 2843 1050 2909 deluit.

161 2930 285 2994 indices
314 2930 354 2993 ad
376 2929 546 2994 secundum
569 2929 740 2993 editionem
763 2928 900 2994 confecti
923 2928 1053 3013 partim·

151 3038 157 3076 a
181 3014 221 3076 ad
243 3014 379 3098 paginas
401 3014 467 3077 eius
495 3013 587 3077 relati
615 3017 651 3077 ut
671 3016 824 3097 quantum
848 3013 916 3076 fieri
937 3016 1052 3097 posset,

161 3119 193 3159 m
222 3099 285 3178 his,
314 3099 366 3180 qui
395 3098 522 3161 tertiam
549 3101 717 3180 usurpant,
747 3098 818 3161 usui
848 3116 916 3161 esse
938 3118 978 3160 nc
1001 3096 1052 3159 dc·

163 3187 254 3258 rent,
284 3181 403 3258 curavi,
432 3184 468 3244 ut
495 3181 652 3244 secundae
678 3180 828 3244 editionis
861 3180 1050 3263 paginarum

169 3286 262 3346 ierus,
292 3264 346 3326 ubi
374 3285 514 3360 quaeque
537 3265 705 3347 inciperet,
728 3264 802 3328 huic
824 3285 927 3328 novae
948 3264 984 3327 in
1004 3263 1053 3326 in·

175 3370 214 3411 re
237 3349 381 3431 margine
403 3369 493 3412 uncis
516 3346 655 3411 inclusus
677 3347 919 3412 adscriberetur.

180 3436 270 3514 taque
297 3432 422 3494 dimitto
449 3453 528 3514 opus
555 3431 723 3514 favorque,
753 3452 814 3515 qno
842 3430 963 3514 priores
986 3429 1053 3492 eius

188 3536 253 3576 »nes
276 3517 425 3596 exceptae
448 3520 543 3594 sunt,
567 3515 664 3578 etiam
690 3513 749 3578 has
770 3525 946 3599 postremas
970 3533 1053 3576 meas

215 3601 251 3656 ut
273 3602 496 3678 prosequatur,
520 3601 553 3661 et
574 3602 648 3680 opto
672 3601 705 3661 et
726 3618 829 3681 spero.

199 3712 249 3774 ¹cr.
271 3707 476 3775 Vratislaviae
492 3734 600 3777 mensa
616 3712 795 3798 Septembri
810 3715 1052 3773 Mocccnxxffl.
