2378 4386
47 528 51 565 ¹
118 538 179 603 668
322 556 381 592 aros.
401 556 433 592 au
450 555 513 591 nou.
532 555 621 592 sensu
639 555 748 591 concur.
768 536 812 590 VI.
833 544 857 592 6.

117 704 168 745 uec
178 695 240 742 ante
256 687 398 759 quicquam
413 683 545 741 eiusmodi
560 701 621 740 esse
636 687 823 752 commissum,
848 684 922 758 quod
937 693 1013 742 esset
1028 696 1082 744 aut

117 772 258 828 clementia
278 766 487 838 remittendum,
510 775 555 823 aut
571 767 676 840 legibus
697 767 898 842 corrigendum.
941 766 973 826 t.
999 765 1080 828 'Sed¹

116 853 230 929 posthac
256 852 416 926 religionem
448 853 671 925 sanctitatemque
701 854 727 907 ln
756 851 879 908 conubiis
912 854 1078 926 copulandis

117 936 243 994 uolumus
258 936 291 992 ab
306 951 472 1009 unoquoque
486 938 600 1004 seruari,
621 945 650 991 ut
665 952 695 990 se
710 935 742 990 ad
758 935 924 1009 disciplinam
940 936 1078 1012 legesque

117 1021 248 1077 lionranas
264 1021 433 1076 meminerint
448 1021 600 1092 pertinere:
623 1028 650 1075 et
666 1035 709 1074 eas
728 1027 831 1075 tanturn
853 1021 942 1075 sciant
964 1024 1078 1095 nuptias

117 1104 214 1174 licitas,
237 1119 305 1178 quae
326 1112 390 1159 sunt
410 1103 530 1159 Romano
552 1105 610 1158 iure
632 1103 788 1176 permissae.
832 1100 859 1158 d.
884 1102 949 1159 Cum
975 1105 1078 1178 quibus

117 1195 206 1244 autern
229 1189 352 1261 personis
367 1195 420 1242 mm
436 1195 629 1260 cognatorum,
652 1202 730 1260 quam
753 1203 785 1242 eu
807 1185 934 1242 adfinium
957 1205 1077 1247 nurnero

117 1273 240 1329 contrahi
255 1287 309 1327 uon
325 1271 403 1327 licent
418 1271 632 1338 matrimonium,
656 1271 707 1325 lroc
722 1269 810 1326 edicto
826 1279 922 1326 nostro
939 1274 1077 1346 complexi

117 1371 223 1412 sumus:
245 1371 307 1412 cum
324 1352 386 1424 stila,
403 1364 492 1427 nepte,
508 1363 651 1427 prompte,
672 1355 789 1427 itemque
805 1363 899 1427 matre,
921 1357 991 1426 auia,
1011 1374 1116 1429 pro-[sa

117 1442 190 1497 auia:
214 1448 241 1496 et
256 1455 287 1495 ex
303 1438 387 1495 lutere
402 1440 481 1494 amita
497 1455 527 1494 ac
542 1445 695 1507 matertera,
718 1432 876 1512 lamere),²
898 1443 1004 1496 sororis
1020 1439 1076 1498 lilia

117 1532 144 1580 et
156 1540 188 1580 ea
199 1539 231 1579 ea
242 1531 333 1596 nepte.
362 1522 482 1594 itemque
494 1537 526 1576 er
539 1519 669 1576 adfinibus
684 1522 819 1594 priuigno,
834 1537 962 1592 nouerca,
980 1540 1073 1596 somn,

116 1623 203 1675 nuru,
225 1607 393 1679 ceterisque,
416 1620 484 1677 quae
507 1607 617 1676 antiquo
641 1606 697 1659 lure
720 1604 913 1678 prohihentur,
935 1624 950 1662 a
973 1607 1075 1680 quibus

117 1697 229 1748 cunctos
253 1688 379 1745 uolumus
400 1688 543 1744 abstinere.
587 1683 617 1743 6.
640 1687 708 1743 Nihil
725 1689 812 1758 enim,
834 1689 886 1744 uisi
903 1699 1027 1748 sanctum
1043 1709 1076 1750 ac

117 1773 269 1830 uenerabile
283 1781 376 1829 nostra
392 1772 450 1827 iura
464 1770 631 1840 custodiunt,
650 1779 678 1828 et
697 1765 757 1827 'ita³
772 1772 804 1826 ad
820 1781 920 1828 tautum
936 1777 1075 1848 magnitu-

115 1859 205 1914 dinem
220 1856 337 1913 llomaua
352 1857 475 1912 maiestas
490 1861 648 1910 cunctorum
668 1858 807 1911 numinum
825 1855 920 1912 lauore
935 1862 1074 1930 peruenit,

116 1944 242 2016 quoniam
266 1956 358 1995 omues
380 1940 455 2011 leges
477 1954 539 1993 suas
560 1936 713 2011 ’religionis
736 1934 881 2012 sapientia⁴
902 1943 1074 2016 pudorisque

116 2025 305 2082 obseruatione
320 2022 450 2079 deuiuxit.
494 2016 520 2080 7.
542 2019 629 2087 Quare
646 2022 698 2079 hoc
712 2023 800 2079 edicto
824 2032 920 2080 nostro
944 2025 1073 2083 uolumus

115 2108 240 2165 omnibus
254 2106 341 2181 palam
358 2104 426 2175 lieri,
442 2105 515 2178 quod
530 2107 739 2177 praeteritorum
755 2109 842 2178 uenia,
866 2124 935 2181 quae
950 2124 998 2181 per
1012 2109 1071 2165 cle·

116 2193 241 2247 meutiam
264 2198 384 2246 nostram
407 2196 500 2245 coutra
523 2189 693 2262 disciplinam
712 2190 821 2246 uidetur
842 2192 958 2261 indulta,
981 2192 1014 2248 ad
1038 2210 1072 2251 ea

115 2284 219 2330 tautum
240 2272 337 2328 delicta
360 2273 507 2345 pertineat,
530 2289 598 2346 quac
620 2275 647 2330 iu
670 2274 739 2330 diem
759 2274 800 2330 ill.
819 2274 872 2330 llal.
890 2276 1071 2336 ianuariarum

114 2357 202 2412 'lusco
225 2363 253 2412 et
273 2355 388 2411 Anuliuo
404 2355 479 2412 Coss.
501 2358 628 2413 uidentur
650 2374 709 2414 esse
732 2361 884 2419 commissa.
920 2357 950 2416 8.
972 2359 1071 2434 Siqua

113 2448 204 2496 autem
231 2448 326 2496 contra
348 2440 459 2496 Romani
481 2443 596 2497 nominis
622 2441 705 2498 decus
732 2445 954 2516 sanctitatemque
976 2445 1070 2518 legum

114 2535 176 2598 post
192 2522 376 2598 supradictum
395 2524 465 2580 diem
480 2524 718 2598 deprehenduntur
741 2526 870 2601 admissa,
894 2528 974 2601 digua
991 2544 1071 2587 seue·

114 2611 193 2665 ritate
209 2610 373 2682 plectentur.
402 2608 457 2665 Nec
467 2611 538 2665 enim
554 2608 633 2665 ullam
649 2611 676 2664 iu
693 2617 746 2664 tarn
763 2610 863 2665 nelarie
879 2611 983 2668 sceiere
995 2615 1070 2685 quis-

114 2709 192 2766 quam
208 2695 331 2750 aestimet
347 2695 453 2749 ueniam
468 2708 497 2748 se
512 2695 640 2765 consequi
657 2708 746 2765 posse,
766 2695 850 2766 quiin
866 2695 926 2750 'inm
942 2689 1069 2753 ⁵euidens

113 2779 214 2834 crimen
229 2785 335 2850 etpost
350 2775 467 2834 edietum
488 2786 610 2833 nostrum
630 2792 685 2831 uon
706 2775 837 2833 dubitabit
852 2780 970 2838 inruere.
1009 2780 1068 2839 liat.

115 2904 122 2919 .
140 2900 147 2916 .
164 2902 172 2916 .
188 2860 244 2917 llal.
261 2854 365 2930 linias,⁶
379 2860 490 2917 [iarnaso
505 2860 592 2916 l'usco
608 2868 635 2915 et
651 2860 766 2915 inuiiuo
783 2854 874 2918 Coss.⁷

178 2944 244 3018 llap.
258 2944 287 3002 V.
318 2944 613 3018 llermoqeulanus
635 2942 694 2998 suit
716 2944 820 3000 titulo
841 2945 879 3001 de
901 2941 1069 3019 nuptiisz⁸

114 3028 198 3103 lmpp.
215 3028 394 3085 Diocletianus
409 3037 438 3085 et
453 3027 624 3083 lianlmianus
641 3029 756 3101 Augusti
772 3027 910 3085 Flauiano.
946 3029 1004 3101 llis,
1021 3033 1069 3105 qui

113 3114 229 3169 incestus
245 3114 353 3185 nuptias
368 3127 417 3184 per
432 3127 551 3167 errorem
566 3111 743 3181 contrahunt,
766 3128 799 3166 ue
814 3114 908 3186 poenis
923 3114 1068 3172 subiicitu-

113 3203 166 3264 tur,
185 3198 220 3251 lta
235 3194 342 3250 demum
359 3195 498 3251 clementia
513 3195 663 3268 principum
679 3193 816 3266 sultuenit,
837 3197 859 3251 si
875 3206 1067 3272 posteaquam

186 3464 205 3529 ¹)
221 3467 263 3515 sed
278 3475 303 3515 et
318 3466 379 3517 Cdd.
394 3467 452 3516 edd.
480 3466 586 3532 Sipnum
601 3470 624 3530 g.
638 3481 659 3519 t.
679 3471 777 3519 rectius
794 3470 897 3520 anteiit
915 3478 1067 3535 optassemus

109 3539 220 3600 positum
231 3538 310 3600 soret.
359 3533 380 3602 ²)
396 3537 695 3602 Ealuat.C.auppl.Bl.
743 3536 764 3605 8)
779 3540 869 3589 Malim
880 3541 941 3589 ideo.
990 3540 1067 3604 ⁴)Ex

113 3608 199 3660 Ouiae.
220 3611 252 3671 qi.
268 3610 292 3658 lt,
307 3625 328 3657 e.
349 3622 383 3657 ex
401 3617 471 3658 recte
489 3611 594 3674 coquito
612 3611 746 3672 reliqt'oae.
779 3611 893 3672 religione
913 3612 1016 3674 sepienti
1034 3611 1065 3661 B.

116 3679 157 3727 Vi.
173 3680 211 3729 ed.
227 3679 267 3728 Bi.
283 3679 411 3741 religiones
425 3681 526 3741 sapienti
547 3679 592 3728 Vc.
657 3678 679 3744 ⁶)
693 3681 760 3730 Ante
774 3683 840 3730 enim
855 3683 952 3731 criaten
967 3683 997 3730 td
1009 3697 1066 3731 esse

111 3750 281 3815 ipaornbntnr
299 3751 322 3810 ἕ.
337 3761 358 3800 s·
378 3757 425 3797 tam
446 3750 507 3798 Cdd.
528 3750 585 3799 edd.
660 3747 757 3814 ⁶)Sie,
776 3767 827 3801 aon
847 3751 914 3809 itali,
938 3753 1014 3802 etium
1032 3751 1064 3800 B.

112 3820 248 3871 Naameruru
263 3821 315 3869 diei
330 3826 388 3869 nate
401 3821 449 3869 dna
459 3820 593 3870 Kalendas
606 3821 737 3871 excidisse
747 3825 836 3885 palam
850 3830 895 3871 est.
945 3819 965 3887 ⁷)
979 3839 1004 3874 α.
1014 3832 1062 3873 tat.

112 3888 132 3956 ⁸)
147 3891 290 3941 Haeaelius
303 3898 400 3940 tantum
415 3893 442 3940 ia
458 3890 534 3957 Grep.
551 3890 577 3941 G.
589 3906 616 3954 p.
631 3902 665 3942 to.
680 3891 747 3942 lunc
762 3899 842 3942 coast.
857 3894 953 3941 retulit.
