2378 4386
585 40 601 55 fl

625 109 638 118 ι.

362 541 429 578 rvnn
447 527 541 576 ravani
561 541 631 577 saur.
650 522 697 575 IV.
718 530 759 577 11.
972 522 1034 587 521

15 678 75 727 [4²⁵]
86 671 208 744 legitima
223 671 315 726 matris
330 669 474 725 intestatae
488 669 622 726 hereditas
639 671 774 744 pertinere
789 686 844 726 non
854 678 961 744 patest;
976 672 1039 746 quia

86 770 175 828 neque
190 753 263 809 serui
279 767 367 826 neque
382 751 470 809 liberti
486 761 597 810 matrem
614 753 718 810 ciuilem
730 752 828 810 habere
840 754 1038 828 intelliguntur.

86 835 115 895 8.
138 837 178 893 hd
194 836 340 910 legitimam
360 837 503 892 intestatae
522 838 615 893 matris
636 836 810 894 hereditatem
831 835 877 894 titii
898 840 972 894 uiues
988 838 1039 895 ho·

87 923 171 992 mani,
194 935 249 977 non
265 922 344 977 etiam
359 913 474 991 Latini‚¹
498 921 689 987 admittuntur;
711 922 785 977 ciues
800 930 889 978 autem
905 921 1039 978 humanos

87 1021 120 1062 so
138 1015 260 1078 tempore
276 1019 335 1060 esse
352 1011 476 1077 aportat,
493 1021 546 1076 quo
567 1002 610 1060 'iis
625 1003 747 1059 defertur
761 1014 789 1060 et
803 1004 837 1061 ab
852 998 903 1060 iis²
918 1003 1039 1079 legitima

88 1088 224 1145 hereditas
240 1086 316 1143 'adiri
330 1080 454 1160 potest‚³
467 1087 590 1161 'proinde
607 1085 680 1161 (curn
695 1085 738 1161 de)
755 1081 861 1144 morte⁴
876 1090 966 1144 matris
982 1104 1039 1145 cer·

89 1173 172 1228 tiores
182 1169 230 1228 iiiii
243 1169 322 1242 dunt,
337 1186 392 1227 uon
404 1172 500 1227 nuntio
512 1181 634 1245 accepto,
649 1171 696 1226 sed
712 1187 761 1245 pre
774 1170 876 1244 iiquidu
888 1179 1039 1245 comperto,
1052 1220 1058 1230 .

88 1255 162 1329 quod
176 1253 305 1312 intestata
320 1248 493 1310 decesserint
533 1251 563 1312 4.
586 1248 688 1310 ⁰iiiiius
703 1263 846 1311 maternam
862 1254 1039 1312 hereditatem

89 1337 263 1413 eamdemque
278 1338 424 1411 legitimam
440 1338 491 1393 nisi
506 1336 630 1395 adeundo
647 1353 777 1412 quaerere
791 1354 846 1394 aon
861 1346 962 1413 potest.

373 1499 437 1540 rtr.
452 1499 495 1540 xt.
525 1499 566 1540 ott
583 1497 749 1540 enuntiatis.

243 1584 289 1666 [L.
305 1590 334 1648 9.
357 1591 392 1648 D.
408 1593 443 1648 de
456 1594 538 1666 prad.
554 1599 582 1648 at
596 1593 681 1664 affin.
699 1590 761 1665 (38,
780 1585 859 1669 10).]

89 1775 191 1811 smum
201 1773 236 1807 ex
245 1766 324 1821 pacto
334 1773 432 1822 parere
442 1768 537 1823 posset,
547 1763 655 1810 atterum
665 1762 795 1817 remansit,
806 1768 833 1810 ut
843 1769 867 1811 et
876 1776 903 1810 se
913 1768 937 1809 et
947 1760 1042 1811 iiberos

85 1837 166 1896 pacto
181 1831 209 1878 in
224 1828 370 1879 tibertinam
384 1832 554 1880 conditionem
573 1832 637 1880 dare
652 1833 754 1888 liceret,
776 1845 853 1895 eoque
867 1838 954 1880 noster
969 1833 1042 1881 iocus

89 1907 189 1965 spectat
202 1906 226 1948 et
241 1897 271 1947 L.
286 1909 307 1949 t.
326 1902 349 1961 5.
364 1910 384 1949 2.
404 1901 435 1948 D.
451 1901 475 1949 h.
490 1908 507 1949 t.
523 1901 566 1964 (aa,
582 1901 625 1965 tt).
701 1899 720 1965 ¹)
736 1900 803 1949 Puta
817 1916 852 1949 ex
865 1901 962 1949 Latina
976 1904 1041 1959 nati,

91 1986 156 2036 quae
171 1984 226 2019 eum
241 1976 294 2018 tres
304 1971 376 2031 litias
386 1973 537 2033 peperisset,
553 1973 616 2020 ciuis
627 1971 697 2022 iiam.
710 1971 784 2034 sacta
799 1972 848 2019 iam
858 1972 975 2020 decessit.
1001 1971 1039 2035 Cf.

89 2054 111 2101 t,
126 2053 146 2092 a.
166 2042 205 2102 ἐξ.
216 2050 236 2089 t.
247 2050 267 2089 a.
292 2039 399 2089 Multum
415 2042 496 2105 ipitur
510 2043 536 2090 in
550 2041 600 2090 huc
614 2057 694 2091 eausa
709 2043 842 2098 intererat,
852 2056 886 2090 eae
900 2043 954 2105 ispe
964 2040 1041 2091 Aetia

90 2110 181 2161 Sentio
196 2110 234 2159 oei
248 2112 350 2159 erroris
363 2125 466 2159 causam
477 2110 595 2173 probari.
619 2110 675 2160 Gai.
691 2125 711 2169 1,
721 2123 747 2162 sa
756 2126 807 2175 seq.
858 2106 879 2175 ¹)
895 2111 936 2159 Ita
950 2110 1040 2160 Kienz.

90 2197 126 2231 ex
141 2181 212 2237 Cuia,
227 2181 280 2228 nisi
293 2181 362 2243 quod
375 2181 404 2228 iis
415 2196 466 2242 pro
482 2181 518 2228 his
533 2182 637 2244 scripsi.
666 2181 694 2230 ab
710 2183 794 2231 iisdem
809 2181 865 2230 edd.
926 2177 1042 2246 ⁸)aditur

91 2251 156 2316 (pro
170 2249 256 2315 edirip,
271 2258 298 2298 ut
309 2250 383 2313 puto)
400 2250 461 2299 Cdd.
476 2249 520 2297 Kt.
530 2251 588 2299 edd.
634 2248 656 2315 ⁴)
671 2252 769 2315 perinde
783 2259 862 2301 autem
874 2251 936 2301 Cdd.
947 2250 990 2301 Ki.
1000 2252 1041 2301 ed.

92 2320 166 2370 Haec
180 2328 282 2386 atquae
296 2327 437 2383 aequentur
453 2335 530 2383 usque
544 2321 665 2383 adfinem
680 2323 707 2382 §i
721 2324 747 2370 in
761 2322 818 2371 edd.
834 2337 884 2371 non
899 2328 996 2372 extant.

92 2391 114 2458 ι)
129 2390 172 2440 Ita
189 2390 279 2440 Kienz.
299 2405 334 2438 ea:
354 2390 416 2439 Cdd.
432 2392 538 2453 paulum
556 2393 689 2439 correctis.
722 2390 808 2440 Bere
827 2392 861 2454 cf.
881 2391 913 2440 13.
929 2404 962 2443 ta.
981 2393 1005 2453 ξ.
1021 2405 1040 2443 i.

92 2461 124 2511 ln
139 2472 172 2513 tt.
187 2471 213 2512 tt
223 2477 266 2524 pr.
290 2460 323 2509 D.
338 2460 370 2509 de
383 2475 440 2524 acq.
456 2476 477 2508 u.
493 2474 539 2510 om.
554 2460 607 2509 her.
623 2459 667 2524 (aa,
682 2459 713 2526 a).
787 2458 808 2526 ⁶)
825 2460 863 2523 Cf.
878 2460 909 2509 L.
925 2473 945 2511 a.
967 2462 992 2510 C.
1007 2463 1044 2511 ad

90 2530 139 2582 SC.
156 2529 255 2595 Orphir.
269 2529 301 2595 (s,
315 2529 359 2596 aa).

163 2599 189 2666 *)
206 2600 354 2661 Quaeritur,
369 2616 402 2650 an
412 2600 461 2650 hoa
471 2602 527 2649 ioco
538 2598 700 2648 inserendum
707 2600 743 2648 sit
750 2605 852 2647 stemma
862 2601 1042 2663 copnationum

92 2671 124 2722 ab
138 2673 195 2735 ipso
211 2672 303 2721 Paullo
318 2671 378 2719 huic
392 2672 466 2720 tituto
481 2670 614 2719 adiectum.
639 2668 737 2732 Deque
751 2669 851 2731 quidem
861 2670 947 2717 nuilus
958 2669 1042 2719 adhue

92 2742 179 2792 editor
192 2757 224 2791 nc
238 2741 360 2805 copitaait
374 2741 482 2803 quidem,
497 2756 553 2790 cum
568 2741 653 2788 nutius
667 2739 694 2786 in
708 2740 890 2787 sententiarum
903 2738 963 2787 Cdd.
975 2740 1042 2787 eius·

92 2812 161 2862 modi
175 2818 277 2860 stemma
291 2812 427 2873 repererit.
451 2810 503 2860 Sed
512 2810 579 2858 Lud.
593 2809 743 2859 Charondae
758 2809 784 2856 in
799 2808 858 2857 edit.
873 2823 921 2857 sua
935 2807 1042 2857 Institu-

94 2882 190 2931 tionum
199 2878 312 2945 (adiecta
323 2880 486 2945 Dipestorum
497 2881 567 2942 edit,
578 2895 642 2945 quoe
653 2879 754 2942 prodiit
768 2877 891 2941 Antrerp.
902 2877 998 2942 totthp.
1007 2888 1042 2930 tt.

89 2950 236 3014 praefatus,
248 2951 359 3014 sormam
371 2952 499 3015 praduum
514 2953 539 2998 in
551 2952 604 3012 line
615 2950 674 3000 Cod.
686 2949 842 3012 Dionysiani
851 2948 1043 2998 Institutionum

93 3024 219 3070 inuentam
240 3021 426 3070 subiiciendam
447 3035 501 3071 esse
521 3036 548 3069 se
573 3022 734 3069 existimasse
754 3018 840 3083 (quam
860 3019 971 3081 formam
992 3018 1041 3069 Ea.

92 3090 226 3141 Schrader
239 3092 276 3140 ad
289 3092 372 3139 Instit.
385 3107 411 3155 p.
426 3101 474 3142 stt.
494 3093 579 3141 atiena
594 3093 650 3140 toea
664 3091 793 3155 quaesiere
812 3088 937 3154 uidetur),
956 3090 1044 3139 addit:

95 3158 226 3226 ‘illamque
240 3161 425 3219 adiiciendum,
445 3176 519 3225 quam
538 3176 572 3211 esc
591 3161 656 3210 iibro
671 3167 762 3224 quarto
776 3158 965 3209 Sententiarum
979 3160 1045 3210 Iulii

94 3231 184 3280 Pauiii
198 3234 272 3281 tituto
287 3231 318 3280 de
325 3230 452 3295 gradibus
462 3232 543 3280 edidit
555 3227 679 3280 Cautius)
705 3229 795 3294 Itaque
805 3245 832 3293 p.
843 3241 877 3282 ss.
897 3230 963 3280 duae
976 3232 1043 3280 eius·

93 3301 163 3351 madi
174 3302 275 3364 formae
290 3300 471 3360 subiiciuntur,
486 3303 620 3351 interiecto
634 3301 682 3350 hoc
696 3302 771 3364 quasi
785 3302 859 3350 tituto
871 3297 1044 3348 ‘artuum

93 3370 138 3420 Ea
147 3372 214 3421 libro
222 3378 314 3436 quarto
323 3373 507 3420 sententiarum
515 3370 578 3419 Iulii
586 3371 674 3420 Paulli
684 3373 721 3419 iit.
732 3371 764 3420 de
771 3370 905 3436 prodibua,
916 3386 1044 3435 nunquam

92 3442 217 3492 hactenus
231 3444 258 3490 in
272 3443 352 3490 iucem
366 3438 456 3489 edita!
486 3440 622 3503 Superiori
633 3441 734 3503 formae
749 3442 837 3490 notata
851 3440 962 3502 adiecta,
977 3440 1044 3497 infe·

92 3514 162 3562 riori
175 3512 223 3561 hoc
241 3510 288 3560 sud
306 3512 394 3560 tituto:
411 3516 558 3558 suronrvs
569 3516 689 3557 courrvs
701 3516 822 3557 ruerant
840 3511 898 3558 item
917 3511 952 3559 aa
970 3512 1044 3559 intet-

93 3584 185 3632 tectum
197 3588 352 3631 stemmatum
364 3582 498 3644 pertinens
512 3580 651 3628 admonitio
664 3578 787 3628 subiecta.
812 3578 886 3629 Haec
895 3581 988 3639 omnia,
1003 3594 1043 3629 re-

88 3654 172 3714 petita
191 3668 207 3701 a
226 3650 431 3715 Senehenberpio
450 3653 477 3698 in
496 3648 535 3698 ed.
554 3648 714 3712 Brachptopi
731 3659 790 3699 risa.
806 3648 883 3711 adp.
899 3661 959 3708 toa,
977 3650 1045 3698 unde

95 3721 246 3772 Charondae
266 3723 385 3784 petierit,
410 3720 455 3768 diu
480 3727 504 3768 et
522 3721 548 3767 in
570 3717 721 3768 lectionibus
742 3716 882 3767 subsecivis
902 3720 1045 3782 ceterisque

95 3791 179 3841 Contii
197 3791 318 3854 operibus
337 3798 361 3839 et
380 3792 406 3838 in
426 3788 580 3839 editionibus
599 3790 718 3850 corporis
736 3789 803 3836 iuria
817 3787 915 3848 sinitis,
929 3795 990 3852 quot
1003 3789 1044 3835 in·

92 3863 194 3925 spicere
203 3862 292 3924 potui,
309 3858 453 3918 Contionis,
467 3860 514 3908 sed
528 3859 632 3922 frustra
650 3858 772 3921 quaesiui.
799 3854 926 3918 Suspicor
939 3861 1045 3913 tantum,
