2378 4386
315 576 350 611 aa
368 576 558 613 aosarsontars
576 576 612 611 ar>
632 575 720 612 maara
738 575 854 612 caseum.
997 560 1056 626 793

107 707 194 764 tinere
210 703 320 775 debeat,
345 707 416 763 circa
431 723 497 780 quas
518 705 644 763 noluntas
664 715 840 778 patronorum
862 708 889 763 in
909 722 1061 780 supremam

109 805 195 862 usque
210 788 281 844 diem
297 791 523 861 perseuerauerit.
561 788 618 846 lloc
637 797 726 846 tamen
747 792 789 846 ius
803 790 887 847 stabit
900 793 970 847 intra
989 792 1061 864 ipso·

108 888 168 929 rum
184 879 287 928 tantum
303 872 500 943 liberalitatem,
516 873 562 945 qui
575 872 757 929 donauerunt:
778 883 898 931 ceterum
913 890 1000 947 neque
1016 872 1062 930 iiiii

108 972 216 1021 eorum,
240 973 328 1029 neque
349 972 521 1014 successores
543 955 576 1011 ad
598 952 682 1012 ’lnoc¹
712 956 870 1014 beneficium
892 961 1062 1030 perueniant.

109 1056 197 1114 neque
213 1042 284 1098 enim
300 1039 338 1096 las
354 1049 397 1097 est
417 1039 572 1095 omnimodo
588 1041 736 1111 inquietari
750 1040 925 1111 donationes,
947 1058 1013 1114 quas
1029 1043 1062 1112 is,

109 1126 155 1199 qui
170 1124 333 1192 donauerat,
355 1123 467 1179 indiam
483 1124 554 1179 uitae
570 1138 633 1177 suae
648 1139 701 1177 non
722 1125 872 1181 reuocauit.
909 1124 976 1180 Dat.
992 1125 1024 1180 Χ
1031 1125 1060 1182 V.

108 1209 167 1269 kal.
184 1207 240 1264 Iul.
257 1208 413 1264 Aemiliano
428 1204 470 1262 11.
488 1213 514 1261 et
528 1207 661 1278 Aquilino
676 1199 785 1263 canss²

57 1300 98 1349 ss]
172 1286 238 1348 273.
263 1283 371 1346 ’Βίιιιιε3
385 1289 575 1345 Constantinus
591 1287 718 1346 etCaess.
741 1284 854 1346 ’Prisca⁴
870 1290 961 1363 legum
973 1294 1061 1364 aequi·
1078 1283 1149 1368 §ab

109 1384 165 1432 tate
186 1367 337 1446 'prouisa,⁵
363 1374 446 1430 uariis
468 1370 608 1445 ambagum
632 1374 758 1428 uersutiis
785 1375 916 1446 exquisita
938 1373 1058 1444 donatio,
1073 1371 1151 1410 ”m

109 1460 172 1516 licet
195 1450 338 1511 ’titulant
364 1457 506 1528 emptionis
528 1455 573 1510 nel
595 1454 677 1510 debiti
700 1463 820 1511 tenorem
843 1457 1062 1529 conprehendere

109 1540 242 1610 uideatur,
259 1548 345 1595 tamen
361 1539 439 1596 claris
454 1531 667 1595 'testationibus'
682 1538 803 1612 probata,
821 1538 900 1595 debet
915 1543 942 1595 in
957 1543 1062 1597 irritum

110 1623 253 1694 desiccari,
274 1623 407 1696 siquidem
422 1622 621 1679 consultissima
636 1624 739 1678 ratione
756 1623 881 1680 uideatur
896 1640 956 1681 esse
971 1627 1063 1698 proui-

110 1722 184 1776 sum,
204 1707 374 1763 matrimonio
390 1714 530 1764 constante
546 1706 705 1761 donationes
719 1706 790 1762 iuter
806 1709 893 1762 uirum
909 1717 936 1765 et
951 1725 1062 1765 uxorem

110 1789 280 1846 'altrinsecus
302 1784 430 1863 agitatas⁸
452 1790 551 1846 nullam
572 1788 724 1846 firmitatem
740 1789 849 1850 habero.
886 1808 936 1848 nec
950 1791 1001 1848 sibi
1016 1792 1062 1848 de-

110 1873 174 1929 bent
197 1868 335 1928 mulieres‘'
358 1872 488 1943 blandiri,
512 1873 544 1928 ’sl
566 1867 736 1945 tamquam¹⁰
757 1874 913 1931 uenditores
929 1873 973 1932 uel
987 1875 1063 1931 debi-

111 1965 186 2014 tores
208 1955 240 2011 ad
263 1956 409 2013 eludendas
431 1956 521 2029 legum
544 1958 697 2013 sanctiones
721 1959 807 2013 mariti
829 1973 920 2013 earum
941 1975 971 2014 se
992 1957 1062 2014 ialso

112 2040 254 2096 uideantur
268 2055 328 2097 esse
343 2040 469 2114 prolessl.
500 2055 583 2113 quare
600 2039 717 2096 Vettium
732 2040 867 2112 Rufinum,
884 2041 1061 2099 clarissimum

112 2127 199 2180 uirum
221 2124 386 2198 praelectum
408 2122 484 2193 urbi,
512 2125 624 2180 amicum
647 2133 784 2195 nostrum,
812 2126 888 2181 cuius
910 2128 986 2181 notio
1008 2135 1061 2195 est,

111 2208 182 2264 adire
197 2224 252 2264 non
267 2208 428 2282 prohiberis,
449 2208 494 2279 qui
508 2207 633 2277 partium
648 2207 864 2281 'allegationibus
878 2203 1060 2266 examinatis¹¹

111 2292 235 2364 petitioni
248 2300 309 2347 tuae
320 2291 468 2347 secundum
480 2285 583 2345 'iuris'²
595 2291 747 2363 prouidebit
756 2295 895 2350 iustitiam.
919 2293 974 2349 liat.
987 2292 1061 2351 lillll.

111 2373 163 2430 ltal.
179 2373 248 2429 Nou.
265 2372 425 2444 Mediolano,
442 2373 619 2430 Constantino
635 2383 662 2430 et
676 2374 776 2432 licinio
792 2368 912 2434 conss.¹³

173 2451 240 2512 274.
273 2456 355 2512 lidem
377 2456 499 2513 Aureliae
519 2455 632 2513 Sabinae
656 2458 715 2513 sinc
738 2459 896 2518 Gaudiosae.
939 2458 1014 2518 licet
1035 2461 1063 2517 in

111 2548 245 2613 potestate
268 2538 354 2596 'lilius
377 2533 513 2613 degens¹⁴
534 2540 709 2596 donationum
732 2541 855 2598 eliectum
879 2559 893 2596 a
915 2553 991 2615 patre
1012 2542 1063 2599 sibi

112 2708 173 2756 Alia
197 2709 320 2771 quaedam
342 2708 455 2758 Momms.
480 2708 563 2769 dedit,
587 2711 654 2757 velut
676 2709 823 2757 conlationes
842 2724 894 2772 pro
916 2709 1063 2772 largitiones.

114 2775 134 2842 ¹)
148 2776 193 2827 Sic
207 2793 241 2826 ea
260 2778 287 2826 V
290 2777 310 2826 ⁴.
328 2778 440 2828 lllorrtms.
455 2779 493 2830 ed.
510 2786 533 2827 et
547 2778 610 2827 Just.
627 2778 652 2827 C.
667 2794 713 2828 om.
729 2786 830 2828 ceterae
844 2779 901 2828 edd.
961 2776 1062 2846 ¹)Sup-

107 2849 179 2911 pleta
194 2863 228 2896 ex
243 2847 304 2897 last.
322 2848 346 2896 0.
366 2848 447 2898 Esto.
458 2859 505 2899 scs.
557 2845 638 2912 ⁸)Sic
657 2849 684 2896 V
685 2847 704 2895 ά.
721 2849 772 2897 lliui
788 2849 826 2897 ed.
838 2848 929 2898 Holtw.
949 2849 1063 2900 Dominus

111 2918 150 2966 cd.
171 2917 283 2967 Momms.
308 2918 422 2967 Caesares
441 2933 579 2982 perperam
602 2919 717 2967 adiectos
741 2933 808 2975 esse,
835 2919 947 2968 allamma.
967 2936 995 2984 p.
1014 2932 1061 2973 coa.

112 2995 190 3038 notat.
263 2986 285 3053 ⁴)
301 2989 436 3038 Fortasse:
455 2989 542 3038 Prisco.
573 2987 744 3054 Priscar(arn),
762 2990 801 3037 oei
815 2995 912 3038 tantam
927 2989 1016 3039 l’risco.
1036 2998 1063 3039 at

111 3059 171 3108 leuia
190 3058 271 3108 l’risco
290 3061 445 3122 rescriptum
459 3059 558 3122 suerit:
577 3060 629 3108 nisi
648 3061 670 3108 is
689 3059 804 3108 consulto
823 3059 931 3108 omissus
949 3067 993 3109 est.
1023 3061 1062 3124 Cf.

111 3130 151 3190 ἐξ.
166 3139 200 3180 aa.
215 3140 262 3180 uls.
277 3156 312 3165 -
326 3127 411 3178 Scdol.
427 3131 454 3178 in
468 3144 563 3193 marg:
581 3129 614 3178 Do
634 3128 800 3177 donationibus
819 3129 862 3177 sub
877 3130 996 3192 emptione
1011 3169 1017 3180 .
1033 3164 1062 3181 ..

111 3199 155 3248 snb
171 3240 176 3251 .
192 3239 198 3252 .
215 3239 220 3250 .
236 3201 267 3247 tis
283 3198 346 3249 Mai.
375 3199 419 3248 llis
439 3199 468 3247 de
487 3199 655 3249 donationibus
673 3199 718 3248 snb
739 3199 870 3261 emptionis
891 3200 965 3251 titula
983 3200 1063 3262 sactis

111 3270 150 3319 ed.
166 3269 279 3320 Momms.
294 3277 372 3319 recte.
441 3267 462 3334 ⁶)
478 3271 610 3332 praeclusa
624 3285 659 3318 es
673 3273 705 3333 ej.
720 3270 759 3318 ed.
775 3269 887 3319 diamasa.
917 3269 953 3319 At
967 3272 1063 3334 prouisa

108 3341 222 3401 pertinet
235 3340 271 3388 ad
285 3340 389 3397 donatio,
404 3355 468 3404 puae
482 3342 558 3390 etiam
572 3341 621 3390 ltoc
635 3341 707 3390 modo
719 3341 793 3403 sacta
809 3355 840 3389 rte
855 3342 959 3398 ualeret,
970 3344 1063 3404 prisca

110 3412 191 3473 lepram
205 3412 333 3472 aequitate
345 3412 476 3472 prouisam
490 3419 555 3460 erat.
628 3408 649 3474 θ)
664 3409 709 3459 lie
728 3410 754 3457 V
754 3409 774 3458 ἅ.
791 3410 904 3460 Momms.
919 3411 958 3460 ed.
974 3413 1063 3462 instru-

111 3487 213 3527 mentum
238 3478 295 3528 Vat.
315 3481 372 3528 edd.
391 3488 500 3529 ceterae.
575 3478 651 3545 ⁷)Ita
669 3496 703 3529 ea
727 3480 774 3530 Vi.
794 3482 833 3530 ed.
855 3480 968 3531 allamma.
988 3483 1063 3532 dona·

111 3548 215 3596 tionibus
234 3548 292 3598 Vat.
307 3550 364 3598 edd.
380 3558 488 3599 ceterae.
562 3547 582 3614 Ι)
597 3550 642 3599 Sic
656 3566 690 3599 cx
709 3548 735 3597 V
736 3549 759 3598 ⁴.
774 3551 814 3599 ed
830 3550 943 3600 diorams.
959 3566 985 3600 re
999 3552 1063 3618 (sive

110 3617 161 3681 res)
175 3618 281 3668 insecuta
296 3634 341 3667 non
356 3627 420 3668 ratas
435 3620 499 3669 Mai.
514 3619 554 3670 ed.
627 3616 648 3682 ⁹)
668 3619 694 3667 V
696 3617 716 3666 ⁴,
731 3621 838 3669 mulieris
857 3621 915 3670 Vat.
930 3622 988 3670 edd.
1003 3631 1063 3672 ante

111 3687 225 3737 anonam.
300 3686 331 3752 ¹⁰)
347 3687 391 3736 aa
410 3688 436 3737 V
438 3688 457 3735 ¹¹.
472 3688 511 3737 ed.
527 3687 640 3737 allamma.
655 3702 799 3752 quamquam
813 3690 871 3738 edd.
886 3699 995 3740 ceterae.

115 3754 147 3821 ¹¹)
161 3757 239 3807 Hanc
258 3760 290 3820 ej.
310 3757 390 3807 Barla.
410 3757 507 3808 uacat.
533 3756 643 3819 [luders.
663 3760 822 3820 confirmauit
841 3760 867 3806 V
868 3758 890 3808 ⁴.
914 3761 1063 3822 allegationis

111 3841 153 3876 exa
169 3864 175 3876 .
191 3864 197 3876 .
214 3864 220 3876 .
237 3863 243 3876 .
263 3827 321 3876 Vat.
336 3829 375 3878 ed.
391 3827 485 3877 IIoliw.
552 3824 584 3892 ¹²)
601 3827 734 3877 Fortasse:
748 3829 860 3877 muneris.
927 3826 960 3893 ¹³)
974 3846 999 3879 a.
1013 3841 1061 3881 tto.

115 3893 147 3960 ¹⁴)
161 3895 206 3946 Sic
220 3897 297 3945 etiam
312 3896 425 3947 Momms.
440 3897 479 3946 ed.
494 3896 536 3945 lilii
550 3904 606 3947 suat
619 3898 687 3962 (liiiio
706 3898 734 3946 V
736 3897 766 3963 ἃ.)
786 3899 899 3959 degentes
918 3898 976 3947 Vat.
1004 3898 1062 3948 Sci·
