2378 4386
19 39 1122 333 n

502 162 532 173 ’θ-
588 168 642 183 ιι..Ι

107 555 173 622 232
197 614 200 620 ,
407 573 464 609 eur
482 572 574 608 msmr.
595 553 629 606 Π.
649 559 761 608 60-63.

109 704 283 781 usucapiendi
303 705 345 758 ius
366 701 471 758 habeat.
520 696 569 759 60.
593 700 668 757 Unde
691 702 719 755 in
741 698 821 757 rebus
842 700 985 757 mobilibus
1008 718 1063 761 noo

109 789 186 845 iacile
201 787 338 860 procedit,
354 793 384 846 ut
400 786 491 843 ionae
506 786 575 854 fidei
586 787 749 857 possessori
764 788 904 856 usucapio
916 795 1063 858 competat,

110 872 172 946 quia
188 871 234 944 qui
250 867 361 927 alienam
377 884 432 925 ram
449 867 571 925 uendidit
594 876 621 923 et
638 866 761 937 tradidit,
783 867 886 931 turtum
901 871 1061 944 committit;

108 955 232 1029 idemque
252 950 347 1013 accidit
366 952 445 1013 etiam
467 953 489 1009 si
510 951 616 1016 exalia
638 967 718 1008 causa
744 951 874 1009 tradatur.
911 962 953 1010 set
974 963 1063 1010 tamen

110 1038 162 1095 hoc
182 1035 324 1111 aliquando
346 1034 423 1094 aliter
443 1052 473 1092 se
492 1035 589 1109 hahet;
617 1052 676 1099 nam
703 1037 726 1090 si
751 1036 833 1094 heres
852 1052 908 1095 rem
934 1036 1063 1095 defuncto

109 1120 305 1178 commodatam
321 1127 367 1176 aut
389 1119 504 1183 locatam
519 1120 563 1177 uei
579 1122 651 1194 apud
670 1136 732 1176 eum
746 1119 894 1194 depositam
909 1123 1063 1181 existimaus

23 1197 25 1200 ’
58 1215 100 1263 66.
112 1220 169 1260 eam
185 1221 244 1260 esse
260 1197 467 1280 hereditariam,
483 1203 634 1261 uendiderit
650 1213 695 1259 aut
710 1202 862 1273 donauerit,
884 1204 985 1263 turtum
1008 1223 1064 1264 nou

110 1290 267 1354 committit;
288 1290 353 1345 item
368 1290 391 1344 si
411 1289 450 1359 is,
471 1289 506 1345 ad
519 1303 598 1361 quem
615 1288 725 1345 anciliae
743 1287 915 1347 ususfructus
937 1292 1064 1363 pertinet,

111 1381 216 1448 partum
232 1365 337 1430 'etiam¹
354 1389 432 1431 suum
457 1388 516 1429 esse
536 1371 649 1429 credens
670 1370 823 1429 uendiderit
845 1381 892 1429 aut
913 1372 1064 1444 donauerit,

112 1457 214 1521 turtum
230 1473 284 1515 non
299 1458 457 1519 committit:
475 1456 586 1529 furtum
607 1458 677 1515 enim
692 1457 749 1513 sine
768 1454 865 1515 affectu
885 1455 990 1512 iurandi
1010 1473 1064 1515 non

112 1543 300 1598 committitur.
331 1541 389 1599 aliis
405 1557 514 1617 quoque
530 1540 616 1599 modis
631 1539 751 1603 accidere
765 1548 872 1614 potest,
889 1549 920 1602 ut
933 1542 993 1614 quis
1007 1542 1065 1597 sine

112 1626 180 1683 uitio
196 1624 261 1682 furti
276 1641 333 1681 rem
349 1626 461 1682 alienam
482 1624 514 1681 ad
529 1624 644 1698 aliquem
660 1623 803 1683 transierat
824 1633 851 1681 et
871 1622 985 1697 eiiiciat,
1006 1632 1036 1682 ut
1052 1641 1067 1678 a

112 1725 273 1784 possessore
289 1711 471 1784 usucapiatur.
513 1705 552 1765 il.
576 1707 662 1765 Fundi
684 1724 793 1782 quoque
814 1706 894 1767 alieni
914 1716 1006 1782 potest
1021 1707 1068 1766 ali·

113 1794 174 1866 quis
194 1794 254 1850 sine
275 1794 302 1848 ui
323 1793 523 1868 possessionem
544 1793 676 1862 nancisci,
701 1790 772 1849 'cum
792 1785 846 1851 ea²
870 1793 913 1849 uei
928 1810 960 1850 ex
975 1793 1068 1867 negle-

113 1879 205 1951 gentia
220 1876 319 1933 domini
336 1884 430 1946 uacet,
447 1874 491 1937 uel
507 1876 568 1947 quie
583 1873 707 1931 dominus
722 1878 781 1934 sine
796 1892 955 1937 successore
976 1878 1068 1935 deces-

113 1963 180 2017 serit
196 1960 241 2018 uei
256 1959 339 2033 longo
357 1968 478 2032 tempore
490 1958 603 2019 afuerit:
621 1953 775 2035 'quamsi
790 1959 822 2017 ai
839 1959 919 2021 alium
934 1959 1067 2018 bonafide

114 2046 288 2119 accipientem
301 2042 481 2112 transtulerit,
493 2044 593 2118 poterii
606 2058 755 2118 usucapere
767 2060 924 2117 possessam
937 2053 963 2100 et
976 2059 1067 2116 quam·

115 2130 156 2184 uis
177 2131 251 2205 ipse,
274 2129 320 2201 qui
341 2135 480 2188 uocantem
502 2128 703 2200 possessionem
724 2136 819 2187 nactus
841 2136 893 2198 esi,
915 2127 1067 2200 intellegat,

115 2213 232 2269 alienum
247 2227 306 2271 esse
321 2210 449 2280 iunctum,
464 2217 558 2268 tamen
572 2210 640 2269 nihii
660 2211 713 2273 lior
728 2212 819 2270 bonae
832 2213 902 2284 fidei
912 2212 1070 2284 possessori

115 2297 147 2352 ad
169 2296 361 2368 usucapionem
382 2303 476 2364 nocet,
492 2289 582 2368 (cum)
597 2297 739 2370 inprobata
753 2297 789 2357 sii
810 2311 904 2353 eorum
924 2296 1069 2366 sententia,

116 2380 161 2453 qui
178 2380 345 2452 putauerint,
362 2378 494 2442 furtiuum
510 2377 621 2437 iunium
639 2377 696 2437 fieri
711 2394 803 2454 posse.

178 2458 224 2520 52.
248 2461 353 2519 Rursus
370 2478 401 2518 en
416 2464 552 2520 contrario
568 2463 675 2532 accidit,
690 2472 721 2521 ut
737 2465 783 2537 qui
794 2465 869 2534 sciat,
886 2464 996 2521 alienam
1011 2480 1069 2521 rem

116 2562 146 2604 se
161 2545 313 2622 possidere,
329 2548 475 2620 usucapiat,
501 2547 576 2603 uelut
591 2548 613 2604 si
628 2563 685 2604 rem
701 2546 899 2617 hereditariam,
913 2549 990 2603 cuius
1005 2563 1068 2621 pos-

116 2634 264 2691 sessionem
279 2632 358 2689 heres
373 2632 493 2692 nondum
508 2641 602 2692 nactus
618 2640 676 2703 est,
696 2630 792 2705 aiiquis
806 2625 989 2705 possiderit;⁴
1008 2647 1069 2688 nam

116 2719 141 2773 ei
156 2732 315 2774 concessum
327 2713 380 2792 (est
401 2716 574 2791 uqucapere‚
589 2718 613 2772 si
627 2715 707 2773 modo
723 2730 753 2772 ea
768 2730 812 2771 res
824 2722 874 2787 est,
891 2728 959 2789 quae
973 2716 1072 2790 recipit

117 2803 323 2875 usucapionem,
350 2818 418 2875 quae
446 2803 550 2874 speeies
571 2800 753 2874 possessionis
780 2808 807 2855 et
827 2801 998 2874 usucapionis
1019 2816 1070 2875 pro

117 2885 216 2942 herede
239 2893 362 2943 uocatur.
412 2880 459 2940 58.
484 2883 516 2938 Et
537 2885 564 2943 in
585 2892 690 2940 tantum
711 2885 776 2943 haec
796 2885 926 2958 usucapio
941 2900 1122 2950 concessumst

64 2963 245 3043 caestius
268 2977 375 3038 eires,
400 2983 468 3040 quae
490 2966 550 3024 solo
573 2970 756 3040 continentur,
779 2985 848 3025 anno
868 2969 1069 3041 usucapiantur.

118 3083 330 3097 —r—-—-—-

192 3150 211 3219 ¹)
226 3159 250 3200 et
263 3150 356 3202 scies.
376 3153 444 3201 trude
460 3154 544 3215 suerit
558 3153 589 3201 ei'
604 3175 637 3195 =
653 3154 712 3202 eius.
779 3151 800 3219 ²)
816 3170 875 3219 quae
893 3155 918 3205 0.
937 3154 996 3219 usp.
1012 3154 1070 3203 edd.

117 3238 153 3273 sc.
165 3238 214 3289 pro
229 3231 258 3271 cu
274 3237 309 3271 en.
370 3219 451 3287 ³)Eae
467 3223 557 3272 tiriaca.
573 3226 605 3286 ej.
622 3238 637 3271 n
653 3224 679 3273 C.
694 3237 747 3273 nam
761 3226 818 3274 edd.
885 3225 906 3292 ⁴)
921 3225 965 3275 Ex
978 3224 1071 3276 Seueri.

118 3296 194 3344 etiarn
214 3293 241 3342 V
242 3289 262 3325 '²
276 3299 300 3342 ei
314 3291 361 3357 Bp.
377 3294 416 3345 ed.
431 3303 451 3343 6.
471 3293 606 3356 possederit
621 3295 659 3342 eri.
676 3310 729 3344 mea
745 3298 832 3359 primu
847 3305 871 3345 et
884 3297 957 3346 Stud.

120 3400 331 3409 —--—

190 3465 216 3537 §-
233 3472 274 3521 60.
290 3490 323 3510 =
338 3470 389 3530 §.a
408 3467 470 3517 med.
491 3496 523 3504 -—
543 3471 566 3531 ξ.
581 3480 601 3520 6.
618 3469 639 3518 I.
655 3469 688 3519 ib.
714 3471 752 3533 Cf.
772 3470 803 3519 L.
823 3482 856 3521 66.
880 3472 913 3520 D.
933 3472 965 3520 de
985 3488 1073 3536 usurp.

120 3541 164 3603 (tt,
179 3540 210 3604 6).
225 3541 312 3588 turtum
328 3552 374 3586 non
389 3552 473 3587 comm.
490 3566 522 3574 —
539 3537 705 3608 committitur]
721 3562 754 3582 =
769 3539 800 3588 L.
816 3551 842 3589 st
853 3556 896 3602 pr.
917 3541 949 3587 I).
964 3542 1020 3590 eod.

119 3608 144 3680 ξ.
163 3613 205 3661 51.
223 3609 297 3660 Fundi
311 3634 337 3644 -
351 3606 448 3676 afuerit]
465 3631 498 3651 =
513 3609 545 3656 l..
560 3620 593 3661 si.
609 3611 632 3670 ς.
648 3622 668 3659 1.
683 3609 716 3657 D.
732 3608 764 3657 ib.
786 3609 824 3671 Cf.
839 3611 862 3670 ἓ.
877 3621 897 3659 t.
917 3609 986 3658 tae
1002 3626 1073 3659 usiae.

120 3682 151 3746 (a.
166 3679 197 3746 6).
218 3679 249 3729 11.
265 3690 298 3730 66.
315 3678 346 3726 D.
362 3679 417 3728 eod.
438 3679 550 3728 iuriiunm
566 3677 594 3746 1.]
611 3679 649 3742 Cf.
671 3679 733 3729 Gett.
749 3690 783 3736 11,
798 3689 830 3728 16.
895 3675 919 3746 5.
936 3681 977 3730 52.
1000 3680 1037 3741 Cs’.
1054 3692 1075 3737 6,

120 3763 167 3803 sot.
187 3750 219 3800 1..
234 3761 268 3803 66.
284 3749 316 3797 Ι).
332 3749 364 3797 de
379 3764 466 3812 usurp.
483 3747 527 3813 (tt,
538 3748 569 3813 6).
591 3747 659 3797 Ptin.
674 3764 713 3812 ep.
728 3759 749 3806 6,
765 3761 784 3798 1.
800 3749 822 3809 5.
834 3759 866 3798 10.
917 3744 962 3817 ἕξ.
974 3752 1015 3799 53.
1031 3751 1072 3799 54.

122 3821 160 3884 Cf.
177 3821 229 3872 Cic.
241 3835 293 3885 pro
310 3818 406 3869 Flacco
420 3832 453 3871 st.
473 3819 509 3869 ud
522 3819 601 3871 Attio.
617 3831 638 3878 1,
653 3831 673 3871 6.
689 3821 712 3881 5.
727 3831 748 3870 6.
771 3817 859 3867 Senec.
876 3819 907 3869 de
922 3820 1003 3883 benef.
1018 3832 1039 3880 6,
1053 3830 1073 3872 6.

120 3895 142 3956 5.
158 3904 179 3946 t.
195 3907 326 3956 -supra
340 3890 376 3940 ad
389 3892 412 3952 ξ.
426 3901 460 3941 ts.
477 3892 520 3940 cit.
