2378 4386
167 547 208 604 74
510 556 540 591 rs.
557 555 667 591 unctus
686 556 786 593 crosno.

166 681 246 737 modo
264 680 306 736 uel
322 678 482 736 consulatus
497 681 645 752 uituperari
656 688 759 753 potest,
775 682 798 736 sl
811 681 964 753 consulum,
980 698 1049 756 quos
1061 700 1126 738 enu-

167 779 269 819 merare
284 762 364 833 nolo,
380 771 489 836 peccata
505 763 666 835 collegerim
685 764 824 837 egoenim
840 765 945 836 fateor,
961 765 988 820 in
1004 767 1054 821 ista
1069 768 1127 839 ipsa

167 854 304 920 potestate
318 846 408 902 inesse
423 845 549 918 quiddam
562 846 634 917 mali,
652 847 698 902 sed
710 846 821 915 boumn,
835 847 908 921 quod
920 857 963 904 est
975 852 1126 921 quaesitum

166 932 193 985 in
209 945 250 1001 ea,
265 930 323 984 sine
338 930 393 985 isto
409 928 480 985 malo
496 946 551 985 non
567 928 737 986 haberemus.
769 932 861 986 ‘nimia
883 939 1006 1004 potestas
1021 942 1064 989 est
1079 937 1126 989 tri·

165 1013 299 1069 banorum
320 1010 430 1084 plebis.'
466 1015 527 1086 quis
547 1013 647 1087 negati
667 1014 715 1070 sed
735 1016 777 1070 uis
797 1014 893 1088 populi
913 1016 999 1073 multo
1020 1020 1128 1074 saeuior

165 1096 307 1168 multoque
327 1095 530 1161 uehementior,
553 1113 636 1169 quae,
658 1097 754 1153 ducem
776 1098 849 1171 quod
870 1098 967 1166 babet,
990 1102 1126 1157 interdum

165 1180 252 1235 lenior
268 1186 319 1250 est,
335 1195 414 1251 quam
430 1181 453 1235 si
468 1179 573 1235 nullum
584 1179 708 1250 baberet;
722 1181 775 1236 dur
791 1181 862 1237 enim
877 1199 929 1239 suo
941 1183 993 1254 (se)
1005 1185 1126 1257 periculo

164 1262 294 1337 progredi
315 1264 432 1336 cogitat,
455 1264 549 1337 populi
570 1264 688 1336 impetus
710 1266 823 1337 periculi
850 1267 982 1322 rationem
1006 1270 1049 1322 sui
1071 1284 1126 1324 non

166 1346 253 1403 babet.
284 1344 324 1402 ‘at
343 1346 486 1420 aliquando
501 1346 677 1403 incenditur?
707 1343 756 1404 et.
779 1355 806 1403 et
828 1349 936 1421 quidem
955 1366 1036 1423 saepe
1051 1350 1126 1406 seda·

166 1441 222 1492 tur.
253 1431 327 1505 quod
342 1433 412 1487 enim
428 1438 471 1487 est
486 1440 539 1486 iam
555 1430 727 1504 desperatum
739 1431 893 1505 collegium,
911 1435 938 1489 in
952 1449 1008 1506 quo
1020 1449 1127 1490 nemoe

166 1515 259 1572 decem
279 1531 343 1571 sana
362 1524 452 1571 mente
472 1515 527 1570 siti
547 1516 613 1586 quin
634 1516 722 1588 ipsum
738 1515 778 1572 Ti.
795 1515 944 1572 Gracchum
966 1533 1021 1572 non
1036 1517 1125 1573 solum

166 1600 327 1673 neglectus,
346 1598 395 1655 sed
416 1601 495 1654 etiam
510 1596 635 1654 sublatus
649 1601 814 1656 intercessor
828 1602 946 1671 euertit3
968 1601 1032 1673 quid
1054 1604 1126 1657 enim

165 1683 241 1739 illum
256 1682 328 1737 aliud
343 1682 468 1756 perculit,
485 1681 537 1737 nisi
547 1681 623 1753 quod
634 1690 800 1756 potestatem
812 1684 992 1742 intercedenti
1004 1684 1126 1759 collegae

165 1765 327 1838 abrogauitl
352 1765 400 1822 sed
422 1774 452 1820 tu
472 1766 631 1837 sapientiam
651 1768 782 1824 maiorum
804 1770 831 1824 iu
852 1768 899 1824 illo
921 1770 1005 1825 uider
1023 1763 1126 1841 (cum)¹

165 1865 295 1906 concessa
308 1848 396 1922 plebei
411 1857 453 1904 est
467 1865 481 1903 a
496 1848 617 1922 patribus
633 1851 685 1905 ista
699 1857 822 1923 potestas
829 1846 852 1922 ‚²
873 1867 945 1907 arma
959 1851 1126 1924 ceciderunt,

166 1934 295 1988 restincta
315 1930 413 1986 seditio
435 1939 491 2001 est,
512 1933 653 1987 inuentum
675 1941 717 1989 est
740 1942 999 2006 temperamentum,
1014 1951 1070 2008 quo
1086 1945 1126 1991 te·

166 2018 276 2071 nuiores
297 2029 359 2070 cum
374 2015 541 2088 principibus
556 2017 665 2089 aequari
681 2032 710 2071 se
724 2025 870 2090 putarent,
889 2020 917 2073 in
933 2034 987 2091 quo
1004 2035 1059 2074 uuo
1074 2019 1126 2074 init

166 2100 283 2156 ciuitatis
297 2097 378 2154 salus.
405 2097 443 2153 ‘at
458 2099 512 2154 duo
528 2099 640 2156 Gracchi
655 2099 788 2155 luerunt)
815 2109 843 2156 et
853 2110 1021 2175 praetereos
1034 2118 1126 2175 quam·

166 2185 209 2239 uis
224 2197 366 2238 enumeres
380 2182 482 2238 multos
496 2183 571 2253 licet,
588 2199 648 2240 cum
663 2183 726 2240 deni
741 2193 878 2255 creentur,
895 2180 974 2261 (non)
990 2185 1082 2241 nullos
1099 2187 1125 2241 in

167 2267 240 2323 omni
255 2267 383 2322 memoria
397 2267 517 2339 reperies
532 2267 702 2341 perniclosos
717 2267 853 2338 tribunos,
873 2269 957 2340 leues,
974 2269 1055 2325 etiam
1070 2285 1125 2324 non

166 2349 268 2420 bonos,
293 2349 408 2405 fortasse
428 2350 537 2423 plures:¹
560 2351 659 2406 inuidia
679 2351 789 2424 quidem
808 2368 930 2409 summus
951 2352 1019 2409 ordo
1041 2362 1125 2422 caret,

165 2432 258 2508 plebes
279 2433 314 2488 de
334 2448 384 2488 suo
404 2434 463 2490 iure
483 2435 649 2509 periculosas
670 2438 859 2493 contentiones
875 2436 962 2494 nullas
976 2437 1049 2493 iacit.
1079 2434 1126 2494 ab.

166 2533 246 2591 quam
261 2515 296 2573 ob
311 2533 368 2575 rem
383 2526 429 2573 aut
441 2519 564 2591 exigendi
575 2535 655 2594 reges
665 2536 721 2576 non
738 2520 849 2577 luerunt
865 2531 911 2577 aut
926 2520 998 2595 plebi
1014 2537 1054 2593 re,
1070 2537 1124 2576 non

165 2600 250 2658 uerbo
266 2600 352 2657 danda
366 2601 488 2659 libertas:
510 2620 578 2678 quae
600 2612 690 2661 tamen
705 2605 745 2661 sic
759 2603 821 2661 data
834 2614 887 2675 est,
905 2615 935 2661 ut
949 2605 1041 2661 multis
1057 2602 1124 2679 (me-

165 2679 254 2760 νίιιε)8
281 2686 502 2760 praeclarissimis
528 2688 722 2753 adduceretur,
746 2697 777 2743 ut
798 2691 952 2745 auctoritati
974 2691 1124 2762 principum

165 2771 282 2827 cederet.
312 2770 354 2831 lll.
375 2781 471 2828 nostra
490 2782 579 2828 autem
595 2788 685 2842 causa,
705 2787 785 2846 quae,
799 2779 911 2844 optume
926 2780 954 2827 et
969 2771 1124 2828 dulcissime

165 2854 259 2925 irater,
281 2854 375 2910 incidit
388 2857 417 2910 in
432 2853 601 2910 tribuniciam
616 2861 789 2927 potestatem,
810 2853 878 2908 nibil
900 2853 994 2909 babuit
1011 2864 1125 2912 conten·

164 2939 247 2992 tionis
266 2953 326 2992 cum
342 2936 497 3004 tribunaiu;
518 2952 573 2992 non
592 2938 664 2992 enim
686 2936 779 3010 plebes
801 2937 911 2991 incitata
926 2938 1028 2991 nostris
1043 2936 1124 2992 rebus

165 3018 270 3089 inuidit,
286 3017 334 3073 sed
350 3019 458 3073 uincula
473 3016 562 3073 soluta
577 3028 641 3075 sunt
656 3027 684 3075 et
698 3021 811 3075 seruitia
826 3020 973 3088 concitata,
995 3018 1123 3074 adiuncto

165 3109 271 3157 terrore
286 3101 365 3156 etiam
381 3101 498 3156 militari.
535 3111 623 3174 neque
643 3101 722 3158 nobis
737 3118 798 3156 oum
813 3101 857 3157 illa
872 3111 930 3157 tum
945 3109 1022 3175 peste
1037 3109 1123 3158 certa·

164 3199 226 3240 men
241 3183 309 3250 luit,
330 3183 378 3239 sed
397 3199 459 3240 cum
479 3187 638 3256 grauissimo
653 3186 693 3240 rei
708 3183 830 3257 publicae
851 3191 989 3256 tempore,
1009 3188 1053 3242 cui
1069 3182 1121 3262 (ni)

164 3269 316 3339 cessissem,
330 3282 385 3323 non
401 3266 557 3322 diuturnum
572 3266 694 3323 beneficii
710 3269 761 3322 mei
777 3267 863 3340 petria
877 3267 997 3324 iructum
1007 3269 1122 3326 tulisset.

164 3357 246 3425 atque
261 3352 327 3408 baec
346 3366 437 3407 cerum
451 3352 538 3405 esitus
553 3350 692 3405 indicauit:
714 3351 775 3422 quis
791 3351 861 3405 enim
877 3366 932 3406 nora
946 3351 1028 3408 modo
1044 3351 1121 3424 liber,

164 3433 238 3510 (aed)
259 3451 356 3492 seruus
377 3434 500 3491 libertate
520 3432 619 3505 dignus
640 3433 707 3503 luit,
727 3434 770 3488 cui
791 3442 885 3489 nostra
905 3435 977 3490 salus
992 3453 1052 3492 cara
1068 3446 1122 3493 nod

164 3519 255 3574 esset?
284 3513 331 3576 26.
344 3517 417 3588 quod
432 3517 455 3571 si
467 3518 489 3571 is
505 3530 583 3573 casus
598 3515 695 3572 luisset
710 3530 815 3589 rerum,
832 3534 899 3591 quas
915 3535 964 3592 pro
979 3520 1068 3577 salute
1083 3523 1122 3578 rei

237 3721 258 3787 ¹)
273 3723 381 3773 Addidi.
411 3721 433 3789 ²)
448 3737 563 3774 concessa
578 3722 647 3786 plebe
662 3723 707 3773 ista
724 3725 831 3788 patribus
846 3725 891 3774 ista
905 3734 1011 3789 potestas
1026 3728 1050 3777 Α
1065 3744 1123 3778 con·

164 3808 232 3843 cesse
246 3794 314 3858 plebe
329 3795 373 3843 ista
388 3802 494 3859 potestas
510 3792 535 3842 B
548 3808 663 3845 concesse
677 3796 755 3861 plebei
770 3797 815 3845 ista
828 3812 845 3846 a
855 3796 962 3859 patribus
974 3794 1044 3867 [ista]
1055 3808 1123 3864 poie-

162 3871 223 3913 etate
238 3866 276 3914 ed.
288 3864 318 3914 V.
359 3861 380 3931 ⁸)
394 3865 502 3914 Addidi.
