<?xml version="1.0" encoding="UTF-8"?>
<!DOCTYPE html PUBLIC "-//W3C//DTD XHTML 1.0 Transitional//EN"
    "http://www.w3.org/TR/xhtml1/DTD/xhtml1-transitional.dtd">
<html xmlns="http://www.w3.org/1999/xhtml" xml:lang="en" lang="en">
 <head>
  <title>
</title>
<meta http-equiv="Content-Type" content="text/html;charset=utf-8" />
  <meta name='ocr-system' content='tesseract 3.04.00' />
  <meta name='ocr-capabilities' content='ocr_page ocr_carea ocr_par ocr_line ocrx_word'/>
</head>
<body>
  <div class='ocr_page' id='page_1' title='image "./iurisprvdentiae00huscgoog_0778.png"; bbox 0 0 2378 4386; ppageno 0'>
   <div class='ocr_carea' id='block_1_1' title="bbox 10 39 1132 293">
    <p class='ocr_par' dir='ltr' id='par_1_1' title="bbox 10 39 1132 293">
     <span class='ocr_line' id='line_1_1' title="bbox 612 40 616 69; baseline 0 0"><span class='ocrx_word' id='word_1_1' title='bbox 612 40 616 69; x_wconf 91' lang='lat' dir='ltr'><strong><em>i</em></strong></span> 
     </span>
     <span class='ocr_line' id='line_1_2' title="bbox 10 39 1132 293; baseline 0.018 -20"><span class='ocrx_word' id='word_1_2' title='bbox 10 39 1132 293; x_wconf 62' lang='lat' dir='ltr'>u</span> 
     </span>
    </p>
   </div>
   <div class='ocr_carea' id='block_1_2' title="bbox 436 530 1016 596">
    <p class='ocr_par' dir='ltr' id='par_1_2' title="bbox 436 530 1016 596">
     <span class='ocr_line' id='line_1_3' title="bbox 436 530 1016 596; baseline 0.002 -14"><span class='ocrx_word' id='word_1_3' title='bbox 436 547 472 583; x_wconf 79' lang='lat' dir='ltr'><strong><em>oa</em></strong></span> <span class='ocrx_word' id='word_1_4' title='bbox 489 547 649 585; x_wconf 75' lang='lat' dir='ltr'><strong><em>vsvsavcar.</em></strong></span> <span class='ocrx_word' id='word_1_5' title='bbox 955 530 1016 596; x_wconf 75' lang='grc'><strong><em>739</em></strong></span> 
     </span>
    </p>
   </div>
   <div class='ocr_carea' id='block_1_3' title="bbox 10 669 1125 2585">
    <p class='ocr_par' dir='ltr' id='par_1_3' title="bbox 10 669 1125 2585">
     <span class='ocr_line' id='line_1_4' title="bbox 67 669 1025 752; baseline 0.003 -18"><span class='ocrx_word' id='word_1_6' title='bbox 67 678 99 735; x_wconf 87' lang='lat' dir='ltr'><strong><em>ad</em></strong></span> <span class='ocrx_word' id='word_1_7' title='bbox 115 694 194 734; x_wconf 84' lang='lat' dir='ltr'><strong><em>asum</em></strong></span> <span class='ocrx_word' id='word_1_8' title='bbox 210 693 288 734; x_wconf 88' lang='lat' dir='ltr'><strong><em>suum</em></strong></span> <span class='ocrx_word' id='word_1_9' title='bbox 305 683 332 734; x_wconf 88' lang='lat' dir='ltr'><strong><em>et</em></strong></span> <span class='ocrx_word' id='word_1_10' title='bbox 346 679 434 734; x_wconf 87' lang='lat' dir='ltr'><strong><em>uittae</em></strong></span> <span class='ocrx_word' id='word_1_11' title='bbox 444 669 545 748; x_wconf 79' lang='lat' dir='ltr'><strong><em>possc¹</em></strong></span> <span class='ocrx_word' id='word_1_12' title='bbox 559 677 659 749; x_wconf 69' lang='lat' dir='ltr'><strong><em>serm</em></strong></span> <span class='ocrx_word' id='word_1_13' title='bbox 678 693 733 735; x_wconf 90' lang='lat' dir='ltr'><strong><em>nec</em></strong></span> <span class='ocrx_word' id='word_1_14' title='bbox 748 682 871 736; x_wconf 87' lang='lat' dir='ltr'><strong><em>materia</em></strong></span> <span class='ocrx_word' id='word_1_15' title='bbox 887 694 950 736; x_wconf 90' lang='lat' dir='ltr'><strong><em>eum</em></strong></span> <span class='ocrx_word' id='word_1_16' title='bbox 960 697 1025 752; x_wconf 51' lang='lat' dir='ltr'><strong><em>pro¹</em></strong></span> 
     </span>
     <span class='ocr_line' id='line_1_5' title="bbox 65 760 1018 835; baseline 0.001 -17"><span class='ocrx_word' id='word_1_17' title='bbox 65 767 141 835; x_wconf 85' lang='lat' dir='ltr'><strong><em>liquo</em></strong></span> <span class='ocrx_word' id='word_1_18' title='bbox 156 776 286 831; x_wconf 88' lang='lat' dir='ltr'><strong><em>usurum,</em></strong></span> <span class='ocrx_word' id='word_1_19' title='bbox 302 763 328 817; x_wconf 87' lang='lat' dir='ltr'><strong><em>si</em></strong></span> <span class='ocrx_word' id='word_1_20' title='bbox 342 760 445 825; x_wconf 83' lang='lat' dir='ltr'><strong><em>habeat,</em></strong></span> <span class='ocrx_word' id='word_1_21' title='bbox 461 760 532 816; x_wconf 86' lang='lat' dir='ltr'><strong><em>uode</em></strong></span> <span class='ocrx_word' id='word_1_22' title='bbox 547 769 639 817; x_wconf 87' lang='lat' dir='ltr'><strong><em>utatur</em></strong></span> <span class='ocrx_word' id='word_1_23' title='bbox 653 760 742 835; x_wconf 82' lang='lat' dir='ltr'><strong><em>liquo:</em></strong></span> <span class='ocrx_word' id='word_1_24' title='bbox 765 763 893 835; x_wconf 81' lang='lat' dir='ltr'><strong><em>idemque</em></strong></span> <span class='ocrx_word' id='word_1_25' title='bbox 908 778 972 820; x_wconf 89' lang='lat' dir='ltr'><strong><em>esse</em></strong></span> <span class='ocrx_word' id='word_1_26' title='bbox 989 767 1018 819; x_wconf 86' lang='lat' dir='ltr'><strong><em>in</em></strong></span> 
     </span>
     <span class='ocr_line' id='line_1_6' title="bbox 67 838 1018 914; baseline 0.003 -14"><span class='ocrx_word' id='word_1_27' title='bbox 67 846 229 902; x_wconf 86' lang='lat' dir='ltr'><strong><em>’arboribus</em></strong></span> <span class='ocrx_word' id='word_1_28' title='bbox 250 848 280 900; x_wconf 89' lang='lat' dir='ltr'><strong><em>ui</em></strong></span> <span class='ocrx_word' id='word_1_29' title='bbox 302 852 453 901; x_wconf 87' lang='lat' dir='ltr'><strong><em>uentorum</em></strong></span> <span class='ocrx_word' id='word_1_30' title='bbox 476 846 594 914; x_wconf 74' lang='lat' dir='ltr'><strong><em>eurisis,</em></strong></span> <span class='ocrx_word' id='word_1_31' title='bbox 616 838 678 900; x_wconf 81' lang='lat' dir='ltr'><strong><em>uet²</em></strong></span> <span class='ocrx_word' id='word_1_32' title='bbox 700 845 779 901; x_wconf 87' lang='lat' dir='ltr'><strong><em>ctiam</em></strong></span> <span class='ocrx_word' id='word_1_33' title='bbox 795 845 915 906; x_wconf 86' lang='lat' dir='ltr'><strong><em>deiectis.</em></strong></span> <span class='ocrx_word' id='word_1_34' title='bbox 949 845 1018 903; x_wconf 85' lang='lat' dir='ltr'><strong><em>Puto</em></strong></span> 
     </span>
     <span class='ocr_line' id='line_1_7' title="bbox 66 920 1020 1003; baseline 0.004 -19"><span class='ocrx_word' id='word_1_35' title='bbox 66 939 169 1000; x_wconf 85' lang='lat' dir='ltr'><strong><em>tamen,</em></strong></span> <span class='ocrx_word' id='word_1_36' title='bbox 191 927 228 985; x_wconf 91' lang='lat' dir='ltr'><strong><em>’et</em></strong></span> <span class='ocrx_word' id='word_1_37' title='bbox 242 932 272 984; x_wconf 92' lang='lat' dir='ltr'><strong><em>in</em></strong></span> <span class='ocrx_word' id='word_1_38' title='bbox 293 929 367 985; x_wconf 85' lang='lat' dir='ltr'><strong><em>silua</em></strong></span> <span class='ocrx_word' id='word_1_39' title='bbox 382 927 436 983; x_wconf 88' lang='lat' dir='ltr'><strong><em>boc</em></strong></span> <span class='ocrx_word' id='word_1_40' title='bbox 455 928 653 999; x_wconf 84' lang='lat' dir='ltr'><strong><em>probandum,</em></strong></span> <span class='ocrx_word' id='word_1_41' title='bbox 675 920 727 984; x_wconf 83' lang='lat' dir='ltr'><strong><em>ne³</em></strong></span> <span class='ocrx_word' id='word_1_42' title='bbox 749 933 774 985; x_wconf 89' lang='lat' dir='ltr'><strong><em>si</em></strong></span> <span class='ocrx_word' id='word_1_43' title='bbox 795 936 869 987; x_wconf 88' lang='lat' dir='ltr'><strong><em>totus</em></strong></span> <span class='ocrx_word' id='word_1_44' title='bbox 891 946 963 1003; x_wconf 84' lang='lat' dir='ltr'><strong><em>aqer</em></strong></span> <span class='ocrx_word' id='word_1_45' title='bbox 983 931 1020 988; x_wconf 86' lang='lat' dir='ltr'><strong><em>sit</em></strong></span> 
     </span>
     <span class='ocr_line' id='line_1_8' title="bbox 65 1009 1020 1084; baseline 0.001 -14"><span class='ocrx_word' id='word_1_46' title='bbox 65 1014 143 1070; x_wconf 86' lang='lat' dir='ltr'><strong><em>bunc</em></strong></span> <span class='ocrx_word' id='word_1_47' title='bbox 165 1027 256 1068; x_wconf 88' lang='lat' dir='ltr'><strong><em>casum</em></strong></span> <span class='ocrx_word' id='word_1_48' title='bbox 278 1026 387 1084; x_wconf 86' lang='lat' dir='ltr'><strong><em>passos,</em></strong></span> <span class='ocrx_word' id='word_1_49' title='bbox 410 1024 507 1066; x_wconf 88' lang='lat' dir='ltr'><strong><em>omnes</em></strong></span> <span class='ocrx_word' id='word_1_50' title='bbox 528 1012 649 1068; x_wconf 87' lang='lat' dir='ltr'><strong><em>arbores</em></strong></span> <span class='ocrx_word' id='word_1_51' title='bbox 670 1009 802 1083; x_wconf 79' lang='lat' dir='ltr'><strong><em>&#39;auferre</em></strong></span> <span class='ocrx_word' id='word_1_52' title='bbox 820 1013 1020 1084; x_wconf 80' lang='lat' dir='ltr'><strong><em>fructuarium</em></strong></span> 
     </span>
     <span class='ocr_line' id='line_1_9' title="bbox 62 1088 1019 1170; baseline 0 -16"><span class='ocrx_word' id='word_1_53' title='bbox 62 1112 150 1168; x_wconf 83' lang='lat' dir='ltr'><strong><em>posse</em></strong></span> <span class='ocrx_word' id='word_1_54' title='bbox 164 1097 314 1152; x_wconf 87' lang='lat' dir='ltr'><strong><em>dicendum</em></strong></span> <span class='ocrx_word' id='word_1_55' title='bbox 327 1088 390 1153; x_wconf 85' lang='lat' dir='ltr'><strong><em>sit.⁴</em></strong></span> <span class='ocrx_word' id='word_1_56' title='bbox 426 1094 562 1149; x_wconf 74' lang='lat' dir='ltr'><strong>materiam</strong></span> <span class='ocrx_word' id='word_1_57' title='bbox 579 1104 667 1150; x_wconf 87' lang='lat' dir='ltr'><strong><em>tamen</em></strong></span> <span class='ocrx_word' id='word_1_58' title='bbox 683 1094 741 1166; x_wconf 82' lang='lat' dir='ltr'><strong><em>ipse</em></strong></span> <span class='ocrx_word' id='word_1_59' title='bbox 753 1097 911 1166; x_wconf 77' lang='lat' dir='ltr'><strong><em>succidere,</em></strong></span> <span class='ocrx_word' id='word_1_60' title='bbox 928 1115 1019 1170; x_wconf 88' lang='lat' dir='ltr'><strong><em>quon·</em></strong></span> 
     </span>
     <span class='ocr_line' id='line_1_10' title="bbox 66 1178 1018 1249; baseline 0 -12"><span class='ocrx_word' id='word_1_61' title='bbox 66 1187 123 1238; x_wconf 89' lang='lat' dir='ltr'><strong><em>tum</em></strong></span> <span class='ocrx_word' id='word_1_62' title='bbox 139 1182 179 1237; x_wconf 92' lang='lat' dir='ltr'><strong><em>ad</em></strong></span> <span class='ocrx_word' id='word_1_63' title='bbox 191 1181 281 1236; x_wconf 90' lang='lat' dir='ltr'><strong><em>uitloe</em></strong></span> <span class='ocrx_word' id='word_1_64' title='bbox 295 1178 490 1249; x_wconf 83' lang='lat' dir='ltr'><strong><em>resectionem,</em></strong></span> <span class='ocrx_word' id='word_1_65' title='bbox 504 1181 619 1247; x_wconf 81' lang='lat' dir='ltr'><strong><em>poterit,</em></strong></span> <span class='ocrx_word' id='word_1_66' title='bbox 636 1184 666 1232; x_wconf 88' lang='lat' dir='ltr'><strong><em>ut</em></strong></span> <span class='ocrx_word' id='word_1_67' title='bbox 679 1185 764 1249; x_wconf 82' lang='lat' dir='ltr'><strong><em>putat</em></strong></span> <span class='ocrx_word' id='word_1_68' title='bbox 776 1178 904 1235; x_wconf 78' lang='lat' dir='ltr'><strong><em>Neratius</em></strong></span> <span class='ocrx_word' id='word_1_69' title='bbox 916 1181 962 1236; x_wconf 87' lang='lat' dir='ltr'><strong><em>lib.</em></strong></span> <span class='ocrx_word' id='word_1_70' title='bbox 975 1180 1018 1237; x_wconf 90' lang='lat' dir='ltr'><strong><em>itt.</em></strong></span> 
     </span>
     <span class='ocr_line' id='line_1_11' title="bbox 66 1261 1020 1335; baseline 0 -15"><span class='ocrx_word' id='word_1_71' title='bbox 66 1264 311 1326; x_wconf 80' lang='lat' dir='ltr'><strong><em>Membranarum;</em></strong></span> <span class='ocrx_word' id='word_1_72' title='bbox 326 1261 566 1335; x_wconf 88' lang='lat' dir='ltr'><strong><em>quemadmodum,</em></strong></span> <span class='ocrx_word' id='word_1_73' title='bbox 582 1262 685 1331; x_wconf 84' lang='lat' dir='ltr'><strong><em>inquit,</em></strong></span> <span class='ocrx_word' id='word_1_74' title='bbox 701 1263 808 1318; x_wconf 82' lang='lat' dir='ltr'><strong><em>calcem</em></strong></span> <span class='ocrx_word' id='word_1_75' title='bbox 823 1277 956 1335; x_wconf 83' lang='lat' dir='ltr'><strong><em>coquere,</em></strong></span> <span class='ocrx_word' id='word_1_76' title='bbox 973 1265 1020 1320; x_wconf 89' lang='lat' dir='ltr'><strong><em>uel</em></strong></span> 
     </span>
     <span class='ocr_line' id='line_1_12' title="bbox 67 1342 1018 1417; baseline -0.004 -12"><span class='ocrx_word' id='word_1_77' title='bbox 67 1364 187 1405; x_wconf 88' lang='lat' dir='ltr'><strong><em>arenam</em></strong></span> <span class='ocrx_word' id='word_1_78' title='bbox 205 1346 323 1417; x_wconf 81' lang='lat' dir='ltr'><strong><em>fodere,</em></strong></span> <span class='ocrx_word' id='word_1_79' title='bbox 347 1346 462 1401; x_wconf 88' lang='lat' dir='ltr'><strong><em>aliudue</em></strong></span> <span class='ocrx_word' id='word_1_80' title='bbox 477 1343 542 1415; x_wconf 87' lang='lat' dir='ltr'><strong><em>quid</em></strong></span> <span class='ocrx_word' id='word_1_81' title='bbox 557 1342 677 1399; x_wconf 83' lang='lat' dir='ltr'><strong><em>aedificio</em></strong></span> <span class='ocrx_word' id='word_1_82' title='bbox 693 1348 882 1401; x_wconf 85' lang='lat' dir='ltr'><strong><em>necessarium</em></strong></span> <span class='ocrx_word' id='word_1_83' title='bbox 896 1360 1018 1402; x_wconf 87' lang='lat' dir='ltr'><strong><em>sumere.</em></strong></span> 
     </span>
     <span class='ocr_line' id='line_1_13' title="bbox 68 1420 1019 1501; baseline -0.003 -15"><span class='ocrx_word' id='word_1_84' title='bbox 68 1470 196 1487; x_wconf 94' lang='grc'><strong>......</strong></span> <span class='ocrx_word' id='word_1_85' title='bbox 214 1428 283 1500; x_wconf 84' lang='lat' dir='ltr'><strong><em>apud</em></strong></span> <span class='ocrx_word' id='word_1_86' title='bbox 298 1427 447 1483; x_wconf 73' lang='lat' dir='ltr'><strong><em>labeonem</em></strong></span> <span class='ocrx_word' id='word_1_87' title='bbox 462 1420 570 1500; x_wconf 65' lang='lat' dir='ltr'><strong><em>’agitati</em></strong></span> <span class='ocrx_word' id='word_1_88' title='bbox 585 1466 592 1482; x_wconf 92' lang='lat'><strong>.</strong></span> <span class='ocrx_word' id='word_1_89' title='bbox 609 1466 616 1482; x_wconf 91' lang='lat'><strong>.</strong></span> <span class='ocrx_word' id='word_1_90' title='bbox 633 1468 640 1483; x_wconf 86' lang='lat'><strong>.</strong></span> <span class='ocrx_word' id='word_1_91' title='bbox 658 1467 665 1484; x_wconf 93' lang='lat'><strong>.</strong></span> <span class='ocrx_word' id='word_1_92' title='bbox 683 1468 690 1482; x_wconf 91' lang='lat'><strong>.</strong></span> <span class='ocrx_word' id='word_1_93' title='bbox 709 1466 717 1483; x_wconf 90' lang='lat'><strong>.</strong></span> <span class='ocrx_word' id='word_1_94' title='bbox 733 1429 881 1500; x_wconf 85' lang='lat' dir='ltr'><strong><em>pertinere,</em></strong></span> <span class='ocrx_word' id='word_1_95' title='bbox 897 1431 1019 1501; x_wconf 87' lang='lat' dir='ltr'><strong><em>quamuis</em></strong></span> 
     </span>
     <span class='ocr_line' id='line_1_14' title="bbox 66 1505 1021 1582; baseline -0.003 -12"><span class='ocrx_word' id='word_1_96' title='bbox 66 1513 197 1570; x_wconf 84' lang='lat' dir='ltr'><strong><em>Proculus</em></strong></span> <span class='ocrx_word' id='word_1_97' title='bbox 212 1526 266 1566; x_wconf 86' lang='lat' dir='ltr'><strong><em>aon</em></strong></span> <span class='ocrx_word' id='word_1_98' title='bbox 278 1549 389 1567; x_wconf 88' lang='grc'><strong>......</strong></span> <span class='ocrx_word' id='word_1_99' title='bbox 409 1505 475 1582; x_wconf 82' lang='grc'><strong><em>6(2.)</em></strong></span> <span class='ocrx_word' id='word_1_100' title='bbox 496 1509 572 1566; x_wconf 86' lang='lat' dir='ltr'><strong><em>Nunc</em></strong></span> <span class='ocrx_word' id='word_1_101' title='bbox 585 1508 747 1581; x_wconf 85' lang='lat' dir='ltr'><strong><em>uidendum,</em></strong></span> <span class='ocrx_word' id='word_1_102' title='bbox 769 1512 793 1567; x_wconf 84' lang='lat' dir='ltr'><strong><em>si</em></strong></span> <span class='ocrx_word' id='word_1_103' title='bbox 805 1513 926 1582; x_wconf 80' lang='lat' dir='ltr'><strong><em>fructus</em></strong></span> <span class='ocrx_word' id='word_1_104' title='bbox 939 1516 1021 1570; x_wconf 87' lang='lat' dir='ltr'><strong><em>serui</em></strong></span> 
     </span>
     <span class='ocr_line' id='line_1_15' title="bbox 67 1593 1020 1668; baseline 0 -15"><span class='ocrx_word' id='word_1_105' title='bbox 67 1602 103 1653; x_wconf 87' lang='lat' dir='ltr'><strong><em>sit</em></strong></span> <span class='ocrx_word' id='word_1_106' title='bbox 117 1599 238 1667; x_wconf 84' lang='lat' dir='ltr'><strong><em>loqutus,</em></strong></span> <span class='ocrx_word' id='word_1_107' title='bbox 254 1595 322 1665; x_wconf 90' lang='lat' dir='ltr'><strong><em>quid</em></strong></span> <span class='ocrx_word' id='word_1_108' title='bbox 332 1597 514 1651; x_wconf 91' lang='lat' dir='ltr'><strong><em>contincatur</em></strong></span> <span class='ocrx_word' id='word_1_109' title='bbox 528 1593 627 1666; x_wconf 80' lang='lat' dir='ltr'><strong><em>legato.</em></strong></span> <span class='ocrx_word' id='word_1_110' title='bbox 643 1593 773 1667; x_wconf 86' lang='lat' dir='ltr'><strong><em>quidquid</em></strong></span> <span class='ocrx_word' id='word_1_111' title='bbox 790 1596 811 1650; x_wconf 82' lang='lat' dir='ltr'><strong><em>is</em></strong></span> <span class='ocrx_word' id='word_1_112' title='bbox 824 1611 856 1650; x_wconf 80' lang='lat' dir='ltr'><strong><em>ea</em></strong></span> <span class='ocrx_word' id='word_1_113' title='bbox 868 1611 951 1668; x_wconf 84' lang='lat' dir='ltr'><strong><em>opera</em></strong></span> <span class='ocrx_word' id='word_1_114' title='bbox 964 1610 1020 1653; x_wconf 88' lang='lat' dir='ltr'><strong><em>sua</em></strong></span> 
     </span>
     <span class='ocr_line' id='line_1_16' title="bbox 67 1671 1020 1752; baseline -0.001 -16"><span class='ocrx_word' id='word_1_115' title='bbox 67 1681 204 1752; x_wconf 88' lang='lat' dir='ltr'><strong><em>adquirit,</em></strong></span> <span class='ocrx_word' id='word_1_116' title='bbox 220 1680 266 1733; x_wconf 86' lang='lat' dir='ltr'><strong><em>uei</em></strong></span> <span class='ocrx_word' id='word_1_117' title='bbox 282 1692 321 1734; x_wconf 74' lang='lat' dir='ltr'><strong><em>ecc</em></strong></span> <span class='ocrx_word' id='word_1_118' title='bbox 335 1692 369 1733; x_wconf 89' lang='lat' dir='ltr'><strong><em>re</em></strong></span> <span class='ocrx_word' id='word_1_119' title='bbox 380 1677 552 1748; x_wconf 79' lang='lat' dir='ltr'><strong><em>fructuarii,</em></strong></span> <span class='ocrx_word' id='word_1_120' title='bbox 569 1680 630 1734; x_wconf 88' lang='lat' dir='ltr'><strong><em>siue</em></strong></span> <span class='ocrx_word' id='word_1_121' title='bbox 646 1671 808 1751; x_wconf 78' lang='lat' dir='ltr'><strong><em>&#39;mancipio⁷</em></strong></span> <span class='ocrx_word' id='word_1_122' title='bbox 823 1680 941 1752; x_wconf 85' lang='lat' dir='ltr'><strong><em>accipiat,</em></strong></span> <span class='ocrx_word' id='word_1_123' title='bbox 961 1681 1020 1736; x_wconf 85' lang='lat' dir='ltr'><strong><em>siaa</em></strong></span> 
     </span>
     <span class='ocr_line' id='line_1_17' title="bbox 66 1760 1019 1837; baseline 0.001 -18"><span class='ocrx_word' id='word_1_124' title='bbox 66 1764 227 1835; x_wconf 76' lang='lat' dir='ltr'><strong><em>stipuletur,</em></strong></span> <span class='ocrx_word' id='word_1_125' title='bbox 242 1764 304 1817; x_wconf 90' lang='lat' dir='ltr'><strong><em>siue</em></strong></span> <span class='ocrx_word' id='word_1_126' title='bbox 318 1765 417 1817; x_wconf 85' lang='lat' dir='ltr'><strong><em>emerit</em></strong></span> <span class='ocrx_word' id='word_1_127' title='bbox 432 1767 460 1818; x_wconf 86' lang='lat' dir='ltr'><strong><em>et</em></strong></span> <span class='ocrx_word' id='word_1_128' title='bbox 474 1766 501 1817; x_wconf 89' lang='lat' dir='ltr'><strong><em>ei</em></strong></span> <span class='ocrx_word' id='word_1_129' title='bbox 513 1765 655 1831; x_wconf 71' lang='lat' dir='ltr'><strong><em>possessio</em></strong></span> <span class='ocrx_word' id='word_1_130' title='bbox 667 1760 761 1832; x_wconf 78' lang='lat' dir='ltr'><strong><em>fuerit</em></strong></span> <span class='ocrx_word' id='word_1_131' title='bbox 776 1764 893 1833; x_wconf 84' lang='lat' dir='ltr'><strong><em>tradito,</em></strong></span> <span class='ocrx_word' id='word_1_132' title='bbox 913 1765 1019 1837; x_wconf 85' lang='lat' dir='ltr'><strong><em>ieqota·</em></strong></span> 
     </span>
     <span class='ocr_line' id='line_1_18' title="bbox 66 1837 1020 1919; baseline 0.001 -17"><span class='ocrx_word' id='word_1_133' title='bbox 66 1849 107 1903; x_wconf 85' lang='lat' dir='ltr'><strong><em>ria</em></strong></span> <span class='ocrx_word' id='word_1_134' title='bbox 117 1845 243 1917; x_wconf 86' lang='lat' dir='ltr'><strong><em>adquirit.</em></strong></span> <span class='ocrx_word' id='word_1_135' title='bbox 265 1837 323 1899; x_wconf 59' lang='lat' dir='ltr'><strong><em>’Ab</em></strong></span> <span class='ocrx_word' id='word_1_136' title='bbox 333 1845 357 1900; x_wconf 90' lang='lat' dir='ltr'><strong><em>si</em></strong></span> <span class='ocrx_word' id='word_1_137' title='bbox 368 1845 448 1901; x_wconf 88' lang='lat' dir='ltr'><strong><em>heres</em></strong></span> <span class='ocrx_word' id='word_1_138' title='bbox 457 1848 604 1902; x_wconf 85' lang='lat' dir='ltr'><strong><em>institutus</em></strong></span> <span class='ocrx_word' id='word_1_139' title='bbox 615 1848 661 1915; x_wconf 87' lang='lat' dir='ltr'><strong><em>sit,</em></strong></span> <span class='ocrx_word' id='word_1_140' title='bbox 671 1848 718 1902; x_wconf 90' lang='lat' dir='ltr'><strong><em>uet</em></strong></span> <span class='ocrx_word' id='word_1_141' title='bbox 727 1846 851 1919; x_wconf 79' lang='lat' dir='ltr'><strong><em>leqatum</em></strong></span> <span class='ocrx_word' id='word_1_142' title='bbox 860 1851 1020 1918; x_wconf 77' lang='lat' dir='ltr'><strong><em>acceperit,</em></strong></span> 
     </span>
     <span class='ocr_line' id='line_1_19' title="bbox 10 1926 1021 2003; baseline 0.001 -17"><span class='ocrx_word' id='word_1_143' title='bbox 10 1941 56 1991; x_wconf 72' lang='lat' dir='ltr'><strong><em>au]</em></strong></span> <span class='ocrx_word' id='word_1_144' title='bbox 64 1932 187 2003; x_wconf 84' lang='lat' dir='ltr'><strong><em>placuit,</em></strong></span> <span class='ocrx_word' id='word_1_145' title='bbox 202 1928 256 1984; x_wconf 88' lang='lat' dir='ltr'><strong><em>boc</em></strong></span> <span class='ocrx_word' id='word_1_146' title='bbox 270 1929 381 1985; x_wconf 85' lang='lat' dir='ltr'><strong><em>domino</em></strong></span> <span class='ocrx_word' id='word_1_147' title='bbox 395 1931 503 1999; x_wconf 83' lang='lat' dir='ltr'><strong><em>quaeri3</em></strong></span> <span class='ocrx_word' id='word_1_148' title='bbox 519 1930 642 2001; x_wconf 89' lang='lat' dir='ltr'><strong><em>quamuis</em></strong></span> <span class='ocrx_word' id='word_1_149' title='bbox 657 1926 745 1984; x_wconf 82' lang='lat' dir='ltr'><strong><em>Labeo</em></strong></span> <span class='ocrx_word' id='word_1_150' title='bbox 760 1928 922 2003; x_wconf 85' lang='lat' dir='ltr'><strong><em>distinquat,</em></strong></span> <span class='ocrx_word' id='word_1_151' title='bbox 938 1935 1021 1987; x_wconf 88' lang='lat' dir='ltr'><strong><em>cuius</em></strong></span> 
     </span>
     <span class='ocr_line' id='line_1_20' title="bbox 65 2007 953 2091; baseline -0.002 -21"><span class='ocrx_word' id='word_1_152' title='bbox 65 2016 161 2088; x_wconf 85' lang='lat' dir='ltr'><strong><em>qratia</em></strong></span> <span class='ocrx_word' id='word_1_153' title='bbox 176 2015 224 2069; x_wconf 86' lang='lat' dir='ltr'><strong><em>uel</em></strong></span> <span class='ocrx_word' id='word_1_154' title='bbox 237 2012 324 2068; x_wconf 83' lang='lat' dir='ltr'><strong><em>iteres</em></strong></span> <span class='ocrx_word' id='word_1_155' title='bbox 337 2015 484 2068; x_wconf 88' lang='lat' dir='ltr'><strong><em>institutus</em></strong></span> <span class='ocrx_word' id='word_1_156' title='bbox 498 2014 548 2082; x_wconf 88' lang='lat' dir='ltr'><strong><em>sit,</em></strong></span> <span class='ocrx_word' id='word_1_157' title='bbox 563 2014 609 2068; x_wconf 87' lang='lat' dir='ltr'><strong><em>uei</em></strong></span> <span class='ocrx_word' id='word_1_158' title='bbox 623 2014 748 2085; x_wconf 80' lang='lat' dir='ltr'><strong><em>loquium</em></strong></span> <span class='ocrx_word' id='word_1_159' title='bbox 762 2007 933 2084; x_wconf 58' lang='lat' dir='ltr'><strong><em>acceperit?</em></strong></span> <span class='ocrx_word' id='word_1_160' title='bbox 950 2007 953 2091; x_wconf 81' lang='grc'>)</span> 
     </span>
     <span class='ocr_line' id='line_1_21' title="bbox 128 2088 1125 2169; baseline -0.006 -17"><span class='ocrx_word' id='word_1_161' title='bbox 128 2091 173 2155; x_wconf 81' lang='lat' dir='ltr'><strong><em>te.</em></strong></span> <span class='ocrx_word' id='word_1_162' title='bbox 198 2088 275 2169; x_wconf 77' lang='lat'>¹⁰(1.)</span> <span class='ocrx_word' id='word_1_163' title='bbox 298 2094 357 2152; x_wconf 88' lang='lat' dir='ltr'><strong><em>Sed</em></strong></span> <span class='ocrx_word' id='word_1_164' title='bbox 369 2098 455 2152; x_wconf 84' lang='lat' dir='ltr'><strong><em>sicuti</em></strong></span> <span class='ocrx_word' id='word_1_165' title='bbox 469 2098 650 2168; x_wconf 84' lang='lat' dir='ltr'><strong><em>stipulatione</em></strong></span> <span class='ocrx_word' id='word_1_166' title='bbox 664 2096 812 2153; x_wconf 77' lang='lat' dir='ltr'><strong><em>{auctuario</em></strong></span> <span class='ocrx_word' id='word_1_167' title='bbox 828 2096 952 2169; x_wconf 86' lang='lat' dir='ltr'><strong><em>adquirit,</em></strong></span> <span class='ocrx_word' id='word_1_168' title='bbox 968 2092 1125 2167; x_wconf 80' lang='lat' dir='ltr'><strong><em>ita[1a]ss.b.</em></strong></span> 
     </span>
     <span class='ocr_line' id='line_1_22' title="bbox 67 2169 1112 2253; baseline -0.004 -16"><span class='ocrx_word' id='word_1_169' title='bbox 67 2186 153 2238; x_wconf 89' lang='lat' dir='ltr'><strong><em>etiam</em></strong></span> <span class='ocrx_word' id='word_1_170' title='bbox 171 2180 348 2252; x_wconf 84' lang='lat' dir='ltr'><strong><em>paciscendo</em></strong></span> <span class='ocrx_word' id='word_1_171' title='bbox 368 2194 431 2235; x_wconf 90' lang='lat' dir='ltr'><strong><em>cum</em></strong></span> <span class='ocrx_word' id='word_1_172' title='bbox 453 2181 608 2252; x_wconf 78' lang='lat' dir='ltr'><strong><em>adquirere</em></strong></span> <span class='ocrx_word' id='word_1_173' title='bbox 630 2184 828 2252; x_wconf 70' lang='lat' dir='ltr'><strong><em>exceptionem</em></strong></span> <span class='ocrx_word' id='word_1_174' title='bbox 847 2180 1020 2253; x_wconf 80' lang='lat' dir='ltr'><strong><em>fructuario,</em></strong></span> <span class='ocrx_word' id='word_1_175' title='bbox 1039 2169 1112 2236; x_wconf 58' lang='lat'><strong><em>39⁰·</em></strong></span> 
     </span>
     <span class='ocr_line' id='line_1_23' title="bbox 67 2256 1021 2338; baseline 0.002 -18"><span class='ocrx_word' id='word_1_176' title='bbox 67 2265 182 2320; x_wconf 82' lang='lat' dir='ltr'><strong><em>lulianus</em></strong></span> <span class='ocrx_word' id='word_1_177' title='bbox 196 2256 303 2334; x_wconf 64' lang='lat' dir='ltr'><strong><em>ibib.)¹¹</em></strong></span> <span class='ocrx_word' id='word_1_178' title='bbox 315 2261 412 2321; x_wconf 85' lang='lat' dir='ltr'><strong>XXXV.</strong></span> <span class='ocrx_word' id='word_1_179' title='bbox 423 2262 485 2335; x_wconf 84' lang='lat' dir='ltr'><strong><em>Diq.</em></strong></span> <span class='ocrx_word' id='word_1_180' title='bbox 497 2264 612 2319; x_wconf 89' lang='lat' dir='ltr'><strong><em>scribit:</em></strong></span> <span class='ocrx_word' id='word_1_181' title='bbox 629 2257 788 2338; x_wconf 83' lang='lat' dir='ltr'><strong><em>&#39;itemque¹²</em></strong></span> <span class='ocrx_word' id='word_1_182' title='bbox 796 2272 824 2321; x_wconf 90' lang='lat' dir='ltr'><strong><em>et</em></strong></span> <span class='ocrx_word' id='word_1_183' title='bbox 833 2268 859 2322; x_wconf 86' lang='lat' dir='ltr'><strong><em>si</em></strong></span> <span class='ocrx_word' id='word_1_184' title='bbox 869 2271 1021 2337; x_wconf 80' lang='lat' dir='ltr'><strong><em>acceptum</em></strong></span> 
     </span>
     <span class='ocr_line' id='line_1_24' title="bbox 69 2338 1019 2423; baseline 0.003 -19"><span class='ocrx_word' id='word_1_185' title='bbox 69 2350 225 2422; x_wconf 80' lang='lat' dir='ltr'><strong><em>roqauerit,</em></strong></span> <span class='ocrx_word' id='word_1_186' title='bbox 240 2347 433 2404; x_wconf 79' lang='lat' dir='ltr'><strong><em>liberationem</em></strong></span> <span class='ocrx_word' id='word_1_187' title='bbox 448 2348 472 2400; x_wconf 86' lang='lat' dir='ltr'><strong><em>ei</em></strong></span> <span class='ocrx_word' id='word_1_188' title='bbox 485 2362 592 2418; x_wconf 78' lang='lat' dir='ltr'><strong><em>parere.</em></strong></span> <span class='ocrx_word' id='word_1_189' title='bbox 616 2338 675 2423; x_wconf 79' lang='lat'>(2.)</span> <span class='ocrx_word' id='word_1_190' title='bbox 688 2346 827 2414; x_wconf 81' lang='lat' dir='ltr'><strong><em>Quoniam</em></strong></span> <span class='ocrx_word' id='word_1_191' title='bbox 839 2355 933 2406; x_wconf 90' lang='lat' dir='ltr'><strong><em>autem</em></strong></span> <span class='ocrx_word' id='word_1_192' title='bbox 945 2351 1019 2407; x_wconf 76' lang='lat' dir='ltr'><strong><em>dicei·</em></strong></span> 
     </span>
     <span class='ocr_line' id='line_1_25' title="bbox 67 2430 1021 2504; baseline 0.001 -17"><span class='ocrx_word' id='word_1_193' title='bbox 67 2447 143 2499; x_wconf 89' lang='lat' dir='ltr'><strong><em>mus,</em></strong></span> <span class='ocrx_word' id='word_1_194' title='bbox 166 2432 242 2503; x_wconf 90' lang='lat' dir='ltr'><strong><em>quod</em></strong></span> <span class='ocrx_word' id='word_1_195' title='bbox 255 2445 294 2487; x_wconf 80' lang='lat' dir='ltr'><strong><em>eas</em></strong></span> <span class='ocrx_word' id='word_1_196' title='bbox 308 2432 404 2501; x_wconf 84' lang='lat' dir='ltr'><strong><em>operis</em></strong></span> <span class='ocrx_word' id='word_1_197' title='bbox 419 2430 593 2503; x_wconf 81' lang='lat' dir='ltr'><strong><em>adquiritur,</em></strong></span> <span class='ocrx_word' id='word_1_198' title='bbox 614 2432 653 2486; x_wconf 91' lang='lat' dir='ltr'><strong><em>ad</em></strong></span> <span class='ocrx_word' id='word_1_199' title='bbox 668 2430 856 2501; x_wconf 79' lang='lat' dir='ltr'><strong><em>fructuarium</em></strong></span> <span class='ocrx_word' id='word_1_200' title='bbox 873 2435 1021 2504; x_wconf 83' lang='lat' dir='ltr'><strong><em>pertinere,</em></strong></span> 
     </span>
     <span class='ocr_line' id='line_1_26' title="bbox 67 2514 1020 2585; baseline 0.002 -15"><span class='ocrx_word' id='word_1_201' title='bbox 67 2514 204 2571; x_wconf 72' lang='lat' dir='ltr'><strong><em>sciendam}</em></strong></span> <span class='ocrx_word' id='word_1_202' title='bbox 215 2521 268 2581; x_wconf 90' lang='lat' dir='ltr'><strong><em>est,</em></strong></span> <span class='ocrx_word' id='word_1_203' title='bbox 285 2517 369 2570; x_wconf 86' lang='lat' dir='ltr'><strong><em>etiam</em></strong></span> <span class='ocrx_word' id='word_1_204' title='bbox 380 2515 535 2585; x_wconf 83' lang='lat' dir='ltr'><strong><em>coqendum</em></strong></span> <span class='ocrx_word' id='word_1_205' title='bbox 547 2529 610 2569; x_wconf 88' lang='lat' dir='ltr'><strong><em>eum</em></strong></span> <span class='ocrx_word' id='word_1_206' title='bbox 621 2519 741 2585; x_wconf 81' lang='lat' dir='ltr'><strong><em>operari</em></strong></span> <span class='ocrx_word' id='word_1_207' title='bbox 747 2539 754 2575; x_wconf 87' lang='lat'><strong><em>.-</em></strong></span> <span class='ocrx_word' id='word_1_208' title='bbox 769 2519 871 2570; x_wconf 88' lang='lat' dir='ltr'><strong><em>etenim</em></strong></span> <span class='ocrx_word' id='word_1_209' title='bbox 882 2517 1020 2573; x_wconf 87' lang='lat' dir='ltr'><strong><em>modicam</em></strong></span> 
     </span>
    </p>
   </div>
   <div class='ocr_carea' id='block_1_4' title="bbox 37 2677 1021 3937">
    <p class='ocr_par' dir='ltr' id='par_1_4' title="bbox 67 2677 1021 3309">
     <span class='ocr_line' id='line_1_27' title="bbox 141 2677 1020 2747; baseline 0.002 -17"><span class='ocrx_word' id='word_1_210' title='bbox 141 2679 160 2746; x_wconf 80' lang='grc'><strong><em>1)</em></strong></span> <span class='ocrx_word' id='word_1_211' title='bbox 174 2681 234 2747; x_wconf 76' lang='lat' dir='ltr'><strong><em>otq.</em></strong></span> <span class='ocrx_word' id='word_1_212' title='bbox 250 2689 274 2731; x_wconf 85' lang='lat' dir='ltr'><strong><em>et</em></strong></span> <span class='ocrx_word' id='word_1_213' title='bbox 287 2681 344 2730; x_wconf 87' lang='lat' dir='ltr'><strong><em>edd.</em></strong></span> <span class='ocrx_word' id='word_1_214' title='bbox 359 2680 383 2729; x_wconf 85' lang='lat' dir='ltr'><strong><em>lt.</em></strong></span> <span class='ocrx_word' id='word_1_215' title='bbox 399 2684 415 2729; x_wconf 86' lang='lat' dir='ltr'><strong><em>i.</em></strong></span> <span class='ocrx_word' id='word_1_216' title='bbox 431 2683 547 2730; x_wconf 88' lang='lat' dir='ltr'><strong><em>inserunt</em></strong></span> <span class='ocrx_word' id='word_1_217' title='bbox 567 2677 823 2744; x_wconf 81' lang='lat' dir='ltr'><strong><em>‘usufructuarium&#39;,</em></strong></span> <span class='ocrx_word' id='word_1_218' title='bbox 842 2683 912 2746; x_wconf 86' lang='lat' dir='ltr'><strong><em>quod</em></strong></span> <span class='ocrx_word' id='word_1_219' title='bbox 931 2697 1020 2732; x_wconf 86' lang='lat' dir='ltr'><strong><em>uersus</em></strong></span> 
     </span>
     <span class='ocr_line' id='line_1_28' title="bbox 67 2748 1019 2817; baseline -0.003 -13"><span class='ocrx_word' id='word_1_220' title='bbox 67 2756 113 2804; x_wconf 77' lang='lat' dir='ltr'><strong><em>aias</em></strong></span> <span class='ocrx_word' id='word_1_221' title='bbox 127 2754 204 2816; x_wconf 83' lang='lat' dir='ltr'><strong><em>capit.</em></strong></span> <span class='ocrx_word' id='word_1_222' title='bbox 257 2748 277 2816; x_wconf 75' lang='lat'><strong><em>²)</em></strong></span> <span class='ocrx_word' id='word_1_223' title='bbox 294 2748 443 2802; x_wconf 79' lang='lat' dir='ltr'><strong><em>‘arboribus</em></strong></span> <span class='ocrx_word' id='word_1_224' title='bbox 456 2752 553 2801; x_wconf 77' lang='lat' dir='ltr'><strong><em>eurisis</em></strong></span> <span class='ocrx_word' id='word_1_225' title='bbox 563 2753 604 2801; x_wconf 88' lang='lat' dir='ltr'><strong><em>uel</em></strong></span> <span class='ocrx_word' id='word_1_226' title='bbox 615 2753 642 2800; x_wconf 86' lang='lat' dir='ltr'><strong><em>ui</em></strong></span> <span class='ocrx_word' id='word_1_227' title='bbox 652 2748 795 2801; x_wconf 88' lang='lat' dir='ltr'><strong><em>uentorum’</em></strong></span> <span class='ocrx_word' id='word_1_228' title='bbox 812 2750 872 2817; x_wconf 80' lang='lat' dir='ltr'><strong><em>Diq.</em></strong></span> <span class='ocrx_word' id='word_1_229' title='bbox 883 2767 927 2815; x_wconf 83' lang='lat' dir='ltr'><strong><em>pr.</em></strong></span> <span class='ocrx_word' id='word_1_230' title='bbox 943 2752 974 2803; x_wconf 88' lang='lat' dir='ltr'><strong><em>L.</em></strong></span> <span class='ocrx_word' id='word_1_231' title='bbox 986 2764 1019 2803; x_wconf 82' lang='lat' dir='ltr'><strong><em>te.</em></strong></span> 
     </span>
     <span class='ocr_line' id='line_1_29' title="bbox 68 2817 1018 2887; baseline -0.001 -14"><span class='ocrx_word' id='word_1_232' title='bbox 68 2827 111 2874; x_wconf 88' lang='lat' dir='ltr'><strong><em>cit.</em></strong></span> <span class='ocrx_word' id='word_1_233' title='bbox 126 2823 184 2872; x_wconf 88' lang='lat' dir='ltr'><strong><em>edd.</em></strong></span> <span class='ocrx_word' id='word_1_234' title='bbox 235 2817 390 2887; x_wconf 75' lang='lat' dir='ltr'><strong><em>³)iiestitui.</em></strong></span> <span class='ocrx_word' id='word_1_235' title='bbox 416 2821 446 2871; x_wconf 86' lang='lat' dir='ltr'><strong><em>In</em></strong></span> <span class='ocrx_word' id='word_1_236' title='bbox 461 2821 521 2886; x_wconf 83' lang='lat' dir='ltr'><strong><em>Diq.</em></strong></span> <span class='ocrx_word' id='word_1_237' title='bbox 532 2828 583 2871; x_wconf 83' lang='lat' dir='ltr'><strong><em>est:</em></strong></span> <span class='ocrx_word' id='word_1_238' title='bbox 598 2818 708 2884; x_wconf 82' lang='lat' dir='ltr'><strong><em>‘alioqui</em></strong></span> <span class='ocrx_word' id='word_1_239' title='bbox 721 2823 746 2870; x_wconf 86' lang='lat' dir='ltr'><strong><em>si</em></strong></span> <span class='ocrx_word' id='word_1_240' title='bbox 758 2817 837 2871; x_wconf 86' lang='lat' dir='ltr'><strong><em>totus&#39;</em></strong></span> <span class='ocrx_word' id='word_1_241' title='bbox 853 2828 910 2880; x_wconf 81' lang='lat' dir='ltr'><strong><em>etc,</em></strong></span> <span class='ocrx_word' id='word_1_242' title='bbox 924 2822 971 2872; x_wconf 85' lang='lat' dir='ltr'><strong><em>sed</em></strong></span> <span class='ocrx_word' id='word_1_243' title='bbox 984 2825 1018 2885; x_wconf 80' lang='lat' dir='ltr'><strong><em>cs.</em></strong></span> 
     </span>
     <span class='ocr_line' id='line_1_30' title="bbox 67 2888 1021 2989; baseline -0.002 -45"><span class='ocrx_word' id='word_1_244' title='bbox 67 2894 99 2943; x_wconf 87' lang='lat' dir='ltr'><strong><em>L.</em></strong></span> <span class='ocrx_word' id='word_1_245' title='bbox 110 2904 144 2944; x_wconf 80' lang='lat' dir='ltr'><strong><em>lo.</em></strong></span> <span class='ocrx_word' id='word_1_246' title='bbox 159 2891 190 2940; x_wconf 85' lang='lat' dir='ltr'><strong><em>D.</em></strong></span> <span class='ocrx_word' id='word_1_247' title='bbox 203 2891 236 2942; x_wconf 88' lang='lat' dir='ltr'><strong><em>ib.</em></strong></span> <span class='ocrx_word' id='word_1_248' title='bbox 286 2888 307 2956; x_wconf 90' lang='lat'><strong><em>⁴)</em></strong></span> <span class='ocrx_word' id='word_1_249' title='bbox 323 2892 354 2940; x_wconf 91' lang='lat' dir='ltr'><strong><em>In</em></strong></span> <span class='ocrx_word' id='word_1_250' title='bbox 364 2891 423 2989; x_wconf 55' lang='grc' dir='ltr'><strong><em>ΙΝ).</em></strong></span> <span class='ocrx_word' id='word_1_251' title='bbox 435 2899 532 2941; x_wconf 87' lang='lat' dir='ltr'><strong><em>tantum</em></strong></span> <span class='ocrx_word' id='word_1_252' title='bbox 546 2898 597 2941; x_wconf 88' lang='lat' dir='ltr'><strong><em>est:</em></strong></span> <span class='ocrx_word' id='word_1_253' title='bbox 613 2888 743 2955; x_wconf 79' lang='lat' dir='ltr'><strong><em>‘auferret</em></strong></span> <span class='ocrx_word' id='word_1_254' title='bbox 753 2890 941 2953; x_wconf 78' lang='lat' dir='ltr'><strong><em>fructuarius’,</em></strong></span> <span class='ocrx_word' id='word_1_255' title='bbox 951 2893 1021 2957; x_wconf 85' lang='lat' dir='ltr'><strong><em>quod</em></strong></span> 
     </span>
     <span class='ocr_line' id='line_1_31' title="bbox 67 2960 1020 3026; baseline 0 -13"><span class='ocrx_word' id='word_1_256' title='bbox 67 2978 167 3014; x_wconf 75' lang='lat' dir='ltr'><strong><em>uersam</em></strong></span> <span class='ocrx_word' id='word_1_257' title='bbox 182 2977 232 3012; x_wconf 90' lang='lat' dir='ltr'><strong><em>non</em></strong></span> <span class='ocrx_word' id='word_1_258' title='bbox 245 2964 339 3025; x_wconf 77' lang='lat' dir='ltr'><strong><em>captet.</em></strong></span> <span class='ocrx_word' id='word_1_259' title='bbox 409 2960 419 3026; x_wconf 91' lang='lat'>)</span> <span class='ocrx_word' id='word_1_260' title='bbox 434 2964 481 3024; x_wconf 80' lang='lat' dir='ltr'><strong><em>agit</em></strong></span> <span class='ocrx_word' id='word_1_261' title='bbox 495 2977 508 3010; x_wconf 89' lang='lat' dir='ltr'><strong>a</strong></span> <span class='ocrx_word' id='word_1_262' title='bbox 523 2962 580 3013; x_wconf 87' lang='lat' dir='ltr'><strong><em>cdd.</em></strong></span> <span class='ocrx_word' id='word_1_263' title='bbox 609 2961 648 3010; x_wconf 86' lang='lat' dir='ltr'><strong><em>Dc</em></strong></span> <span class='ocrx_word' id='word_1_264' title='bbox 661 2964 808 3025; x_wconf 78' lang='lat' dir='ltr'><strong><em>quaestione</em></strong></span> <span class='ocrx_word' id='word_1_265' title='bbox 822 2965 922 3026; x_wconf 80' lang='lat' dir='ltr'><strong><em>aqitala</em></strong></span> <span class='ocrx_word' id='word_1_266' title='bbox 936 2977 1020 3013; x_wconf 87' lang='lat' dir='ltr'><strong><em>sermo</em></strong></span> 
     </span>
     <span class='ocr_line' id='line_1_32' title="bbox 67 3033 1018 3096; baseline -0.002 -12"><span class='ocrx_word' id='word_1_267' title='bbox 67 3042 112 3084; x_wconf 87' lang='lat' dir='ltr'><strong><em>est.</em></strong></span> <span class='ocrx_word' id='word_1_268' title='bbox 146 3033 243 3082; x_wconf 87' lang='lat' dir='ltr'><strong><em>Versus</em></strong></span> <span class='ocrx_word' id='word_1_269' title='bbox 257 3033 410 3082; x_wconf 85' lang='lat' dir='ltr'><strong><em>antecedens</em></strong></span> <span class='ocrx_word' id='word_1_270' title='bbox 428 3040 453 3082; x_wconf 86' lang='lat' dir='ltr'><strong><em>et</em></strong></span> <span class='ocrx_word' id='word_1_271' title='bbox 468 3034 502 3090; x_wconf 89' lang='lat' dir='ltr'><strong><em>is,</em></strong></span> <span class='ocrx_word' id='word_1_272' title='bbox 521 3035 566 3096; x_wconf 89' lang='lat' dir='ltr'><strong><em>qui</em></strong></span> <span class='ocrx_word' id='word_1_273' title='bbox 581 3039 641 3095; x_wconf 85' lang='lat' dir='ltr'><strong><em>post</em></strong></span> <span class='ocrx_word' id='word_1_274' title='bbox 654 3034 763 3081; x_wconf 88' lang='lat' dir='ltr'><strong><em>aiterum</em></strong></span> <span class='ocrx_word' id='word_1_275' title='bbox 776 3035 904 3096; x_wconf 85' lang='lat' dir='ltr'><strong><em>sequitur,</em></strong></span> <span class='ocrx_word' id='word_1_276' title='bbox 924 3034 952 3092; x_wconf 79' lang='lat' dir='ltr'><strong><em>im</em></strong></span> <span class='ocrx_word' id='word_1_277' title='bbox 970 3033 1018 3082; x_wconf 68' lang='lat' dir='ltr'><strong><em>Vi.</em></strong></span> 
     </span>
     <span class='ocr_line' id='line_1_33' title="bbox 68 3102 1020 3168; baseline 0 -15"><span class='ocrx_word' id='word_1_278' title='bbox 68 3105 143 3154; x_wconf 82' lang='lat' dir='ltr'><strong><em>initio</em></strong></span> <span class='ocrx_word' id='word_1_279' title='bbox 158 3119 261 3154; x_wconf 84' lang='lat' dir='ltr'><strong><em>uacuus.</em></strong></span> <span class='ocrx_word' id='word_1_280' title='bbox 285 3102 395 3168; x_wconf 80' lang='lat' dir='ltr'><strong><em>Sinqqu</em></strong></span> <span class='ocrx_word' id='word_1_281' title='bbox 408 3108 506 3151; x_wconf 82' lang='lat' dir='ltr'><strong><em>tantum</em></strong></span> <span class='ocrx_word' id='word_1_282' title='bbox 520 3102 597 3152; x_wconf 87' lang='lat' dir='ltr'><strong><em>uerba</em></strong></span> <span class='ocrx_word' id='word_1_283' title='bbox 610 3105 727 3166; x_wconf 81' lang='lat' dir='ltr'><strong><em>suppleta</em></strong></span> <span class='ocrx_word' id='word_1_284' title='bbox 737 3110 870 3166; x_wconf 86' lang='lat' dir='ltr'><strong><em>utrumque</em></strong></span> <span class='ocrx_word' id='word_1_285' title='bbox 880 3118 1020 3165; x_wconf 83' lang='lat' dir='ltr'><strong><em>occupasse</em></strong></span> 
     </span>
     <span class='ocr_line' id='line_1_34' title="bbox 67 3173 1018 3238; baseline -0.001 -14"><span class='ocrx_word' id='word_1_286' title='bbox 67 3175 202 3225; x_wconf 83' lang='lat' dir='ltr'><strong><em>uideatur:</em></strong></span> <span class='ocrx_word' id='word_1_287' title='bbox 215 3181 239 3223; x_wconf 88' lang='lat' dir='ltr'><strong><em>et</em></strong></span> <span class='ocrx_word' id='word_1_288' title='bbox 248 3181 313 3236; x_wconf 80' lang='lat' dir='ltr'><strong><em>puto</em></strong></span> <span class='ocrx_word' id='word_1_289' title='bbox 327 3175 451 3237; x_wconf 81' lang='lat' dir='ltr'><strong><em>aqitatum</em></strong></span> <span class='ocrx_word' id='word_1_290' title='bbox 461 3188 516 3223; x_wconf 90' lang='lat' dir='ltr'><strong><em>esse</em></strong></span> <span class='ocrx_word' id='word_1_291' title='bbox 524 3174 556 3222; x_wconf 90' lang='lat' dir='ltr'><strong><em>de</em></strong></span> <span class='ocrx_word' id='word_1_292' title='bbox 566 3174 710 3238; x_wconf 82' lang='lat' dir='ltr'><strong><em>teqularum</em></strong></span> <span class='ocrx_word' id='word_1_293' title='bbox 718 3174 887 3237; x_wconf 74' lang='lat' dir='ltr'><strong><em>similiumque</em></strong></span> <span class='ocrx_word' id='word_1_294' title='bbox 897 3173 1018 3233; x_wconf 88' lang='lat' dir='ltr'><strong><em>dominio,</em></strong></span> 
     </span>
     <span class='ocr_line' id='line_1_35' title="bbox 67 3242 1019 3309; baseline 0.001 -16"><span class='ocrx_word' id='word_1_295' title='bbox 67 3260 132 3309; x_wconf 89' lang='lat' dir='ltr'><strong><em>quae</em></strong></span> <span class='ocrx_word' id='word_1_296' title='bbox 146 3251 235 3294; x_wconf 86' lang='lat' dir='ltr'><strong><em>uentus</em></strong></span> <span class='ocrx_word' id='word_1_297' title='bbox 248 3244 380 3294; x_wconf 85' lang='lat' dir='ltr'><strong><em>deiecerit.</em></strong></span> <span class='ocrx_word' id='word_1_298' title='bbox 404 3243 467 3292; x_wconf 90' lang='lat' dir='ltr'><strong><em>Nam</em></strong></span> <span class='ocrx_word' id='word_1_299' title='bbox 481 3244 513 3292; x_wconf 90' lang='lat' dir='ltr'><strong><em>de</em></strong></span> <span class='ocrx_word' id='word_1_300' title='bbox 527 3242 751 3309; x_wconf 69' lang='lat' dir='ltr'><strong><em>mormore(cs.11.</em></strong></span> <span class='ocrx_word' id='word_1_301' title='bbox 764 3255 837 3307; x_wconf 74' lang='lat' dir='ltr'><strong><em>repr.</em></strong></span> <span class='ocrx_word' id='word_1_302' title='bbox 854 3244 885 3291; x_wconf 81' lang='lat' dir='ltr'><strong><em>o.</em></strong></span> <span class='ocrx_word' id='word_1_303' title='bbox 896 3244 1019 3307; x_wconf 74' lang='lat' dir='ltr'><strong><em>desundo</em></strong></span> 
     </span>
    </p>

    <p class='ocr_par' dir='ltr' id='par_1_5' title="bbox 37 3313 1020 3937">
     <span class='ocr_line' id='line_1_36' title="bbox 37 3313 1019 3379; baseline 0.001 -16"><span class='ocrx_word' id='word_1_304' title='bbox 37 3316 54 3349; x_wconf 83' lang='lat'><em>⁰</em></span> <span class='ocrx_word' id='word_1_305' title='bbox 67 3316 118 3363; x_wconf 89' lang='lat' dir='ltr'><strong><em>dol.</em></strong></span> <span class='ocrx_word' id='word_1_306' title='bbox 138 3326 176 3374; x_wconf 78' lang='lat' dir='ltr'><strong><em>ta,</em></strong></span> <span class='ocrx_word' id='word_1_307' title='bbox 194 3314 218 3379; x_wconf 77' lang='lat' dir='ltr'><strong><em>t)</em></strong></span> <span class='ocrx_word' id='word_1_308' title='bbox 244 3314 369 3376; x_wconf 77' lang='lat' dir='ltr'><strong><em>Ulpianus</em></strong></span> <span class='ocrx_word' id='word_1_309' title='bbox 387 3316 440 3364; x_wconf 86' lang='lat' dir='ltr'><strong><em>aiio</em></strong></span> <span class='ocrx_word' id='word_1_310' title='bbox 459 3317 515 3364; x_wconf 91' lang='lat' dir='ltr'><strong><em>ioco</em></strong></span> <span class='ocrx_word' id='word_1_311' title='bbox 533 3316 600 3378; x_wconf 82' lang='lat' dir='ltr'><strong><em>cqii:</em></strong></span> <span class='ocrx_word' id='word_1_312' title='bbox 617 3313 649 3363; x_wconf 87' lang='lat' dir='ltr'><strong><em>L.</em></strong></span> <span class='ocrx_word' id='word_1_313' title='bbox 669 3325 689 3365; x_wconf 78' lang='lat' dir='ltr'><strong><em>a.</em></strong></span> <span class='ocrx_word' id='word_1_314' title='bbox 713 3315 752 3375; x_wconf 64' lang='grc' dir='ltr'><strong><em>ἐξ.</em></strong></span> <span class='ocrx_word' id='word_1_315' title='bbox 772 3324 792 3364; x_wconf 75' lang='lat' dir='ltr'><strong><em>t.</em></strong></span> <span class='ocrx_word' id='word_1_316' title='bbox 812 3325 832 3366; x_wconf 80' lang='lat' dir='ltr'><strong><em>a.</em></strong></span> <span class='ocrx_word' id='word_1_317' title='bbox 852 3313 884 3364; x_wconf 78' lang='lat' dir='ltr'><strong><em>L.</em></strong></span> <span class='ocrx_word' id='word_1_318' title='bbox 904 3325 937 3365; x_wconf 78' lang='lat'><strong><em>1³.</em></strong></span> <span class='ocrx_word' id='word_1_319' title='bbox 959 3316 983 3376; x_wconf 68' lang='grc' dir='ltr'><strong><em>ξ.</em></strong></span> <span class='ocrx_word' id='word_1_320' title='bbox 997 3325 1019 3366; x_wconf 80' lang='grc'><strong><em>5.</em></strong></span> 
     </span>
     <span class='ocr_line' id='line_1_37' title="bbox 67 3381 1018 3448; baseline 0.001 -15"><span class='ocrx_word' id='word_1_321' title='bbox 67 3385 98 3434; x_wconf 86' lang='lat' dir='ltr'><strong><em>D.</em></strong></span> <span class='ocrx_word' id='word_1_322' title='bbox 114 3384 138 3433; x_wconf 84' lang='lat' dir='ltr'><strong><em>l.</em></strong></span> <span class='ocrx_word' id='word_1_323' title='bbox 154 3392 170 3433; x_wconf 87' lang='lat' dir='ltr'><strong><em>t.</em></strong></span> <span class='ocrx_word' id='word_1_324' title='bbox 223 3381 244 3448; x_wconf 78' lang='lat'><strong><em>⁶)</em></strong></span> <span class='ocrx_word' id='word_1_325' title='bbox 259 3383 306 3433; x_wconf 84' lang='lat' dir='ltr'><strong><em>Est</em></strong></span> <span class='ocrx_word' id='word_1_326' title='bbox 320 3384 351 3431; x_wconf 85' lang='lat' dir='ltr'><strong><em>L.</em></strong></span> <span class='ocrx_word' id='word_1_327' title='bbox 367 3394 400 3434; x_wconf 79' lang='lat'><strong><em>21.</em></strong></span> <span class='ocrx_word' id='word_1_328' title='bbox 420 3384 453 3434; x_wconf 85' lang='grc' dir='ltr'><strong><em>Ι).</em></strong></span> <span class='ocrx_word' id='word_1_329' title='bbox 468 3385 500 3434; x_wconf 90' lang='lat' dir='ltr'><strong><em>de</em></strong></span> <span class='ocrx_word' id='word_1_330' title='bbox 515 3385 598 3447; x_wconf 72' lang='lat' dir='ltr'><strong><em>usufr.</em></strong></span> <span class='ocrx_word' id='word_1_331' title='bbox 614 3384 645 3448; x_wconf 81' lang='lat' dir='ltr'><strong><em>(t,</em></strong></span> <span class='ocrx_word' id='word_1_332' title='bbox 661 3383 691 3448; x_wconf 86' lang='lat'><strong><em>1),</em></strong></span> <span class='ocrx_word' id='word_1_333' title='bbox 705 3385 752 3433; x_wconf 86' lang='lat' dir='ltr'><strong><em>sed</em></strong></span> <span class='ocrx_word' id='word_1_334' title='bbox 765 3392 869 3434; x_wconf 81' lang='lat' dir='ltr'><strong><em>mutata.</em></strong></span> <span class='ocrx_word' id='word_1_335' title='bbox 899 3383 1018 3444; x_wconf 71' lang='lat' dir='ltr'><strong><em>destitui,</em></strong></span> 
     </span>
     <span class='ocr_line' id='line_1_38' title="bbox 63 3451 1019 3519; baseline 0 -16"><span class='ocrx_word' id='word_1_336' title='bbox 63 3457 161 3517; x_wconf 84' lang='lat' dir='ltr'><strong><em>partim</em></strong></span> <span class='ocrx_word' id='word_1_337' title='bbox 172 3454 269 3504; x_wconf 84' lang='lat' dir='ltr'><strong><em>Bucbb.</em></strong></span> <span class='ocrx_word' id='word_1_338' title='bbox 280 3462 389 3504; x_wconf 85' lang='lat' dir='ltr'><strong><em>secutae.</em></strong></span> <span class='ocrx_word' id='word_1_339' title='bbox 442 3451 462 3515; x_wconf 80' lang='lat'><strong><em>⁷)</em></strong></span> <span class='ocrx_word' id='word_1_340' title='bbox 479 3456 578 3517; x_wconf 86' lang='lat' dir='ltr'><strong><em>..pium</em></strong></span> <span class='ocrx_word' id='word_1_341' title='bbox 594 3454 651 3503; x_wconf 86' lang='lat' dir='ltr'><strong><em>Vat.</em></strong></span> <span class='ocrx_word' id='word_1_342' title='bbox 672 3456 821 3518; x_wconf 86' lang='lat' dir='ltr'><strong><em>mancipium</em></strong></span> <span class='ocrx_word' id='word_1_343' title='bbox 831 3456 888 3505; x_wconf 84' lang='lat' dir='ltr'><strong><em>edd.</em></strong></span> <span class='ocrx_word' id='word_1_344' title='bbox 899 3454 1019 3519; x_wconf 80' lang='lat' dir='ltr'><strong><em>(praeter</em></strong></span> 
     </span>
     <span class='ocr_line' id='line_1_39' title="bbox 68 3520 1020 3589; baseline 0.001 -16"><span class='ocrx_word' id='word_1_345' title='bbox 68 3523 201 3589; x_wconf 77' lang='lat' dir='ltr'><strong><em>Mamas).</em></strong></span> <span class='ocrx_word' id='word_1_346' title='bbox 274 3522 295 3588; x_wconf 62' lang='grc'><strong><em>8)</em></strong></span> <span class='ocrx_word' id='word_1_347' title='bbox 310 3531 334 3573; x_wconf 90' lang='lat' dir='ltr'><strong><em>et</em></strong></span> <span class='ocrx_word' id='word_1_348' title='bbox 352 3524 411 3573; x_wconf 91' lang='lat' dir='ltr'><strong><em>Vat.</em></strong></span> <span class='ocrx_word' id='word_1_349' title='bbox 426 3524 483 3572; x_wconf 88' lang='lat' dir='ltr'><strong><em>cdd.</em></strong></span> <span class='ocrx_word' id='word_1_350' title='bbox 556 3520 577 3584; x_wconf 84' lang='lat'><strong><em>⁹)</em></strong></span> <span class='ocrx_word' id='word_1_351' title='bbox 593 3523 714 3574; x_wconf 84' lang='lat' dir='ltr'><strong><em>Fortasse</em></strong></span> <span class='ocrx_word' id='word_1_352' title='bbox 733 3525 886 3589; x_wconf 86' lang='lat' dir='ltr'><strong><em>sequebatur</em></strong></span> <span class='ocrx_word' id='word_1_353' title='bbox 904 3527 1020 3589; x_wconf 80' lang='lat' dir='ltr'><strong><em>sequenti</em></strong></span> 
     </span>
     <span class='ocr_line' id='line_1_40' title="bbox 67 3590 1017 3658; baseline -0.001 -14"><span class='ocrx_word' id='word_1_354' title='bbox 67 3610 156 3644; x_wconf 87' lang='lat' dir='ltr'><strong><em>uersu:</em></strong></span> <span class='ocrx_word' id='word_1_355' title='bbox 178 3591 259 3658; x_wconf 84' lang='lat' dir='ltr'><strong><em>‘quod</em></strong></span> <span class='ocrx_word' id='word_1_356' title='bbox 278 3593 353 3643; x_wconf 83' lang='lat' dir='ltr'><strong><em>babel</em></strong></span> <span class='ocrx_word' id='word_1_357' title='bbox 374 3590 519 3643; x_wconf 88' lang='lat' dir='ltr'><strong><em>rationem&#39;.</em></strong></span> <span class='ocrx_word' id='word_1_358' title='bbox 557 3593 594 3655; x_wconf 74' lang='lat' dir='ltr'><strong><em>Cf.</em></strong></span> <span class='ocrx_word' id='word_1_359' title='bbox 615 3592 646 3640; x_wconf 85' lang='lat' dir='ltr'><strong><em>L.</em></strong></span> <span class='ocrx_word' id='word_1_360' title='bbox 666 3604 698 3643; x_wconf 76' lang='lat' dir='ltr'><strong><em>ae.</em></strong></span> <span class='ocrx_word' id='word_1_361' title='bbox 725 3592 757 3642; x_wconf 86' lang='lat' dir='ltr'><strong><em>D.</em></strong></span> <span class='ocrx_word' id='word_1_362' title='bbox 777 3595 809 3643; x_wconf 86' lang='lat' dir='ltr'><strong><em>dc</em></strong></span> <span class='ocrx_word' id='word_1_363' title='bbox 830 3594 914 3656; x_wconf 81' lang='lat' dir='ltr'><strong><em>usufr.</em></strong></span> <span class='ocrx_word' id='word_1_364' title='bbox 934 3594 969 3658; x_wconf 83' lang='lat' dir='ltr'><strong><em>(t,</em></strong></span> <span class='ocrx_word' id='word_1_365' title='bbox 989 3596 1017 3657; x_wconf 86' lang='lat'><strong><em>1).</em></strong></span> 
     </span>
     <span class='ocr_line' id='line_1_41' title="bbox 69 3662 1020 3725; baseline 0 -11"><span class='ocrx_word' id='word_1_366' title='bbox 69 3666 142 3714; x_wconf 83' lang='lat' dir='ltr'><strong><em>Certe</em></strong></span> <span class='ocrx_word' id='word_1_367' title='bbox 152 3665 315 3714; x_wconf 88' lang='lat' dir='ltr'><strong><em>Iustinianus</em></strong></span> <span class='ocrx_word' id='word_1_368' title='bbox 325 3663 454 3712; x_wconf 84' lang='lat' dir='ltr'><strong><em>Labeonis</em></strong></span> <span class='ocrx_word' id='word_1_369' title='bbox 463 3664 613 3711; x_wconf 86' lang='lat' dir='ltr'><strong><em>senteutiam</em></strong></span> <span class='ocrx_word' id='word_1_370' title='bbox 623 3662 752 3724; x_wconf 81' lang='lat' dir='ltr'><strong><em>probauit.</em></strong></span> <span class='ocrx_word' id='word_1_371' title='bbox 776 3663 891 3713; x_wconf 85' lang='lat' dir='ltr'><strong><em>Ceterum</em></strong></span> <span class='ocrx_word' id='word_1_372' title='bbox 901 3665 935 3725; x_wconf 82' lang='lat' dir='ltr'><strong><em>cs.</em></strong></span> <span class='ocrx_word' id='word_1_373' title='bbox 944 3663 975 3713; x_wconf 82' lang='lat' dir='ltr'><strong><em>L.</em></strong></span> <span class='ocrx_word' id='word_1_374' title='bbox 985 3677 1020 3714; x_wconf 89' lang='lat'><strong><em>10.</em></strong></span> 
     </span>
     <span class='ocr_line' id='line_1_42' title="bbox 67 3729 1017 3796; baseline -0.005 -10"><span class='ocrx_word' id='word_1_375' title='bbox 67 3737 89 3796; x_wconf 73' lang='lat'><strong><em>§-</em></strong></span> <span class='ocrx_word' id='word_1_376' title='bbox 104 3748 125 3786; x_wconf 80' lang='lat' dir='ltr'><strong><em>a.</em></strong></span> <span class='ocrx_word' id='word_1_377' title='bbox 140 3736 171 3784; x_wconf 80' lang='lat' dir='ltr'><strong><em>L.</em></strong></span> <span class='ocrx_word' id='word_1_378' title='bbox 187 3747 220 3786; x_wconf 78' lang='grc'><strong><em>47.</em></strong></span> <span class='ocrx_word' id='word_1_379' title='bbox 236 3736 268 3783; x_wconf 85' lang='lat' dir='ltr'><strong><em>D.</em></strong></span> <span class='ocrx_word' id='word_1_380' title='bbox 284 3735 316 3783; x_wconf 86' lang='lat' dir='ltr'><strong><em>de</em></strong></span> <span class='ocrx_word' id='word_1_381' title='bbox 330 3749 385 3796; x_wconf 88' lang='lat' dir='ltr'><strong><em>acq.</em></strong></span> <span class='ocrx_word' id='word_1_382' title='bbox 401 3748 453 3782; x_wconf 90' lang='lat' dir='ltr'><strong><em>rer.</em></strong></span> <span class='ocrx_word' id='word_1_383' title='bbox 469 3733 532 3780; x_wconf 89' lang='lat' dir='ltr'><strong><em>dom.</em></strong></span> <span class='ocrx_word' id='word_1_384' title='bbox 549 3729 593 3795; x_wconf 74' lang='grc' dir='ltr'><strong><em>(ιι,</em></strong></span> <span class='ocrx_word' id='word_1_385' title='bbox 609 3733 638 3794; x_wconf 82' lang='grc' dir='ltr'><strong><em>ι).</em></strong></span> <span class='ocrx_word' id='word_1_386' title='bbox 661 3731 811 3794; x_wconf 56' lang='grc' dir='ltr'><em>[ΛΗ-3.</em></span> <span class='ocrx_word' id='word_1_387' title='bbox 832 3733 1017 3796; x_wconf 85' lang='lat' dir='ltr'><strong><em>D.deocq.o.</em></strong></span> 
     </span>
     <span class='ocr_line' id='line_1_43' title="bbox 67 3800 1018 3870; baseline -0.005 -16"><span class='ocrx_word' id='word_1_388' title='bbox 67 3821 113 3854; x_wconf 90' lang='lat' dir='ltr'><strong><em>em.</em></strong></span> <span class='ocrx_word' id='word_1_389' title='bbox 128 3805 182 3853; x_wconf 84' lang='lat' dir='ltr'><strong><em>ber.</em></strong></span> <span class='ocrx_word' id='word_1_390' title='bbox 199 3805 243 3870; x_wconf 75' lang='lat'><strong><em>(29,</em></strong></span> <span class='ocrx_word' id='word_1_391' title='bbox 259 3803 289 3867; x_wconf 77' lang='lat' dir='ltr'><strong><em>a).</em></strong></span> <span class='ocrx_word' id='word_1_392' title='bbox 365 3801 397 3867; x_wconf 83' lang='lat'><strong><em>¹⁰)</em></strong></span> <span class='ocrx_word' id='word_1_393' title='bbox 413 3803 493 3851; x_wconf 82' lang='lat' dir='ltr'><strong><em>Prior</em></strong></span> <span class='ocrx_word' id='word_1_394' title='bbox 503 3816 570 3864; x_wconf 85' lang='lat' dir='ltr'><strong><em>pars</em></strong></span> <span class='ocrx_word' id='word_1_395' title='bbox 584 3802 620 3849; x_wconf 85' lang='lat' dir='ltr'><strong><em>od</em></strong></span> <span class='ocrx_word' id='word_1_396' title='bbox 632 3800 666 3866; x_wconf 79' lang='lat' dir='ltr'><strong><em>(t)</em></strong></span> <span class='ocrx_word' id='word_1_397' title='bbox 680 3802 743 3851; x_wconf 88' lang='lat' dir='ltr'><strong><em>med.</em></strong></span> <span class='ocrx_word' id='word_1_398' title='bbox 758 3810 830 3851; x_wconf 73' lang='lat' dir='ltr'><strong><em>extat</em></strong></span> <span class='ocrx_word' id='word_1_399' title='bbox 845 3805 870 3851; x_wconf 91' lang='lat' dir='ltr'><strong><em>in</em></strong></span> <span class='ocrx_word' id='word_1_400' title='bbox 885 3803 917 3850; x_wconf 77' lang='lat' dir='ltr'><strong><em>L.</em></strong></span> <span class='ocrx_word' id='word_1_401' title='bbox 932 3813 965 3853; x_wconf 70' lang='lat' dir='ltr'><strong><em>es.</em></strong></span> <span class='ocrx_word' id='word_1_402' title='bbox 988 3802 1018 3849; x_wconf 85' lang='lat' dir='ltr'><strong><em>D.</em></strong></span> 
     </span>
     <span class='ocr_line' id='line_1_44' title="bbox 67 3867 933 3937; baseline -0.005 -14"><span class='ocrx_word' id='word_1_403' title='bbox 67 3875 98 3923; x_wconf 89' lang='lat' dir='ltr'><strong><em>de</em></strong></span> <span class='ocrx_word' id='word_1_404' title='bbox 115 3874 197 3936; x_wconf 77' lang='lat' dir='ltr'><strong><em>usasr.</em></strong></span> <span class='ocrx_word' id='word_1_405' title='bbox 215 3873 246 3937; x_wconf 79' lang='lat' dir='ltr'><strong><em>(a,</em></strong></span> <span class='ocrx_word' id='word_1_406' title='bbox 261 3873 291 3936; x_wconf 88' lang='lat'><strong><em>1).</em></strong></span> <span class='ocrx_word' id='word_1_407' title='bbox 346 3869 379 3937; x_wconf 87' lang='lat'><strong><em>¹¹)</em></strong></span> <span class='ocrx_word' id='word_1_408' title='bbox 394 3871 511 3936; x_wconf 80' lang='lat' dir='ltr'><strong><em>EacDiq.</em></strong></span> <span class='ocrx_word' id='word_1_409' title='bbox 526 3872 649 3934; x_wconf 79' lang='lat' dir='ltr'><strong><em>supplevi.</em></strong></span> <span class='ocrx_word' id='word_1_410' title='bbox 703 3867 735 3935; x_wconf 87' lang='lat'><strong><em>¹¹)</em></strong></span> <span class='ocrx_word' id='word_1_411' title='bbox 751 3872 860 3935; x_wconf 86' lang='lat' dir='ltr'><strong><em>idemque</em></strong></span> <span class='ocrx_word' id='word_1_412' title='bbox 874 3870 933 3935; x_wconf 82' lang='lat' dir='ltr'><strong><em>Diq.</em></strong></span> 
     </span>
    </p>
   </div>
   <div class='ocr_carea' id='block_1_5' title="bbox 752 3961 807 4017">
    <p class='ocr_par' dir='ltr' id='par_1_6' title="bbox 752 3961 807 4017">
     <span class='ocr_line' id='line_1_45' title="bbox 752 3961 807 4017; baseline 0.018 -1"><span class='ocrx_word' id='word_1_413' title='bbox 752 3961 807 4017; x_wconf 77' lang='lat'><strong><em>47·</em></strong></span> 
     </span>
    </p>
   </div>
   <div class='ocr_carea' id='block_1_6' title="bbox 0 0 1194 4386">
    <p class='ocr_par' dir='ltr' id='par_1_7' title="bbox 0 0 1194 4386">
     <span class='ocr_line' id='line_1_46' title="bbox 0 0 1194 4386; baseline 0 0"><span class='ocrx_word' id='word_1_414' title='bbox 0 0 1194 4386; x_wconf 95' lang='lat' dir='ltr'><strong><em> </em></strong></span> 
     </span>
    </p>
   </div>
  </div>
 </body>
</html>
