2378 4386
326 547 392 582 arms
409 547 503 582 ravum
522 547 592 582 saur.
617 529 650 581 11.
669 536 765 582 9-11.
955 526 1022 589 475

10 688 58 737 ³⁷⁸]
72 672 171 750 dls(ue)
183 669 193 710 ¹
210 675 413 749 uendendisque
426 675 548 749 frugibus
563 677 733 749 praepositus
745 685 798 745 est,
814 692 845 731 ex
858 677 1020 743 eonomine,

70 760 144 835 quod
168 777 228 817 cum
250 759 298 816 illo
322 769 489 816 contractum
512 769 564 821 est.
586 761 614 814 in
636 759 752 815 solidum
768 758 929 830 ’ipecuniae
945 750 1021 827 uel)²

71 844 147 900 lundi
171 844 296 900 dominus
317 842 468 917 obligatum
492 858 540 899 nec
559 845 690 911 interest,
712 858 808 898 seruus
831 858 862 896 an
885 841 953 897 liber
976 843 1020 898 sit.

69 926 98 986 8.
120 927 197 996 Quod
213 944 273 984 cum
289 927 427 1000 discipulis
444 943 547 999 eorum,
565 927 610 999 qui
626 925 739 982 officinis
755 926 799 981 uel
814 924 931 981 tabernis
947 942 1021 999 prae·

70 1021 145 1082 suut,
169 1019 336 1068 contractum
359 1019 412 1082 est,
435 1011 463 1066 in
479 1012 623 1084 magistros
641 1009 684 1065 uel
698 1011 837 1065 institores
854 1008 979 1066 tabernae
995 1010 1022 1065 iu

69 1096 186 1153 solidum
202 1097 272 1152 aetio
287 1085 400 1150 ’datur'

325 1229 388 1269 Tl'l'·
405 1229 445 1269 11.
476 1229 517 1269 Det
534 1229 565 1269 tu
580 1230 643 1269 Ruta
659 1228 767 1271 VERSO.

136 1312 162 1372 1.
187 1309 308 1371 ⁴Seruus
324 1312 368 1368 uel
384 1312 565 1368 filiusfamilias
580 1315 601 1367 si
619 1323 754 1387 acceptam
770 1316 908 1387 pecuniam
924 1317 950 1369 in
966 1330 1023 1370 rem

71 1401 155 1474 petris
171 1398 215 1454 uel
231 1397 332 1453 domini
348 1399 479 1467 uerterit,
503 1396 554 1452 lroc
575 1397 672 1468 modo,
695 1413 788 1471 agrum
812 1409 876 1471 puta
898 1398 1022 1470 colendo,

71 1484 180 1540 domum
197 1480 349 1551 fulciendo,
372 1481 502 1553 mancipia
517 1475 689 1550 uestieudo,⁵
705 1482 861 1551 mercando,
879 1482 922 1537 uel
938 1482 1024 1538 credi·

72 1569 126 1623 tori
140 1563 283 1635 soluendo,
299 1563 343 1619 uel
358 1564 422 1637 quid
439 1565 491 1619 tale
507 1563 640 1634 iaciendo,
656 1564 688 1620 de
704 1567 731 1620 io
747 1581 804 1621 rem
820 1583 899 1622 uerso
916 1568 943 1621 in
957 1565 1022 1621 soli·

71 1651 136 1705 dum
152 1648 195 1702 uel
211 1655 311 1720 patrem
326 1646 370 1703 uel
385 1648 521 1703 dominum
538 1647 653 1720 obligat:
676 1649 700 1704 si
722 1657 810 1705 tamen
826 1648 861 1706 ob
876 1650 946 1707 lianc
961 1666 1023 1706 cau·

71 1749 128 1788 sam
143 1732 256 1806 pecunia
270 1729 331 1786 data
346 1723 406 1790 sit.⁶

253 1808 297 1889 [L.
316 1815 363 1870 17.
386 1815 423 1872 D.
438 1816 473 1871 de
488 1815 540 1872 SC.
557 1815 671 1872 Maced.
689 1811 755 1890 (14,
772 1809 850 1892 6).]⁷

166 1951 229 1993 atr,
245 1952 274 1990 X.
305 1950 346 1989 DE
362 1949 498 1990 SENATVS
515 1948 676 1991 CONSVLTO
692 1949 927 1991 macenorum.

135 2033 161 2093 1.
185 2029 249 2102 ⁸Qui
265 2032 436 2089 filiofamilias
453 2044 546 2089 eontra
561 2035 734 2094 interdictum
750 2035 907 2108 amplissimi
923 2035 1024 2091 ordinis

73 2120 214 2193 pecuniam
229 2128 349 2174 mutuam
366 2117 520 2188 crediderit,
537 2128 599 2191 post
616 2128 729 2175 mortem
745 2121 827 2192 patris
843 2136 875 2175 er
891 2136 934 2191 eo,
951 2119 1024 2193 quod

73 2205 137 2257 uiuo
153 2210 228 2275 patre
243 2201 366 2271 eredidit,
383 2218 443 2256 cum
459 2217 491 2257 eo
507 2219 587 2274 agere
603 2220 657 2257 uon
673 2213 772 2276 potest.

151 2336 214 2378 uir.
229 2337 272 2379 xa.
303 2335 346 2376 un
363 2335 500 2377 seuerus
516 2335 701 2379 oousvnrvu
716 2315 939 2381 vnnaarsuvaa.⁹

136 2420 161 2480 1.
185 2416 241 2478 ¹⁰ln
257 2423 330 2478 omni
345 2438 445 2496 genere
462 2423 633 2494 negotiorum
649 2431 676 2478 et
692 2422 887 2496 obligationum
904 2435 957 2481 tarn
974 2442 1023 2499 pro

73 2508 138 2563 uiris
155 2523 246 2579 uuam
274 2522 324 2578 pro
353 2506 459 2562 seminis
488 2504 654 2560 intercedere
680 2507 805 2562 mulieres
833 2509 1021 2580 prohibentur.

72 2586 101 2652 2.
128 2591 238 2660 Mulier,
266 2605 334 2661 quae
357 2606 406 2663 pro
428 2582 530 2664 ’(se)¹¹
555 2587 690 2644 tutoribus
712 2588 829 2645 filiorum
851 2607 961 2646 suorum
985 2594 1024 2646 iu·

147 2746 166 2815 ¹)
184 2749 340 2799 dominando
355 2749 454 2797 addidi.
481 2749 518 2810 Cf.
530 2747 642 2811 interpr.
695 2744 716 2813 ²)
732 2747 867 2810 Suppleui;
881 2748 980 2797 excidit
993 2749 1024 2811 p‘u

72 2820 103 2870 od
116 2827 249 2884 sequenter
263 2823 363 2868 litterae
378 2820 409 2867 iu.
461 2815 482 2883 8)
499 2819 620 2883 Plerique
636 2819 697 2868 Cdd.
717 2818 810 2866 dabitur
825 2819 872 2866 ulii
888 2817 949 2866 Gdd.
965 2818 1022 2866 edd.

75 2890 188 2939 Ceterum
203 2891 236 2952 ef.
252 2889 283 2938 L.
299 2901 320 2939 a.
334 2891 357 2950 ξ.
373 2901 406 2939 to.
422 2888 454 2938 D.
468 2889 492 2938 d.
508 2896 525 2939 t.

147 2959 194 3009 Tit.
211 2960 261 3009 IX.
300 2958 321 3022 ⁴)
339 2959 377 3021 Cf.
392 2960 451 3020 ξφ
471 2959 577 3024 Lquod
590 2976 645 3009 cum
659 2974 688 3008 eo
703 2975 726 3022 q.
742 2960 768 3007 in
784 2959 861 3006 alien.
877 2957 909 3023 (l,
924 2956 956 3023 t).

74 3028 95 3097 ι)
110 3030 250 3080 &cidisse
264 3031 366 3079 videtur
380 3029 529 3078 trumentum.
556 3031 594 3093 Cf.
605 3030 637 3078 L.
648 3043 668 3081 s.
683 3031 722 3090 ἐξ.
735 3041 753 3078 1.
765 3040 785 3079 a.
800 3028 831 3076 D.
843 3028 866 3077 d.
878 3036 895 3079 t.
941 3025 991 3093 ⁸)i.
1001 3045 1023 3078 e.

72 3104 96 3152 ai
106 3102 239 3165 filiusfam.
254 3116 284 3150 eo
299 3102 392 3156 animo,
405 3108 434 3148 ut
444 3104 531 3163 patris
546 3104 648 3165 repotia
661 3107 772 3165 pareret,
784 3096 920 3162 picuniam
931 3101 1024 3150 ineius

73 3188 125 3223 rem
139 3174 254 3221 uerterit.
279 3171 318 3234 Cf.
338 3169 522 3220 Unterirolzner
536 3170 704 3221 Seduldoerd.
719 3173 741 3232 §-
756 3182 803 3220 soo.
818 3185 849 3218 m.
901 3167 923 3235 ¹)
940 3170 1024 3219 Pieri·

74 3258 120 3306 pue
134 3243 158 3294 n.
174 3244 190 3291 i.
206 3242 241 3290 ad
253 3249 395 3305 sequentem
409 3243 447 3289 tit.
462 3244 613 3291 retulerunt.

147 3312 195 3362 lte.
214 3312 247 3360 X.
286 3310 307 3377 ⁸)
325 3312 363 3374 Cf.
379 3310 409 3359 L.
426 3324 491 3374 tpr.
511 3312 542 3360 o.
559 3313 590 3360 de
604 3311 651 3360 SC.
668 3311 769 3361 Maced.
785 3311 830 3377 (14,
845 3310 877 3376 o).

147 3383 195 3432 lte.
218 3382 267 3431 XI.
309 3379 331 3446 ⁹)
353 3382 465 3444 Proprie
489 3383 666 3441 Vellaeanum,
686 3399 709 3432 a.
729 3393 763 3433 st.
798 3381 836 3444 Cf.
852 3381 975 3446 Borpdee.
997 3383 1023 3430 in

72 3454 168 3502 Annal.
183 3453 242 3502 dell'
256 3452 320 3502 Inst.
335 3451 407 3501 ared.
423 3464 483 3503 roae.
494 3468 521 3515 p.
532 3463 566 3503 to.
616 3450 648 3517 ¹⁰)
664 3453 783 3502 Berisum
797 3467 852 3502 erae
863 3460 928 3515 puta
946 3449 1023 3501 ‘soro

77 3520 232 3573 Velleiano'.
311 3520 344 3589 ¹¹)
358 3520 488 3585 Suppleoi.
516 3521 650 3587 Intellipe:
664 3529 691 3571 ut
705 3525 763 3586 ipsa
777 3523 1025 3571 administrationem

72 3609 158 3644 rerum
165 3596 279 3657 filiorum
288 3608 392 3643 auorum
399 3595 537 3656 acciperet,
548 3609 599 3657 pro
610 3593 658 3640 irae
668 3593 900 3643 administratione.
921 3591 951 3640 L.
961 3603 974 3642 a
980 3607 1024 3655 pr.

74 3663 99 3714 0.
112 3665 148 3714 ad
155 3663 203 3714 SG.
220 3663 302 3713 Vellei
312 3663 344 3729 (a,
354 3661 399 3727 aa).
419 3663 451 3710 L.
462 3675 482 3713 e.
499 3663 524 3713 G.
535 3665 560 3712 ei
573 3669 655 3712 mater
669 3663 800 3711 indemnit.
812 3662 844 3728 (e,
853 3660 900 3728 ts).
925 3661 1025 3711 Vocula

73 3748 98 3783 se
114 3751 170 3785 eum
184 3735 338 3791 excidisset,
354 3732 486 3796 interpres
505 3733 587 3798 Visip.
602 3735 684 3782 locum
698 3735 800 3795 aceepit
818 3733 850 3781 de
868 3739 948 3781 matre
960 3733 1025 3793 filiis

68 3819 120 3866 pro
134 3813 217 3856 tutore
231 3821 247 3854 a
261 3820 288 3854 ae
299 3805 380 3867 petilo
392 3803 557 3865 fideiussione
572 3803 693 3868 oblipata,
707 3817 782 3866 quam
793 3817 842 3851 non
853 3804 931 3850 aliter
941 3801 1025 3848 teneri

72 3882 180 3934 constat,
195 3876 285 3923 nisisi
298 3874 345 3923 doc
361 3875 510 3935 specialiter
524 3874 626 3923 decreto
642 3871 848 3935 comprehensum
861 3872 904 3919 sit.
929 3869 961 3917 L.
973 3881 992 3918 t.
1003 3879 1024 3919 a.
