2378 4386
704 111 724 118 .-

502 542 588 579 sins.
964 524 1026 589 161

72 685 151 732 mur,
173 666 235 720 iure
253 666 369 730 dixeris,
393 664 608 734 praeclariorem
632 663 668 718 de
690 664 752 718 iure
774 662 852 718 civili
868 663 970 717 librum
989 665 1029 718 di·

73 735 211 790 scentium
233 733 262 786 in
284 750 366 786 usum
388 748 533 797 nunquam
554 731 688 800 scriptum
710 731 808 796 fuisse,
834 730 893 784 sive
920 731 1029 785 dotium

73 805 133 857 eius
151 799 356 865 excellentiam,
375 801 434 854 sive
451 798 598 852 mirificam
617 799 722 852 fructus
740 799 905 852 ubertatem
916 802 946 852 et
957 799 1028 853 iato-

74 887 135 923 rum
162 867 326 922 ielicitatem
352 868 470 935 spectes.
517 866 693 920 Praestantia
718 865 783 919 libri
808 866 959 943 praecipue
986 866 1029 920 his

74 936 157 991 rebus
168 934 350 1003 conspiciturr
369 934 446 1003 quod
457 949 522 997 non,
541 934 574 985 ut
585 931 742 1001 superiores
753 933 820 986 libri
831 948 927 986 omnes
944 949 1029 987 unam

74 1004 230 1058 alteramve
251 1001 318 1055 iuris
340 1001 430 1056 civilis
452 1002 576 1067 partem,
602 999 652 1052 sed
675 1015 785 1067 revera,
811 1003 845 1054 ut
867 998 1029 1054 Lactantius

75 1078 99 1137 t,
111 1077 134 1126 4.
147 1075 171 1134 t.
184 1077 208 1124 3.
226 1084 245 1122 a
255 1069 413 1137 quibusque
427 1067 653 1121 institutionibus
666 1067 761 1143 exigit,
775 1068 871 1120 ‘totius
883 1066 1028 1122 doctrinae

74 1137 260 1192 substantiam
282 1138 428 1198 continet',
451 1136 481 1189 et
504 1134 564 1187 eius
580 1133 695 1201 quidem
717 1135 797 1199 ruris,
821 1149 876 1202 quo
897 1137 960 1188 tum
977 1136 1028 1188 im·

76 1205 185 1273 perium
202 1204 358 1258 Romaurm
379 1202 526 1265 utebatur,
550 1201 585 1255 de
607 1216 662 1266 quo
684 1201 739 1254 iam
758 1201 825 1263 dixi,
843 1202 1028 1256 substantiam

77 1287 145 1326 vero
161 1271 202 1326 ita
218 1270 375 1326 felicissime
394 1269 583 1331 enucleatam,
601 1270 634 1320 ut
652 1267 742 1321 adhuc
760 1268 836 1321 rudis
855 1268 952 1322 tironis
970 1271 1028 1323 ani·

76 1355 138 1392 mus
154 1354 206 1392 nec
224 1339 318 1392 ieiuna
335 1337 461 1392 exilitate
479 1336 681 1399 deterreretur,
703 1350 755 1388 nec
774 1336 864 1388 otiosa
881 1350 913 1388 co
935 1337 963 1388 ia
980 1338 1030 1389 ant

77 1406 275 1474 quaestionum
287 1404 444 1458 subtilitate
457 1405 486 1457 et
497 1402 664 1455 difficultate
677 1418 693 1454 ο
715 1402 890 1471 primeretnr.
947 1403 1029 1456 einde

77 1473 152 1542 quod
174 1473 248 1525 hanc
265 1472 356 1540 ipsam
377 1471 564 1525 substantiam
588 1419 751 1536 disposifam
768 1468 856 1522 habet
872 1484 928 1521 non
946 1469 1029 1522 modo

77 1556 94 1594 a
113 1543 143 1593 te
163 1544 193 1592 et
210 1538 355 1591 commode
373 1537 495 1599 omnino,
513 1537 562 1590 sed
579 1538 619 1599 ut,
637 1537 660 1588 si
672 1551 810 1588 summam
822 1537 941 1603 spectas,
953 1536 1031 1588 nulla

106 1607 135 1661 ia
157 1621 193 1660 ex
215 1620 246 1657 re
268 1604 278 1656 i
312 1619 330 1657 a
350 1605 443 1671 petita
464 1602 564 1656 divisio
587 1602 708 1656 inveniri
732 1617 813 1669 posse
835 1601 978 1656 videatur:
1001 1604 1031 1657 id

76 1667 166 1741 quod,
186 1686 250 1723 cum
279 1670 387 1723 entium
398 1671 466 1723 iuris
477 1671 506 1723 in
523 1670 567 1724 ins
586 1672 713 1748 gentm
732 1671 761 1722 et
778 1670 821 1722 ius
834 1669 916 1723 civile
929 1671 1030 1725 divisio

76 1742 135 1794 iam
163 1753 197 1791 ex
224 1736 341 1804 antiqua
366 1736 463 1806 populi
488 1736 568 1790 Rom.
593 1735 815 1805 rurisprudentia
844 1739 955 1790 retenta
983 1739 1030 1802 sit,

76 1805 201 1861 maxime
220 1803 296 1857 cadit
312 1804 341 1857 in
358 1805 477 1858 alteram
493 1803 572 1857 illam
579 1806 620 1858 bt
656 1805 720 1856 lane
739 1820 840 1857 novam
859 1804 947 1870 ipsius
964 1805 1031 1858 iuris

97 1871 182 1927 rivati
198 1870 228 1925 in
245 1870 288 1924 ius
306 1872 381 1939 quod
398 1871 435 1926 ad
466 1887 586 1949 'ersonas
608 1822 666 1948 (liin.
685 1870 705 1927 l.
725 1911 733 1949 3
758 1870 833 1939 quod
856 1872 891 1948 ad
910 1886 954 1948 res
972 1871 1031 1936 (lib.

76 1891 113 1994 it.
131 1939 204 2007 HL),
224 1939 255 1992 et
271 1937 400 2017 quod-ad
417 1889 542 2018 actiones
559 1940 684 2015 pertinet
701 1937 759 2016 bb.
777 1938 837 2017 Ill.)
856 1938 1029 1992 divisionem.

78 2007 149 2061 Nam
168 2022 233 2060 cum
250 2020 332 2060 omne
349 2022 392 2061 rus
409 2007 549 2074 privatum
573 2007 677 2074 partim
698 2022 727 2057 m
749 2021 778 2059 se
800 2021 862 2074 ipso
887 2008 916 2060 et
933 2023 985 2075 per
1002 2022 1031 2062 se

79 2075 218 2136 sectato,
245 2074 350 2141 partim
370 2073 401 2127 in
423 2075 499 2136 iure,
527 2088 590 2126 oum
612 2073 642 2124 in
666 2074 884 2126 controversiam
907 2076 1030 2140 vocatur,

79 2092 213 2195 adversm
229 2140 359 2194 iniuriam
378 2138 532 2194 obtinendo
551 2139 694 2203 consistat,
712 2139 861 2207 ipsumque
879 2140 921 2193 ius
939 2157 1032 2193 rursus

82 2209 283 2284 autpersouss,
302 2207 404 2328 qtuibus
416 2207 561 2274 competit,
580 2206 719 2284 respiciat
738 2210 856 2272 autres,
879 2222 1033 2327 guae-per-

30 2275 157 2328 tiilsonis
172 2275 314 2328 mserviun
329 2316 336 2340 ,
353 2272 557 2343 apprehendat,
575 2274 671 2326 addito
690 2289 722 2327 eo
735 2274 803 2337 inre,
822 2291 878 2343 quo
910 2276 1033 2329 actiones

82 2339 268 2410 apprehendit
291 2340 397 2395 civibus
419 2341 550 2409 privatis,
579 2340 679 2408 quibus
705 2340 837 2394 iniuriam
858 2342 1033 2411 propulsent,

81 2423 138 2462 non
159 2407 249 2462 minus
272 2424 358 2476 quam
379 2407 491 2477 populis
513 2406 582 2460 belli
603 2408 646 2459 ius
664 2423 724 2460 com
747 2411 868 2473 etentes,
893 2414 950 2463 tres
967 2410 1033 2463 illae

80 2476 176 2543 partes
193 2475 273 2543 quasi
291 2476 390 2544 sponte
408 2476 580 2551 nascuntur.¹
610 2474 646 2526 Et
658 2425 787 2527 simiffter
798 2476 922 2542 ipsarum
935 2476 1034 2530 harum

80 2543 203 2611 partium
212 2541 422 2596 distributiones
434 2541 556 2595 mirabrlr
569 2541 691 2608 quodam
704 2557 832 2594 verorum
843 2542 1034 2596 discriminum

80 2625 162 2664 sensu
179 2610 313 2663 inventae
332 2612 363 2663 et
380 2623 526 2677 expressae
544 2610 618 2672 sunt,
637 2623 693 2673 qua
711 2607 746 2661 de
764 2622 794 2659 re
813 2608 957 2675 disputare
975 2608 1035 2662 lon·

80 2692 148 2744 gum
170 2678 200 2730 et
221 2676 257 2731 ab
278 2675 331 2729 hoc
354 2675 416 2728 loco
438 2675 560 2729 alienum
583 2675 646 2727 est²
684 2671 812 2741 Denique
832 2673 917 2728 Gaius
940 2674 969 2726 in
987 2690 1035 2728 ex·

156 2804 176 2872 ¹)
190 2808 240 2866 Quo
250 2810 324 2870 magis
334 2814 417 2872 postea
428 2808 487 2870 ipsis
497 2807 591 2872 populis
602 2806 645 2855 sub
657 2806 736 2867 iugum
746 2806 840 2869 imperii
850 2805 954 2856 redactis
963 2807 1035 2857 etism

83 2879 190 2928 actiones
207 2880 326 2942 psallatim
346 2879 538 2928 extraordinariis
557 2877 762 2940 persecutionibus
781 2892 890 2935 cessere,
911 2877 1035 2941 inquibus

83 2963 129 2999 non
143 2955 191 2998 tam
204 2957 285 2999 nocuo
300 2950 352 2998 iure
366 2950 457 3011 privato
472 2949 496 2997 in
510 2948 611 3008 iudicio,
626 2947 688 3010 quod
704 2948 772 2996 nobis
787 2947 895 3010 debetur,
910 2950 1036 3013 persequi-

83 3035 135 3069 mur
153 3017 199 3084 (pr.
211 3019 229 3070 l.
239 3020 269 3068 de
279 3027 325 3069 act.
335 3021 362 3079 4,
372 3019 417 3082 b),
432 3033 501 3082 quam
516 3033 601 3067 novum
616 3019 652 3067 ius
667 3019 696 3067 ab
711 3019 811 3082 imperio
826 3020 931 3082 pendens
947 3020 1036 3071 indulta

83 3091 247 3153 amagistrstn
267 3090 402 3151 cognitione
423 3103 533 3138 exercere
553 3090 670 3151 ridemur,
686 3097 749 3138 tanto
769 3091 843 3152 magis
863 3091 925 3140 ectio
939 3093 1036 3154 proprie

83 3161 197 3225 quaedam
212 3160 271 3209 iuris
286 3160 372 3222 privati
386 3161 453 3223 quasi
464 3160 595 3208 substantia
609 3174 662 3208 esse
673 3160 752 3220 desiit,
767 3160 875 3225 adquam
887 3162 915 3210 ab
931 3163 992 3224 ipso,
1007 3178 1034 3211 er

82 3246 128 3295 quo
146 3231 252 3294 agimus,
271 3231 392 3279 disemum
406 3230 576 3292 impertinere
590 3230 673 3294 possit.
703 3232 769 3288 Quod
789 3232 883 3295 quidem
899 3233 991 3293 eiiecit,
1011 3240 1036 3282 ut

84 3301 129 3351 ism
143 3301 268 3351 lnstiniani
283 3307 389 3364 tempore
404 3301 466 3348 inter
480 3302 584 3350 actiones
599 3309 622 3350 et
632 3301 786 3363 obligationes
797 3317 843 3351 nou
854 3303 952 3351 multum
963 3303 1035 3353 inter-

83 3385 135 3421 esse
149 3371 272 3421 cideretur
285 3369 320 3435 (et
334 3385 390 3419 sene
410 3371 480 3420 etlam
499 3373 605 3421 actiones
624 3379 679 3420 sunt
697 3373 812 3436 quaedem
832 3374 988 3434 obligationes
1003 3380 1035 3436 et,

83 3442 144 3504 quod
158 3442 316 3504 Theophilum
332 3441 370 3490 lll.
381 3453 407 3492 re
421 3456 457 3504 pr.
473 3441 532 3493 ll'.e
546 3457 582 3505 pr.
598 3443 697 3491 maxime
712 3445 785 3492 movit
799 3451 822 3492 ct
837 3445 861 3492 in
876 3458 982 3493 errorem
999 3445 1036 3493 in-

84 3511 159 3575 duxit,
178 3512 336 3574 obligationes
350 3512 458 3576 inprimis
478 3528 537 3577 opus
556 3512 643 3562 babent
656 3514 749 3563 actione
769 3521 793 3562 et
811 3528 882 3577 saepe
903 3520 991 3562 tantum
1013 3515 1035 3562 in

83 3583 166 3644 agendi
180 3583 292 3632 lacultate
307 3583 421 3645 praestita
440 3582 597 3645 consistunt):
618 3592 700 3633 nostro
719 3598 775 3633 vero
794 3592 900 3648 tempore
920 3583 1035 3632 exstincta

83 3665 156 3714 paene
170 3653 273 3703 actionis
287 3653 427 3714 substantie,
443 3652 495 3702 Gaii
510 3655 616 3703 actiones
630 3669 644 3702 a
659 3654 779 3717 plerisque
793 3655 888 3703 omnino
903 3652 949 3701 alio
964 3667 1035 3701 sensu

83 3735 116 3771 se.
131 3738 175 3786 pro
188 3716 325 3787 πράξεσιν
339 3725 517 3787 acciperentur;
533 3739 577 3789 qua
593 3724 683 3773 ratione
699 3725 775 3773 omnis
791 3723 842 3772 laus
857 3723 960 3772 Gaianae
976 3722 1036 3769 divi-

84 3792 157 3844 sionis
176 3794 309 3857 perimitur.
376 3789 397 3859 ²)
418 3791 531 3844 ‘Tabulas
546 3795 728 3844 delineationem
742 3792 877 3856 systematis
893 3791 1036 3839 Gaianarum

85 3859 312 3928 lastiniauarumque
327 3864 503 3914 institutionum
518 3866 580 3914 inter
593 3878 620 3913 se
634 3864 765 3927 comparati
784 3862 922 3911 crlribentcs
942 3873 969 3907 ex
985 3865 1035 3907 arte

135 3968 237 4001 wasers.
253 3968 333 4000 sarsi.
348 3968 400 4000 nau.
420 3968 458 4000 sn.
484 3968 507 4002 v.
793 3949 824 3996 ll
