2376 4312
10 39 1136 283 m

346 517 408 556 eurr
427 519 528 555 rssrrr.
548 500 595 555 IV.
616 507 757 560 les-ies.
971 505 1033 571 397

70 672 115 720 snt
138 661 239 736 quibus
262 653 500 739 ’(usumfructum
522 663 568 717 uei
590 679 673 719 usum
695 655 961 740 con)stituerimos,¹
983 664 1035 738 ipsi

68 747 209 823 possidere
226 746 361 802 uidemur:
385 755 413 801 et
435 745 488 802 hoc
510 754 567 817 est,
591 746 664 820 quod
686 747 770 821 uolgo
791 746 899 818 dicitur,
923 749 1034 804 retineri

68 832 271 908 possessionem
293 847 376 905 posse
391 846 440 904 per
456 829 618 903 quemlibet,
642 833 689 903 qni
704 841 800 889 nostro
822 834 931 889 nomine
951 834 986 888 sit
1006 835 1033 889 in

69 917 252 993 possessione.
291 917 355 989 quin
372 917 452 970 etlam
467 914 590 988 plerique
606 924 713 988 putant,
734 918 823 973 animo
840 933 950 992 quoque
966 920 1033 974 reti-

69 1004 127 1059 neri
147 1000 362 1076 possessionem,
380 999 431 1071 ’iul
447 1001 569 1070 scilicet,
585 1005 717 1072 quemuis
729 1017 822 1074 neque
838 1006 896 1074 ipsi
905 1007 994 1061 simus
1005 1005 1034 1060 in

63 1078 264 1161 possessione)
280 1100 368 1157 neque
384 1093 480 1140 nostro
496 1086 606 1140 nomine
627 1084 708 1154 nlius,
730 1093 820 1142 tamen
841 1088 864 1142 si
884 1104 938 1143 non
953 1087 1035 1143 relin-

69 1170 192 1246 quendae
207 1170 392 1245 possessionis
408 1170 507 1236 animo,
528 1168 576 1223 secl
593 1178 688 1241 postea
703 1172 840 1226 reuersuri
858 1171 920 1227 inde
935 1171 1035 1228 disces·

69 1257 195 1327 serimus,
217 1256 337 1310 retinere
359 1254 561 1326 possessionem
581 1247 746 1311 uideamur.²
779 1256 861 1326 apisci
884 1270 949 1310 uero
971 1272 1035 1329 pos·

13 1347 58 1403 {³1³1
69 1340 218 1397 sessionem
231 1353 357 1412 perquos
368 1339 515 1411 possimus,
528 1337 646 1393 secundo
658 1339 851 1394 commentario
864 1337 1033 1403 rettulimus;

69 1442 119 1483 nec
134 1423 189 1482 ulls
212 1422 347 1480 dubitatio
369 1430 427 1490 est,
449 1423 514 1495 quin
537 1422 626 1477 animo
649 1423 850 1495 possessionem
874 1424 955 1496 apisci
979 1439 1034 1479 non

70 1511 217 1585 possimus.
255 1504 320 1565 los,
344 1506 542 1580 Recipernndae
557 1508 738 1580 possessionis
761 1523 840 1562 causa
862 1506 934 1563 solet
952 1508 1034 1564 inter·

69 1596 171 1651 dictum
194 1593 266 1662 dari,
290 1593 312 1647 si
336 1594 396 1664 quis
420 1608 451 1647 ex
475 1592 649 1665 possessione
666 1592 692 1646 ui
715 1591 836 1647 deiectus
859 1593 908 1647 sit:
931 1608 992 1648 nam
1010 1593 1035 1648 ei

70 1679 236 1753 proponitur
249 1676 434 1746 interdictum,
455 1678 531 1732 cuius
547 1676 711 1750 principium
727 1686 770 1732 est
784 1692 867 1733 vernn
882 1694 921 1735 nv
938 1693 1036 1735 sensu

70 1780 105 1821 vr
120 1776 295 1831 nurnmsrr,
318 1777 368 1835 per
383 1759 457 1834 quod
472 1762 505 1829 is,
529 1762 574 1834 qui
591 1760 702 1832 deiecit,
726 1760 835 1834 cogitur
850 1763 875 1818 ei
889 1763 1035 1818 restituere

71 1847 112 1903 rei
134 1848 345 1920 possessionem,
368 1848 391 1900 si
414 1845 495 1901 inodo
511 1848 549 1914 is,
573 1847 619 1919 qui
639 1846 760 1902 deiectus
785 1855 844 1917 est,
867 1862 916 1902 nec
937 1847 965 1900 ui
986 1862 1036 1901 nec

72 1932 141 1989 clam
152 1947 202 1988 nec
213 1932 337 2004 precario
350 1926 410 2004 ’(αὺ
424 1922 471 2003 eo)
480 1931 657 2001 possideret.-
673 1947 794 2003 nomque
806 1923 894 1999 eum‚³
909 1931 955 2003 qui
967 1946 981 1984 s
994 1945 1034 1985 me

72 2016 99 2071 ui
115 2015 245 2073 striclam
261 2023 306 2071 sut
322 2016 443 2088 precario
459 2008 616 2087 ’possidet‚⁴
631 2017 732 2088 inpune
747 2009 857 2071 (Ιείοἰο.ὁ
878 2011 939 2072 loe.
951 2013 1035 2070 inter·

71 2101 134 2157 dnm
156 2109 245 2157 temen
266 2101 317 2156 etsi
337 2116 398 2155 eum
421 2100 446 2154 ui
468 2100 621 2168 democrito,
646 2102 692 2173 qui
713 2116 726 2154 n
743 2116 785 2155 me
802 2101 828 2155 ui
844 2099 972 2156 antelam
988 2106 1036 2154 out

71 2187 194 2259 precario
211 2184 374 2258 possideret,
390 2201 476 2257 cogor
491 2186 516 2239 ei
531 2187 676 2239 restituere
692 2186 903 2257 possessionem,
920 2184 997 2240 uelut
1012 2184 1035 2239 si

72 2271 152 2325 ermis
168 2286 231 2325 eum
243 2271 271 2324 ui
283 2270 439 2325 deiecerim:
457 2285 517 2324 nom
530 2277 644 2341 propter
655 2271 823 2325 atrocitatem
836 2269 926 2325 delicti
937 2271 964 2325 in
977 2277 1036 2326 tan·

143 2402 164 2508 ¹?
185 2403 260 2453 Ilaec
279 2405 397 2453 comittunt
416 2403 473 2451 edil.
493 2403 569 2450 etiem
589 2417 644 2451 meo
663 2405 750 2466 prior.
770 2412 782 2450 s
804 2388 889 2466 ouibus
908 2406 1033 2466 grensitnm

70 2476 151 2525 habite

72 2549 203 2611 incipiunt
222 2553 262 2595 nui
281 2546 367 2608 quibus
387 2545 536 2607 confudisse
555 2551 579 2591 et
599 2551 731 2606 cumpost
748 2545 874 2607 scriptum
893 2561 949 2608 pree
965 2546 1035 2595 oculi

70 2618 238 2669 aberrassent
253 2617 288 2666 ed
301 2614 532 2681 (con)stitoerimns‚
549 2616 671 2677 uelletque
685 2615 803 2663 omissum
818 2614 953 2663 membrum
967 2615 1036 2679 puori

67 2691 218 2753 proximum
241 2695 278 2738 esi
304 2695 363 2736 ente
387 2687 435 2737 doc
454 2684 556 2735 verdum
579 2683 768 2740 transcribere,
792 2698 886 2733 rursus
910 2688 936 2733 in
957 2687 1036 2748 prius

71 2759 207 2811 membrum
222 2760 354 2809 incidisse.
376 2758 448 2807 Certe
464 2757 686 2820 usufructuarium
702 2761 727 2804 et
740 2756 874 2803 usuarium
890 2755 970 2805 (iuius
984 2771 1035 2806 non

72 2833 164 2881 omisit.
179 2831 322 2880 Iustiniani
330 2845 390 2879 uero
401 2829 486 2878 Iustis.
497 2829 539 2877 dic
549 2842 626 2877 error
637 2833 664 2875 ut
673 2828 749 2876 etiem
760 2827 870 2874 ulterius
879 2825 1035 2885 breuiorem,

73 2904 179 2952 movisse
194 2903 305 2952 uidetur.
363 2898 385 2966 ²)
399 2901 538 2950 Haecloco
549 2907 626 2948 autea
641 2899 723 2946 uariis
738 2898 921 2947 coniecturise
934 2913 971 2946 me
981 2906 1035 2948 terr·

72 2980 126 3023 tato
137 2975 270 3038 praestitit
286 2968 338 3030 W,
352 2972 398 3021 sed
412 2971 442 3021 ob
456 2986 597 3021 recurrens
612 2987 634 3018 o.
649 2970 802 3033 possessione
817 2976 907 3031 aperte
921 2985 1036 3020 mancus.

71 3046 152 3094 simili
164 3047 340 3108 supplemento
354 3045 379 3091 ei
392 3043 565 3092 subvenerunt
587 3041 719 3091 Goudsmit
737 3047 761 3089 el
775 3040 815 3089 ed.
829 3038 903 3089 Stud.
970 3037 991 3106 ⁸)
1006 3041 1036 3090 eir

72 3130 100 3164 eo
111 3122 172 3180 posi
186 3114 332 3181 pirecnrio),
348 3116 423 3178 quasi
436 3116 561 3177 scriptum
575 3120 641 3162 esset
655 3112 749 3175 pessis,
768 3111 895 3173 facillime
910 3112 1038 3162 librarius

72 3189 189 3237 omittere
200 3194 318 3250 poteram
334 3186 427 3234 deinde
439 3193 502 3249 puto
513 3186 599 3246 fuisse
613 3183 720 3247 psiderct
730 3181 897 3250 e(nim)n(ero)
908 3183 992 3250 (immo
1002 3184 1038 3234 ud

72 3272 173 3322 nemque
198 3259 296 3307 ducunt
315 3255 404 3320 Suppi.
420 3254 456 3304 St.
469 3272 497 3319 p.
517 3254 665 3320 XXXIII)
684 3270 737 3304 eum
757 3282 790 3290 -
811 3250 964 3318 ‘possideret
983 3253 1036 3320 (ab)

73 3331 153 3378 aliero
174 3325 243 3377 cum’
265 3335 289 3377 et
309 3330 335 3376 r'rr
352 3330 404 3390 fine
425 3324 498 3375 ‘deici
514 3324 610 3390 potest’
627 3328 666 3375 ed.
681 3325 755 3375 Stud.
770 3328 817 3375 sed
834 3326 908 3375 altero
927 3328 1038 3390 spatium

72 3416 123 3451 non
139 3402 218 3464 capit.
289 3397 309 3464 ⁴)
325 3398 461 3462 possideret
480 3395 534 3446 Vll.
599 3395 620 3463 ⁵)
635 3397 680 3445 Ex
696 3397 815 3462 I‘ittirrpir'
833 3399 880 3459 ej„
900 3400 944 3448 cui
962 3400 1038 3447 etr'om

73 3479 150 3521 euleu
170 3486 223 3520 eum
243 3469 358 3519 debetur.
383 3469 418 3518 Et
437 3471 476 3518 sic
496 3476 574 3519 totum
589 3471 684 3527 locum,
702 3475 729 3517 ul
743 3483 802 3525 nos,
820 3468 867 3517 sed
880 3471 975 3519 lacuna
985 3483 1038 3532 pro

74 3557 175 3607 nemque
191 3543 284 3590 relicta
300 3541 348 3589 Kr.
364 3541 403 3589 ecl.
419 3551 439 3589 s.

155 2476 252 2543 ¹tionem
274 2474 299 2522 C.
315 2475 446 2537 Apparet,
466 2472 603 2521 librarium
619 2474 671 2522 duo
685 2472 794 2522 membre
809 2477 950 2532 orationis,
970 2490 1035 2540 quae

145 3671 248 3743 §.154
275 3675 313 3736 Cf.
333 3675 356 3734 ξ.
375 3685 395 3724 e.
415 3673 437 3721 I.
454 3673 486 3720 io.
502 3672 534 3721 L.
550 3686 560 3723 1
577 3688 620 3735 pr.
641 3672 673 3720 D.
693 3672 724 3720 de
743 3668 896 3735 ei(ss‚1s).
923 3670 975 3720 Cic.
986 3684 1039 3734 pro

76 3747 150 3796 Caec.
166 3759 200 3807 is,
215 3757 249 3796 si.
264 3758 298 3796 ss.
315 3760 366 3808 pro
385 3744 449 3792 Tull.
460 3756 494 3795 se.
508 3757 596 3807 seseq.
612 3744 648 3792 od
660 3743 743 3807 sumit.
762 3754 782 3804 t,
793 3754 826 3793 ts.
841 3742 873 3790 de
887 3748 953 3792 oroi.
970 3754 990 3803 1,
1005 3752 1039 3791 ιο.

75 3820 97 3879 θ.
113 3831 148 3868 41.
166 3817 242 3865 Paul.
258 3828 278 3878 s,
294 3829 312 3867 s.
328 3818 367 3877 ἐξ.
384 3827 453 3866 s-s.
519 3810 545 3883 ξ.
563 3816 620 3864 155.
643 3815 681 3878 Cf.
699 3814 752 3863 Οἱς.
762 3828 815 3876 pro
831 3812 904 3863 Coeo.
920 3823 940 3862 e.
952 3822 977 3862 12
986 3826 1039 3875 seq.

75 3899 100 3939 ee
115 3904 167 3953 seq.
179 3903 231 3951 pro
251 3887 314 3936 Tott.
329 3898 364 3938 ss.
380 3898 413 3937 ss.
433 3886 464 3934 L.
480 3897 500 3936 s.
516 3885 748 3949 §§.s-1s.b.1s.
764 3884 795 3933 Ι).
811 3879 1004 3947 deotimus).
