<?xml version="1.0" encoding="UTF-8"?>
<!DOCTYPE html PUBLIC "-//W3C//DTD XHTML 1.0 Transitional//EN"
    "http://www.w3.org/TR/xhtml1/DTD/xhtml1-transitional.dtd">
<html xmlns="http://www.w3.org/1999/xhtml" xml:lang="en" lang="en">
 <head>
  <title>
</title>
<meta http-equiv="Content-Type" content="text/html;charset=utf-8" />
  <meta name='ocr-system' content='tesseract 3.04.00' />
  <meta name='ocr-capabilities' content='ocr_page ocr_carea ocr_par ocr_line ocrx_word'/>
</head>
<body>
  <div class='ocr_page' id='page_1' title='image "./iurisprvdentiae00huscgoog_0370.png"; bbox 0 0 2378 4386; ppageno 0'>
   <div class='ocr_carea' id='block_1_1' title="bbox 618 116 722 133">
    <p class='ocr_par' dir='ltr' id='par_1_1' title="bbox 618 116 722 133">
     <span class='ocr_line' id='line_1_1' title="bbox 618 116 722 133; baseline 0 0"><span class='ocrx_word' id='word_1_1' title='bbox 618 116 722 133; x_wconf 63' lang='grc'>.-·“,“</span> 
     </span>
    </p>
   </div>
   <div class='ocr_carea' id='block_1_2' title="bbox 339 502 1024 571">
    <p class='ocr_par' dir='ltr' id='par_1_2' title="bbox 339 502 1024 571">
     <span class='ocr_line' id='line_1_2' title="bbox 339 502 1024 571; baseline 0.023 -16"><span class='ocrx_word' id='word_1_2' title='bbox 339 519 396 555; x_wconf 73' lang='lat' dir='ltr'>om</span> <span class='ocrx_word' id='word_1_3' title='bbox 414 519 511 557; x_wconf 66' lang='lat' dir='ltr'>uem.</span> <span class='ocrx_word' id='word_1_4' title='bbox 530 502 578 558; x_wconf 89' lang='lat'><em>111.</em></span> <span class='ocrx_word' id='word_1_5' title='bbox 599 508 740 558; x_wconf 82' lang='lat' dir='ltr'>rer-ree.</span> <span class='ocrx_word' id='word_1_6' title='bbox 961 505 1024 571; x_wconf 84' lang='lat'>335</span> 
     </span>
    </p>
   </div>
   <div class='ocr_carea' id='block_1_3' title="bbox 10 655 1098 2170">
    <p class='ocr_par' dir='ltr' id='par_1_3' title="bbox 10 655 1023 906">
     <span class='ocr_line' id='line_1_3' title="bbox 57 655 1023 736; baseline 0.003 -20"><span class='ocrx_word' id='word_1_7' title='bbox 57 661 145 736; x_wconf 83' lang='lat' dir='ltr'>&#39;quasi</span> <span class='ocrx_word' id='word_1_8' title='bbox 172 661 274 717; x_wconf 77' lang='lat' dir='ltr'>amicos</span> <span class='ocrx_word' id='word_1_9' title='bbox 296 662 329 717; x_wconf 84' lang='lat' dir='ltr'>od</span> <span class='ocrx_word' id='word_1_10' title='bbox 351 678 443 718; x_wconf 83' lang='lat' dir='ltr'>cenem</span> <span class='ocrx_word' id='word_1_11' title='bbox 465 655 668 733; x_wconf 81' lang='lat' dir='ltr'>inuitaturus,¹</span> <span class='ocrx_word' id='word_1_12' title='bbox 695 671 722 719; x_wconf 92' lang='lat' dir='ltr'>et</span> <span class='ocrx_word' id='word_1_13' title='bbox 745 663 771 718; x_wconf 91' lang='lat' dir='ltr'>id</span> <span class='ocrx_word' id='word_1_14' title='bbox 793 679 909 736; x_wconf 78' lang='lat' dir='ltr'>peregre</span> <span class='ocrx_word' id='word_1_15' title='bbox 930 679 1023 720; x_wconf 88' lang='lat' dir='ltr'>secum</span> 
     </span>
     <span class='ocr_line' id='line_1_4' title="bbox 10 745 1022 822; baseline 0.006 -26"><span class='ocrx_word' id='word_1_16' title='bbox 10 755 43 807; x_wconf 76' lang='lat'>5⁵1</span> <span class='ocrx_word' id='word_1_17' title='bbox 61 745 167 818; x_wconf 86' lang='lat' dir='ltr'>tulerit,</span> <span class='ocrx_word' id='word_1_18' title='bbox 197 754 244 801; x_wconf 85' lang='lat' dir='ltr'>out</span> <span class='ocrx_word' id='word_1_19' title='bbox 270 747 293 801; x_wconf 88' lang='lat' dir='ltr'>si</span> <span class='ocrx_word' id='word_1_20' title='bbox 320 748 380 819; x_wconf 85' lang='lat' dir='ltr'>quis</span> <span class='ocrx_word' id='word_1_21' title='bbox 413 763 513 820; x_wconf 80' lang='lat' dir='ltr'>equum</span> <span class='ocrx_word' id='word_1_22' title='bbox 547 747 672 822; x_wconf 78' lang='lat' dir='ltr'>gestandi</span> <span class='ocrx_word' id='word_1_23' title='bbox 705 749 790 822; x_wconf 78' lang='lat' dir='ltr'>gretia</span> <span class='ocrx_word' id='word_1_24' title='bbox 824 747 1022 804; x_wconf 78' lang='lat' dir='ltr'>commodatum</span> 
     </span>
     <span class='ocr_line' id='line_1_5' title="bbox 24 824 1023 906; baseline 0 -19"><span class='ocrx_word' id='word_1_25' title='bbox 24 861 27 866; x_wconf 78' lang='lat'>,</span> <span class='ocrx_word' id='word_1_26' title='bbox 58 831 167 905; x_wconf 78' lang='lat' dir='ltr'>lougius</span> <span class='ocrx_word' id='word_1_27' title='bbox 191 830 287 903; x_wconf 81' lang='lat' dir='ltr'>&#39;quom</span> <span class='ocrx_word' id='word_1_28' title='bbox 303 848 358 905; x_wconf 80' lang='lat' dir='ltr'>quo</span> <span class='ocrx_word' id='word_1_29' title='bbox 374 824 549 904; x_wconf 82' lang='lat' dir='ltr'>rogauerit,²</span> <span class='ocrx_word' id='word_1_30' title='bbox 572 832 662 905; x_wconf 85' lang='lat' dir='ltr'>nilque</span> <span class='ocrx_word' id='word_1_31' title='bbox 678 831 799 904; x_wconf 80' lang='lat' dir='ltr'>duxerit,</span> <span class='ocrx_word' id='word_1_32' title='bbox 823 832 896 906; x_wconf 90' lang='lat' dir='ltr'>quod</span> <span class='ocrx_word' id='word_1_33' title='bbox 914 841 1023 889; x_wconf 82' lang='lat' dir='ltr'>ueteres</span> 
     </span>
    </p>

    <p class='ocr_par' dir='ltr' id='par_1_4' title="bbox 58 910 1025 989">
     <span class='ocr_line' id='line_1_6' title="bbox 58 910 1025 989; baseline 0.003 -18"><span class='ocrx_word' id='word_1_34' title='bbox 58 916 229 989; x_wconf 81' lang='lat' dir='ltr'>scripserunt</span> <span class='ocrx_word' id='word_1_35' title='bbox 244 914 277 970; x_wconf 89' lang='lat' dir='ltr'>dc</span> <span class='ocrx_word' id='word_1_36' title='bbox 290 931 334 986; x_wconf 92' lang='lat' dir='ltr'>eo,</span> <span class='ocrx_word' id='word_1_37' title='bbox 351 915 406 989; x_wconf 91' lang='lat' dir='ltr'>&#39;qui</span> <span class='ocrx_word' id='word_1_38' title='bbox 423 918 468 972; x_wconf 82' lang='lat' dir='ltr'>uto</span> <span class='ocrx_word' id='word_1_39' title='bbox 479 910 617 971; x_wconf 80' lang='lat' dir='ltr'>Ariciom³</span> <span class='ocrx_word' id='word_1_40' title='bbox 633 916 814 989; x_wconf 79' lang='lat' dir='ltr'>perduxisset.</span> <span class='ocrx_word' id='word_1_41' title='bbox 846 912 909 974; x_wconf 79' lang='lat' dir='ltr'>lot.</span> <span class='ocrx_word' id='word_1_42' title='bbox 922 917 1025 974; x_wconf 76' lang='lat' dir='ltr'>Placuit</span> 
     </span>
    </p>

    <p class='ocr_par' dir='ltr' id='par_1_5' title="bbox 59 998 1098 2170">
     <span class='ocr_line' id='line_1_7' title="bbox 61 998 1024 1075; baseline 0.001 -20"><span class='ocrx_word' id='word_1_43' title='bbox 61 1009 159 1071; x_wconf 81' lang='lat' dir='ltr'>tomen,</span> <span class='ocrx_word' id='word_1_44' title='bbox 175 1015 235 1070; x_wconf 82' lang='lat' dir='ltr'>eos,</span> <span class='ocrx_word' id='word_1_45' title='bbox 251 1001 297 1072; x_wconf 87' lang='lat' dir='ltr'>qui</span> <span class='ocrx_word' id='word_1_46' title='bbox 313 998 398 1055; x_wconf 89' lang='lat' dir='ltr'>rebus</span> <span class='ocrx_word' id='word_1_47' title='bbox 415 999 591 1056; x_wconf 83' lang='lat' dir='ltr'>commodatis</span> <span class='ocrx_word' id='word_1_48' title='bbox 607 999 684 1056; x_wconf 77' lang='lat' dir='ltr'>aliter</span> <span class='ocrx_word' id='word_1_49' title='bbox 695 1008 839 1058; x_wconf 87' lang='lat' dir='ltr'>uterentur</span> <span class='ocrx_word' id='word_1_50' title='bbox 854 1018 933 1075; x_wconf 83' lang='lat' dir='ltr'>quom</span> <span class='ocrx_word' id='word_1_51' title='bbox 946 1010 1024 1058; x_wconf 87' lang='lat' dir='ltr'>uten-</span> 
     </span>
     <span class='ocr_line' id='line_1_8' title="bbox 59 1084 1024 1160; baseline 0.003 -21"><span class='ocrx_word' id='word_1_52' title='bbox 59 1084 105 1139; x_wconf 79' lang='lat' dir='ltr'>das</span> <span class='ocrx_word' id='word_1_53' title='bbox 128 1085 312 1158; x_wconf 78' lang='lat' dir='ltr'>accepissent,</span> <span class='ocrx_word' id='word_1_54' title='bbox 336 1085 373 1139; x_wconf 82' lang='lat' dir='ltr'>ita</span> <span class='ocrx_word' id='word_1_55' title='bbox 390 1084 491 1139; x_wconf 89' lang='lat' dir='ltr'>iurtum</span> <span class='ocrx_word' id='word_1_56' title='bbox 508 1085 692 1155; x_wconf 88' lang='lat' dir='ltr'>committere,</span> <span class='ocrx_word' id='word_1_57' title='bbox 715 1086 738 1140; x_wconf 88' lang='lat' dir='ltr'>si</span> <span class='ocrx_word' id='word_1_58' title='bbox 759 1085 930 1160; x_wconf 71' lang='lat' dir='ltr'>intellegant,</span> <span class='ocrx_word' id='word_1_59' title='bbox 952 1087 979 1142; x_wconf 94' lang='lat' dir='ltr'>id</span> <span class='ocrx_word' id='word_1_60' title='bbox 994 1101 1024 1142; x_wconf 86' lang='lat' dir='ltr'>se</span> 
     </span>
     <span class='ocr_line' id='line_1_9' title="bbox 60 1157 1024 1243; baseline 0.001 -18"><span class='ocrx_word' id='word_1_61' title='bbox 60 1170 146 1225; x_wconf 90' lang='lat' dir='ltr'>inuito</span> <span class='ocrx_word' id='word_1_62' title='bbox 162 1168 274 1224; x_wconf 89' lang='lat' dir='ltr'>domino</span> <span class='ocrx_word' id='word_1_63' title='bbox 291 1168 397 1240; x_wconf 83' lang='lat' dir='ltr'>iecere,</span> <span class='ocrx_word' id='word_1_64' title='bbox 413 1184 544 1241; x_wconf 85' lang='lat' dir='ltr'>eumque,</span> <span class='ocrx_word' id='word_1_65' title='bbox 560 1170 582 1223; x_wconf 83' lang='lat' dir='ltr'>si</span> <span class='ocrx_word' id='word_1_66' title='bbox 598 1168 790 1238; x_wconf 79' lang='lat' dir='ltr'>intellexisset,</span> <span class='ocrx_word' id='word_1_67' title='bbox 807 1185 861 1225; x_wconf 92' lang='lat' dir='ltr'>uon</span> <span class='ocrx_word' id='word_1_68' title='bbox 877 1157 1024 1243; x_wconf 66' lang='lat' dir='ltr'>pernissu·</span> 
     </span>
     <span class='ocr_line' id='line_1_10' title="bbox 60 1245 1023 1325; baseline 0.004 -18"><span class='ocrx_word' id='word_1_69' title='bbox 60 1269 136 1321; x_wconf 81' lang='lat' dir='ltr'>rum3</span> <span class='ocrx_word' id='word_1_70' title='bbox 153 1245 203 1308; x_wconf 69' lang='grc' dir='ltr'>αι4</span> <span class='ocrx_word' id='word_1_71' title='bbox 218 1254 241 1308; x_wconf 84' lang='lat' dir='ltr'>si</span> <span class='ocrx_word' id='word_1_72' title='bbox 257 1254 454 1325; x_wconf 85' lang='lat' dir='ltr'>permissurum</span> <span class='ocrx_word' id='word_1_73' title='bbox 467 1251 619 1321; x_wconf 77' lang='lat' dir='ltr'>crederent,</span> <span class='ocrx_word' id='word_1_74' title='bbox 637 1261 712 1308; x_wconf 83' lang='lat' dir='ltr'>extra</span> <span class='ocrx_word' id='word_1_75' title='bbox 729 1252 794 1308; x_wconf 90' lang='lat' dir='ltr'>iurti</span> <span class='ocrx_word' id='word_1_76' title='bbox 810 1255 910 1309; x_wconf 87' lang='lat' dir='ltr'>crirncu</span> <span class='ocrx_word' id='word_1_77' title='bbox 923 1253 1023 1311; x_wconf 87' lang='lat' dir='ltr'>uideri:</span> 
     </span>
     <span class='ocr_line' id='line_1_11' title="bbox 61 1336 1025 1411; baseline 0.001 -19"><span class='ocrx_word' id='word_1_78' title='bbox 61 1338 160 1411; x_wconf 83' lang='lat' dir='ltr'>optima</span> <span class='ocrx_word' id='word_1_79' title='bbox 175 1353 241 1393; x_wconf 80' lang='lat' dir='ltr'>sone</span> <span class='ocrx_word' id='word_1_80' title='bbox 256 1337 441 1404; x_wconf 88' lang='lat' dir='ltr'>distinctione,</span> <span class='ocrx_word' id='word_1_81' title='bbox 458 1338 519 1409; x_wconf 86' lang='lat' dir='ltr'>quia</span> <span class='ocrx_word' id='word_1_82' title='bbox 533 1336 634 1392; x_wconf 87' lang='lat' dir='ltr'>iurturn</span> <span class='ocrx_word' id='word_1_83' title='bbox 647 1337 706 1392; x_wconf 83' lang='lat' dir='ltr'>siue</span> <span class='ocrx_word' id='word_1_84' title='bbox 722 1336 786 1392; x_wconf 90' lang='lat' dir='ltr'>dolo</span> <span class='ocrx_word' id='word_1_85' title='bbox 799 1337 869 1393; x_wconf 83' lang='lat' dir='ltr'>maio</span> <span class='ocrx_word' id='word_1_86' title='bbox 882 1354 936 1393; x_wconf 89' lang='lat' dir='ltr'>uon</span> <span class='ocrx_word' id='word_1_87' title='bbox 952 1354 1025 1393; x_wconf 89' lang='lat' dir='ltr'>oom-</span> 
     </span>
     <span class='ocr_line' id='line_1_12' title="bbox 61 1417 1025 1494; baseline 0 -17"><span class='ocrx_word' id='word_1_88' title='bbox 61 1422 189 1482; x_wconf 76' lang='lat' dir='ltr'>mittitur.</span> <span class='ocrx_word' id='word_1_89' title='bbox 227 1417 294 1479; x_wconf 78' lang='lat'><strong>108.</strong></span> <span class='ocrx_word' id='word_1_90' title='bbox 311 1421 358 1477; x_wconf 91' lang='lat' dir='ltr'>Set</span> <span class='ocrx_word' id='word_1_91' title='bbox 374 1430 401 1477; x_wconf 93' lang='lat' dir='ltr'>et</span> <span class='ocrx_word' id='word_1_92' title='bbox 417 1423 438 1476; x_wconf 90' lang='lat' dir='ltr'>si</span> <span class='ocrx_word' id='word_1_93' title='bbox 454 1421 546 1477; x_wconf 80' lang='lat' dir='ltr'>credet</span> <span class='ocrx_word' id='word_1_94' title='bbox 561 1421 675 1494; x_wconf 84' lang='lat' dir='ltr'>aliquis,</span> <span class='ocrx_word' id='word_1_95' title='bbox 695 1422 782 1477; x_wconf 90' lang='lat' dir='ltr'>inuito</span> <span class='ocrx_word' id='word_1_96' title='bbox 798 1419 908 1477; x_wconf 88' lang='lat' dir='ltr'>domino</span> <span class='ocrx_word' id='word_1_97' title='bbox 924 1437 953 1477; x_wconf 82' lang='lat' dir='ltr'>se</span> <span class='ocrx_word' id='word_1_98' title='bbox 969 1438 1025 1478; x_wconf 89' lang='lat' dir='ltr'>reru</span> 
     </span>
     <span class='ocr_line' id='line_1_13' title="bbox 62 1503 1026 1577; baseline -0.001 -14"><span class='ocrx_word' id='word_1_99' title='bbox 62 1512 245 1577; x_wconf 84' lang='lat' dir='ltr'>contrectare,</span> <span class='ocrx_word' id='word_1_100' title='bbox 261 1506 371 1561; x_wconf 89' lang='lat' dir='ltr'>domiuo</span> <span class='ocrx_word' id='word_1_101' title='bbox 388 1514 476 1561; x_wconf 85' lang='lat' dir='ltr'>autem</span> <span class='ocrx_word' id='word_1_102' title='bbox 493 1506 603 1562; x_wconf 88' lang='lat' dir='ltr'>uoiente</span> <span class='ocrx_word' id='word_1_103' title='bbox 620 1505 647 1560; x_wconf 89' lang='lat' dir='ltr'>id</span> <span class='ocrx_word' id='word_1_104' title='bbox 664 1503 717 1568; x_wconf 83' lang='lat' dir='ltr'>irat,</span> <span class='ocrx_word' id='word_1_105' title='bbox 740 1505 838 1560; x_wconf 88' lang='lat' dir='ltr'>dicitur</span> <span class='ocrx_word' id='word_1_106' title='bbox 853 1505 955 1562; x_wconf 89' lang='lat' dir='ltr'>iurtum</span> <span class='ocrx_word' id='word_1_107' title='bbox 971 1522 1026 1563; x_wconf 93' lang='lat' dir='ltr'>nou</span> 
     </span>
     <span class='ocr_line' id='line_1_14' title="bbox 63 1583 1026 1664; baseline 0.001 -19"><span class='ocrx_word' id='word_1_108' title='bbox 63 1588 131 1647; x_wconf 84' lang='lat' dir='ltr'>fieri.</span> <span class='ocrx_word' id='word_1_109' title='bbox 178 1589 251 1646; x_wconf 88' lang='lat' dir='ltr'>uude</span> <span class='ocrx_word' id='word_1_110' title='bbox 274 1590 343 1646; x_wconf 88' lang='lat' dir='ltr'>iilud</span> <span class='ocrx_word' id='word_1_111' title='bbox 356 1592 508 1662; x_wconf 79' lang='lat' dir='ltr'>quaesitum</span> <span class='ocrx_word' id='word_1_112' title='bbox 532 1590 570 1646; x_wconf 89' lang='lat' dir='ltr'>&#39;et</span> <span class='ocrx_word' id='word_1_113' title='bbox 593 1583 758 1664; x_wconf 79' lang='lat' dir='ltr'>prohotum⁵</span> <span class='ocrx_word' id='word_1_114' title='bbox 779 1597 835 1645; x_wconf 88' lang='lat' dir='ltr'>est:</span> <span class='ocrx_word' id='word_1_115' title='bbox 859 1590 923 1646; x_wconf 84' lang='lat' dir='ltr'>Cum</span> <span class='ocrx_word' id='word_1_116' title='bbox 940 1590 1026 1646; x_wconf 85' lang='lat' dir='ltr'>Titius</span> 
     </span>
     <span class='ocr_line' id='line_1_15' title="bbox 62 1673 1027 1749; baseline 0.001 -20"><span class='ocrx_word' id='word_1_117' title='bbox 62 1690 172 1730; x_wconf 87' lang='lat' dir='ltr'>seruum</span> <span class='ocrx_word' id='word_1_118' title='bbox 199 1691 287 1731; x_wconf 87' lang='lat' dir='ltr'>meum</span> <span class='ocrx_word' id='word_1_119' title='bbox 310 1674 489 1744; x_wconf 79' lang='lat' dir='ltr'>sollicitaret,</span> <span class='ocrx_word' id='word_1_120' title='bbox 518 1683 548 1730; x_wconf 94' lang='lat' dir='ltr'>ut</span> <span class='ocrx_word' id='word_1_121' title='bbox 570 1674 698 1746; x_wconf 82' lang='lat' dir='ltr'>quasdem</span> <span class='ocrx_word' id='word_1_122' title='bbox 721 1691 764 1730; x_wconf 86' lang='lat' dir='ltr'>res</span> <span class='ocrx_word' id='word_1_123' title='bbox 787 1674 852 1730; x_wconf 86' lang='lat' dir='ltr'>mihi</span> <span class='ocrx_word' id='word_1_124' title='bbox 874 1673 1027 1749; x_wconf 82' lang='lat' dir='ltr'>subriperet</span> 
     </span>
     <span class='ocr_line' id='line_1_16' title="bbox 63 1752 1098 1836; baseline 0.001 -22"><span class='ocrx_word' id='word_1_125' title='bbox 63 1767 91 1814; x_wconf 90' lang='lat' dir='ltr'>et</span> <span class='ocrx_word' id='word_1_126' title='bbox 105 1758 137 1815; x_wconf 77' lang='lat' dir='ltr'>ad</span> <span class='ocrx_word' id='word_1_127' title='bbox 154 1775 216 1814; x_wconf 90' lang='lat' dir='ltr'>eum</span> <span class='ocrx_word' id='word_1_128' title='bbox 232 1759 382 1832; x_wconf 85' lang='lat' dir='ltr'>perierret,</span> <span class='ocrx_word' id='word_1_129' title='bbox 399 1752 530 1836; x_wconf 74' lang='lat' dir='ltr'>(seruus)</span> <span class='ocrx_word' id='word_1_130' title='bbox 549 1754 552 1836; x_wconf 76' lang='lat' dir='ltr'>i</span> <span class='ocrx_word' id='word_1_131' title='bbox 569 1759 644 1815; x_wconf 80' lang='lat' dir='ltr'>idad</span> <span class='ocrx_word' id='word_1_132' title='bbox 661 1776 702 1814; x_wconf 91' lang='lat' dir='ltr'>rue</span> <span class='ocrx_word' id='word_1_133' title='bbox 718 1759 840 1832; x_wconf 89' lang='lat' dir='ltr'>pertulit.</span> <span class='ocrx_word' id='word_1_134' title='bbox 872 1776 941 1832; x_wconf 81' lang='lat' dir='ltr'>ego,</span> <span class='ocrx_word' id='word_1_135' title='bbox 963 1759 1024 1815; x_wconf 89' lang='lat' dir='ltr'>dum</span> <span class='ocrx_word' id='word_1_136' title='bbox 1040 1755 1098 1805; x_wconf 82' lang='lat'><strong>18⁰·</strong></span> 
     </span>
     <span class='ocr_line' id='line_1_17' title="bbox 63 1837 1028 1920; baseline 0.002 -23"><span class='ocrx_word' id='word_1_137' title='bbox 63 1843 127 1899; x_wconf 94' lang='lat' dir='ltr'>uolo</span> <span class='ocrx_word' id='word_1_138' title='bbox 148 1843 248 1899; x_wconf 78' lang='lat' dir='ltr'>&#39;fitium</span> <span class='ocrx_word' id='word_1_139' title='bbox 273 1845 299 1899; x_wconf 91' lang='lat' dir='ltr'>in</span> <span class='ocrx_word' id='word_1_140' title='bbox 327 1846 386 1917; x_wconf 89' lang='lat' dir='ltr'>ipso</span> <span class='ocrx_word' id='word_1_141' title='bbox 412 1843 511 1899; x_wconf 87' lang='lat' dir='ltr'>delicto</span> <span class='ocrx_word' id='word_1_142' title='bbox 538 1843 756 1920; x_wconf 84' lang='lat' dir='ltr'>deprehendere,</span> <span class='ocrx_word' id='word_1_143' title='bbox 781 1844 903 1918; x_wconf 80' lang='lat' dir='ltr'>’permisi</span> <span class='ocrx_word' id='word_1_144' title='bbox 926 1837 1028 1899; x_wconf 69' lang='lat' dir='ltr'>seruo6</span> 
     </span>
     <span class='ocr_line' id='line_1_18' title="bbox 64 1921 1026 2002; baseline 0.003 -21"><span class='ocrx_word' id='word_1_145' title='bbox 64 1927 193 1997; x_wconf 81' lang='lat' dir='ltr'>quosdam</span> <span class='ocrx_word' id='word_1_146' title='bbox 209 1943 251 1982; x_wconf 86' lang='lat' dir='ltr'>res</span> <span class='ocrx_word' id='word_1_147' title='bbox 267 1927 300 1983; x_wconf 81' lang='lat' dir='ltr'>ad</span> <span class='ocrx_word' id='word_1_148' title='bbox 317 1945 377 1983; x_wconf 88' lang='lat' dir='ltr'>curn</span> <span class='ocrx_word' id='word_1_149' title='bbox 394 1928 525 2001; x_wconf 85' lang='lat' dir='ltr'>perierre.</span> <span class='ocrx_word' id='word_1_150' title='bbox 567 1929 729 2002; x_wconf 85' lang='lat' dir='ltr'>’quaesitum</span> <span class='ocrx_word' id='word_1_151' title='bbox 752 1921 828 1997; x_wconf 84' lang='lat' dir='ltr'>est,⁷</span> <span class='ocrx_word' id='word_1_152' title='bbox 852 1938 943 1984; x_wconf 87' lang='lat' dir='ltr'>utrum</span> <span class='ocrx_word' id='word_1_153' title='bbox 960 1928 1026 1984; x_wconf 89' lang='lat' dir='ltr'>iurti</span> 
     </span>
     <span class='ocr_line' id='line_1_19' title="bbox 65 2013 1027 2086; baseline 0.003 -20"><span class='ocrx_word' id='word_1_154' title='bbox 65 2027 97 2066; x_wconf 83' lang='lat' dir='ltr'>an</span> <span class='ocrx_word' id='word_1_155' title='bbox 120 2013 195 2067; x_wconf 91' lang='lat' dir='ltr'>serui</span> <span class='ocrx_word' id='word_1_156' title='bbox 216 2015 338 2086; x_wconf 87' lang='lat' dir='ltr'>corrupti</span> <span class='ocrx_word' id='word_1_157' title='bbox 365 2013 463 2069; x_wconf 92' lang='lat' dir='ltr'>iudicio</span> <span class='ocrx_word' id='word_1_158' title='bbox 487 2021 611 2069; x_wconf 84' lang='lat' dir='ltr'>teneatur</span> <span class='ocrx_word' id='word_1_159' title='bbox 633 2013 720 2069; x_wconf 82' lang='lat' dir='ltr'>Titius</span> <span class='ocrx_word' id='word_1_160' title='bbox 747 2014 825 2078; x_wconf 87' lang='lat' dir='ltr'>mihi,</span> <span class='ocrx_word' id='word_1_161' title='bbox 854 2030 887 2069; x_wconf 84' lang='lat' dir='ltr'>on</span> <span class='ocrx_word' id='word_1_162' title='bbox 911 2014 1027 2070; x_wconf 83' lang='lat' dir='ltr'>neutro?</span> 
     </span>
     <span class='ocr_line' id='line_1_20' title="bbox 62 2097 1027 2170; baseline 0.004 -20"><span class='ocrx_word' id='word_1_163' title='bbox 62 2111 240 2170; x_wconf 79' lang='lat' dir='ltr'>responsum,</span> <span class='ocrx_word' id='word_1_164' title='bbox 263 2104 360 2153; x_wconf 88' lang='lat' dir='ltr'>neutro</span> <span class='ocrx_word' id='word_1_165' title='bbox 384 2113 445 2153; x_wconf 85' lang='lat' dir='ltr'>curn</span> <span class='ocrx_word' id='word_1_166' title='bbox 469 2099 571 2167; x_wconf 83' lang='lat' dir='ltr'>teneri3</span> <span class='ocrx_word' id='word_1_167' title='bbox 595 2098 661 2154; x_wconf 89' lang='lat' dir='ltr'>iurti</span> <span class='ocrx_word' id='word_1_168' title='bbox 681 2098 759 2169; x_wconf 88' lang='lat' dir='ltr'>ideo,</span> <span class='ocrx_word' id='word_1_169' title='bbox 780 2097 853 2170; x_wconf 88' lang='lat' dir='ltr'>quod</span> <span class='ocrx_word' id='word_1_170' title='bbox 870 2115 924 2153; x_wconf 91' lang='lat' dir='ltr'>non</span> <span class='ocrx_word' id='word_1_171' title='bbox 940 2099 1027 2154; x_wconf 88' lang='lat' dir='ltr'>inuito</span> 
     </span>
    </p>
   </div>
   <div class='ocr_carea' id='block_1_4' title="bbox 63 2175 1028 2257">
    <p class='ocr_par' dir='ltr' id='par_1_6' title="bbox 63 2175 1028 2257">
     <span class='ocr_line' id='line_1_21' title="bbox 63 2175 1028 2257; baseline 0.002 -22"><span class='ocrx_word' id='word_1_172' title='bbox 63 2196 104 2235; x_wconf 91' lang='lat' dir='ltr'>me</span> <span class='ocrx_word' id='word_1_173' title='bbox 126 2197 170 2236; x_wconf 78' lang='lat' dir='ltr'>res</span> <span class='ocrx_word' id='word_1_174' title='bbox 199 2175 420 2252; x_wconf 71' lang='lat' dir='ltr'>&#39;contrectarit,⁸</span> <span class='ocrx_word' id='word_1_175' title='bbox 449 2183 522 2237; x_wconf 92' lang='lat' dir='ltr'>serui</span> <span class='ocrx_word' id='word_1_176' title='bbox 550 2183 672 2257; x_wconf 89' lang='lat' dir='ltr'>corrupti</span> <span class='ocrx_word' id='word_1_177' title='bbox 698 2183 776 2255; x_wconf 88' lang='lat' dir='ltr'>ideo,</span> <span class='ocrx_word' id='word_1_178' title='bbox 804 2183 878 2255; x_wconf 88' lang='lat' dir='ltr'>quod</span> <span class='ocrx_word' id='word_1_179' title='bbox 908 2182 1028 2239; x_wconf 82' lang='lat' dir='ltr'>deterior</span> 
     </span>
    </p>
   </div>
   <div class='ocr_carea' id='block_1_5' title="bbox 64 2328 1030 3676">
    <p class='ocr_par' dir='ltr' id='par_1_7' title="bbox 64 2328 1030 3676">
     <span class='ocr_line' id='line_1_22' title="bbox 136 2328 1027 2398; baseline 0.002 -17"><span class='ocrx_word' id='word_1_180' title='bbox 136 2328 156 2398; x_wconf 93' lang='lat'>¹)</span> <span class='ocrx_word' id='word_1_181' title='bbox 172 2330 262 2397; x_wconf 84' lang='lat' dir='ltr'>(quod)</span> <span class='ocrx_word' id='word_1_182' title='bbox 273 2335 341 2396; x_wconf 87' lang='lat' dir='ltr'>quosi</span> <span class='ocrx_word' id='word_1_183' title='bbox 351 2334 441 2382; x_wconf 81' lang='lat' dir='ltr'>amicos</span> <span class='ocrx_word' id='word_1_184' title='bbox 452 2334 481 2382; x_wconf 92' lang='lat' dir='ltr'>od</span> <span class='ocrx_word' id='word_1_185' title='bbox 494 2349 577 2384; x_wconf 79' lang='lat' dir='ltr'>cenom</span> <span class='ocrx_word' id='word_1_186' title='bbox 588 2335 731 2384; x_wconf 80' lang='lat' dir='ltr'>inuitaturus</span> <span class='ocrx_word' id='word_1_187' title='bbox 742 2336 861 2397; x_wconf 74' lang='lat' dir='ltr'>rogauerit</span> <span class='ocrx_word' id='word_1_188' title='bbox 876 2335 934 2384; x_wconf 84' lang='lat' dir='ltr'>edd.</span> <span class='ocrx_word' id='word_1_189' title='bbox 950 2337 1027 2385; x_wconf 85' lang='lat' dir='ltr'>etiam</span> 
     </span>
     <span class='ocr_line' id='line_1_23' title="bbox 64 2402 1027 2471; baseline 0.002 -19"><span class='ocrx_word' id='word_1_190' title='bbox 64 2418 117 2452; x_wconf 83' lang='lat' dir='ltr'>meo</span> <span class='ocrx_word' id='word_1_191' title='bbox 134 2415 154 2453; x_wconf 88' lang='lat' dir='ltr'>r.</span> <span class='ocrx_word' id='word_1_192' title='bbox 173 2402 227 2453; x_wconf 82' lang='lat' dir='ltr'>Sed</span> <span class='ocrx_word' id='word_1_193' title='bbox 242 2420 263 2454; x_wconf 87' lang='lat' dir='ltr'>o.</span> <span class='ocrx_word' id='word_1_194' title='bbox 279 2406 399 2466; x_wconf 74' lang='lat' dir='ltr'>rogauerit</span> <span class='ocrx_word' id='word_1_195' title='bbox 413 2412 437 2453; x_wconf 87' lang='lat' dir='ltr'>et</span> <span class='ocrx_word' id='word_1_196' title='bbox 452 2407 556 2455; x_wconf 77' lang='lat' dir='ltr'>modesta</span> <span class='ocrx_word' id='word_1_197' title='bbox 571 2405 614 2456; x_wconf 84' lang='lat' dir='ltr'>dic</span> <span class='ocrx_word' id='word_1_198' title='bbox 630 2414 654 2455; x_wconf 88' lang='lat' dir='ltr'>et</span> <span class='ocrx_word' id='word_1_199' title='bbox 668 2405 753 2455; x_wconf 76' lang='lat' dir='ltr'>Instit.</span> <span class='ocrx_word' id='word_1_200' title='bbox 769 2409 899 2471; x_wconf 81' lang='lat' dir='ltr'>ipnorota,</span> <span class='ocrx_word' id='word_1_201' title='bbox 920 2407 1027 2471; x_wconf 81' lang='lat' dir='ltr'>ideoque</span> 
     </span>
     <span class='ocr_line' id='line_1_24' title="bbox 65 2473 1027 2541; baseline 0.002 -19"><span class='ocrx_word' id='word_1_202' title='bbox 65 2475 90 2523; x_wconf 85' lang='lat' dir='ltr'>in</span> <span class='ocrx_word' id='word_1_203' title='bbox 100 2474 139 2525; x_wconf 83' lang='lat' dir='ltr'>cd.</span> <span class='ocrx_word' id='word_1_204' title='bbox 148 2473 222 2523; x_wconf 70' lang='lat' dir='ltr'>scuit.</span> <span class='ocrx_word' id='word_1_205' title='bbox 235 2477 317 2524; x_wconf 83' lang='lat' dir='ltr'>eiecta</span> <span class='ocrx_word' id='word_1_206' title='bbox 327 2483 417 2539; x_wconf 84' lang='lat' dir='ltr'>operte</span> <span class='ocrx_word' id='word_1_207' title='bbox 426 2483 464 2524; x_wconf 84' lang='lat' dir='ltr'>est</span> <span class='ocrx_word' id='word_1_208' title='bbox 471 2477 594 2541; x_wconf 75' lang='lat' dir='ltr'>supitiou.</span> <span class='ocrx_word' id='word_1_209' title='bbox 614 2477 653 2525; x_wconf 86' lang='lat' dir='ltr'>ed.</span> <span class='ocrx_word' id='word_1_210' title='bbox 664 2489 684 2527; x_wconf 82' lang='lat' dir='ltr'>o.</span> <span class='ocrx_word' id='word_1_211' title='bbox 695 2492 749 2525; x_wconf 84' lang='lat' dir='ltr'>eom</span> <span class='ocrx_word' id='word_1_212' title='bbox 758 2478 874 2540; x_wconf 71' lang='lat' dir='ltr'>sequenti</span> <span class='ocrx_word' id='word_1_213' title='bbox 885 2492 959 2525; x_wconf 81' lang='lat' dir='ltr'>oerou</span> <span class='ocrx_word' id='word_1_214' title='bbox 966 2483 1027 2539; x_wconf 80' lang='lat' dir='ltr'>poet</span> 
     </span>
     <span class='ocr_line' id='line_1_25' title="bbox 64 2544 1027 2611; baseline 0 -18"><span class='ocrx_word' id='word_1_215' title='bbox 64 2560 87 2594; x_wconf 87' lang='lat' dir='ltr'>o.</span> <span class='ocrx_word' id='word_1_216' title='bbox 101 2545 277 2595; x_wconf 84' lang='lat' dir='ltr'>commodatum</span> <span class='ocrx_word' id='word_1_217' title='bbox 296 2544 342 2611; x_wconf 68' lang='lat' dir='ltr'>(cf.</span> <span class='ocrx_word' id='word_1_218' title='bbox 359 2547 390 2595; x_wconf 84' lang='lat' dir='ltr'>L.</span> <span class='ocrx_word' id='word_1_219' title='bbox 406 2558 426 2597; x_wconf 83' lang='lat' dir='ltr'>o.</span> <span class='ocrx_word' id='word_1_220' title='bbox 447 2548 470 2607; x_wconf 70' lang='grc' dir='ltr'>ξ.</span> <span class='ocrx_word' id='word_1_221' title='bbox 486 2560 505 2598; x_wconf 84' lang='lat' dir='ltr'>t.</span> <span class='ocrx_word' id='word_1_222' title='bbox 527 2546 557 2595; x_wconf 85' lang='lat' dir='ltr'>L.</span> <span class='ocrx_word' id='word_1_223' title='bbox 577 2558 611 2596; x_wconf 79' lang='lat'>22.</span> <span class='ocrx_word' id='word_1_224' title='bbox 632 2546 664 2595; x_wconf 86' lang='grc' dir='ltr'>Ι).</span> <span class='ocrx_word' id='word_1_225' title='bbox 679 2547 800 2596; x_wconf 86' lang='lat' dir='ltr'>commod.</span> <span class='ocrx_word' id='word_1_226' title='bbox 816 2559 853 2607; x_wconf 78' lang='lat'>16,</span> <span class='ocrx_word' id='word_1_227' title='bbox 868 2544 891 2609; x_wconf 80' lang='lat' dir='ltr'>o)</span> <span class='ocrx_word' id='word_1_228' title='bbox 910 2548 1027 2608; x_wconf 77' lang='lat' dir='ltr'>suppleto</span> 
     </span>
     <span class='ocr_line' id='line_1_26' title="bbox 64 2614 1028 2680; baseline 0 -17"><span class='ocrx_word' id='word_1_229' title='bbox 64 2615 156 2665; x_wconf 83' lang='lat' dir='ltr'>deiude</span> <span class='ocrx_word' id='word_1_230' title='bbox 171 2614 217 2680; x_wconf 90' lang='lat' dir='ltr'>(et)</span> <span class='ocrx_word' id='word_1_231' title='bbox 232 2623 257 2666; x_wconf 86' lang='lat' dir='ltr'>ct</span> <span class='ocrx_word' id='word_1_232' title='bbox 266 2632 319 2679; x_wconf 84' lang='lat' dir='ltr'>pro</span> <span class='ocrx_word' id='word_1_233' title='bbox 334 2632 388 2666; x_wconf 89' lang='lat' dir='ltr'>curn</span> <span class='ocrx_word' id='word_1_234' title='bbox 401 2618 501 2680; x_wconf 73' lang='lat' dir='ltr'>scripto</span> <span class='ocrx_word' id='word_1_235' title='bbox 512 2631 565 2665; x_wconf 87' lang='lat' dir='ltr'>eum</span> <span class='ocrx_word' id='word_1_236' title='bbox 578 2632 751 2679; x_wconf 73' lang='lat' dir='ltr'>reperuerunt.</span> <span class='ocrx_word' id='word_1_237' title='bbox 772 2631 840 2665; x_wconf 81' lang='lat' dir='ltr'>nurrc</span> <span class='ocrx_word' id='word_1_238' title='bbox 850 2615 901 2663; x_wconf 85' lang='lat' dir='ltr'>uid.</span> <span class='ocrx_word' id='word_1_239' title='bbox 914 2621 965 2664; x_wconf 83' lang='lat' dir='ltr'>not.</span> <span class='ocrx_word' id='word_1_240' title='bbox 975 2630 1028 2678; x_wconf 79' lang='lat' dir='ltr'>req.</span> 
     </span>
     <span class='ocr_line' id='line_1_27' title="bbox 66 2682 1028 2751; baseline -0.003 -16"><span class='ocrx_word' id='word_1_241' title='bbox 66 2682 86 2751; x_wconf 82' lang='lat'>¹)</span> <span class='ocrx_word' id='word_1_242' title='bbox 101 2701 155 2735; x_wconf 89' lang='lat' dir='ltr'>curn</span> <span class='ocrx_word' id='word_1_243' title='bbox 172 2687 197 2736; x_wconf 81' lang='lat'>0.</span> <span class='ocrx_word' id='word_1_244' title='bbox 216 2702 304 2736; x_wconf 45' lang='lat' dir='ltr'>secum*</span> <span class='ocrx_word' id='word_1_245' title='bbox 314 2689 371 2737; x_wconf 65' lang='lat' dir='ltr'>edd,</span> <span class='ocrx_word' id='word_1_246' title='bbox 387 2695 411 2737; x_wconf 85' lang='lat' dir='ltr'>ct</span> <span class='ocrx_word' id='word_1_247' title='bbox 426 2704 480 2737; x_wconf 83' lang='lat' dir='ltr'>mea</span> <span class='ocrx_word' id='word_1_248' title='bbox 495 2701 515 2739; x_wconf 90' lang='lat'>1.</span> <span class='ocrx_word' id='word_1_249' title='bbox 540 2689 621 2737; x_wconf 80' lang='lat' dir='ltr'>otiose</span> <span class='ocrx_word' id='word_1_250' title='bbox 635 2694 659 2735; x_wconf 86' lang='lat' dir='ltr'>et</span> <span class='ocrx_word' id='word_1_251' title='bbox 674 2693 765 2735; x_wconf 84' lang='lat' dir='ltr'>contro</span> <span class='ocrx_word' id='word_1_252' title='bbox 781 2686 865 2734; x_wconf 84' lang='lat' dir='ltr'>lnotit.</span> <span class='ocrx_word' id='word_1_253' title='bbox 888 2684 962 2733; x_wconf 88' lang='lat' dir='ltr'>Nunc</span> <span class='ocrx_word' id='word_1_254' title='bbox 977 2699 1028 2733; x_wconf 81' lang='lat' dir='ltr'>nori</span> 
     </span>
     <span class='ocr_line' id='line_1_28' title="bbox 65 2755 1028 2822; baseline -0.002 -17"><span class='ocrx_word' id='word_1_255' title='bbox 65 2756 152 2807; x_wconf 84' lang='lat' dir='ltr'>dubito</span> <span class='ocrx_word' id='word_1_256' title='bbox 171 2759 232 2822; x_wconf 83' lang='lat' dir='ltr'>puin</span> <span class='ocrx_word' id='word_1_257' title='bbox 252 2774 304 2808; x_wconf 75' lang='lat' dir='ltr'>roc</span> <span class='ocrx_word' id='word_1_258' title='bbox 323 2760 455 2820; x_wconf 75' lang='lat' dir='ltr'>rogauerit,</span> <span class='ocrx_word' id='word_1_259' title='bbox 476 2776 532 2808; x_wconf 88' lang='lat' dir='ltr'>cum</span> <span class='ocrx_word' id='word_1_260' title='bbox 552 2758 576 2807; x_wconf 86' lang='lat' dir='ltr'>d.</span> <span class='ocrx_word' id='word_1_261' title='bbox 591 2760 608 2806; x_wconf 86' lang='lat' dir='ltr'>i.</span> <span class='ocrx_word' id='word_1_262' title='bbox 623 2757 778 2814; x_wconf 76' lang='lat' dir='ltr'>excidisset,</span> <span class='ocrx_word' id='word_1_263' title='bbox 797 2755 915 2818; x_wconf 79' lang='lat' dir='ltr'>effecerit</span> <span class='ocrx_word' id='word_1_264' title='bbox 934 2761 961 2802; x_wconf 90' lang='lat' dir='ltr'>ut</span> <span class='ocrx_word' id='word_1_265' title='bbox 975 2769 1028 2803; x_wconf 88' lang='lat' dir='ltr'>curn</span> 
     </span>
     <span class='ocr_line' id='line_1_29' title="bbox 64 2825 1028 2896; baseline -0.003 -20"><span class='ocrx_word' id='word_1_266' title='bbox 64 2827 224 2878; x_wconf 72' lang='lat' dir='ltr'>scriberetur</span> <span class='ocrx_word' id='word_1_267' title='bbox 240 2844 291 2893; x_wconf 91' lang='lat' dir='ltr'>pro</span> <span class='ocrx_word' id='word_1_268' title='bbox 306 2828 399 2895; x_wconf 84' lang='lat' dir='ltr'>q(uorn)</span> <span class='ocrx_word' id='word_1_269' title='bbox 413 2829 492 2896; x_wconf 89' lang='lat' dir='ltr'>q(uo).</span> <span class='ocrx_word' id='word_1_270' title='bbox 529 2829 656 2879; x_wconf 82' lang='lat' dir='ltr'>Similiter</span> <span class='ocrx_word' id='word_1_271' title='bbox 672 2827 761 2877; x_wconf 81' lang='lat' dir='ltr'>Polou.</span> <span class='ocrx_word' id='word_1_272' title='bbox 776 2827 816 2876; x_wconf 86' lang='lat' dir='ltr'>ed.</span> <span class='ocrx_word' id='word_1_273' title='bbox 832 2827 866 2889; x_wconf 80' lang='lat' dir='ltr'>cs.</span> <span class='ocrx_word' id='word_1_274' title='bbox 882 2825 914 2874; x_wconf 84' lang='lat' dir='ltr'>ab</span> <span class='ocrx_word' id='word_1_275' title='bbox 929 2840 958 2874; x_wconf 87' lang='lat' dir='ltr'>eo</span> <span class='ocrx_word' id='word_1_276' title='bbox 973 2827 1028 2874; x_wconf 83' lang='lat' dir='ltr'>iau·</span> 
     </span>
     <span class='ocr_line' id='line_1_30' title="bbox 65 2894 1027 2967; baseline -0.001 -20"><span class='ocrx_word' id='word_1_277' title='bbox 65 2898 140 2948; x_wconf 78' lang='lat' dir='ltr'>dator</span> <span class='ocrx_word' id='word_1_278' title='bbox 156 2898 307 2967; x_wconf 82' lang='lat' dir='ltr'>Geti.o(r),</span> <span class='ocrx_word' id='word_1_279' title='bbox 322 2912 361 2962; x_wconf 72' lang='grc' dir='ltr'>ιδ,</span> <span class='ocrx_word' id='word_1_280' title='bbox 376 2913 396 2950; x_wconf 87' lang='grc'>1.</span> <span class='ocrx_word' id='word_1_281' title='bbox 426 2901 483 2949; x_wconf 85' lang='lat' dir='ltr'>Vol.</span> <span class='ocrx_word' id='word_1_282' title='bbox 500 2901 574 2951; x_wconf 76' lang='lat' dir='ltr'>Mox.</span> <span class='ocrx_word' id='word_1_283' title='bbox 589 2912 615 2963; x_wconf 82' lang='lat' dir='ltr'>e,</span> <span class='ocrx_word' id='word_1_284' title='bbox 630 2911 690 2960; x_wconf 65' lang='grc' dir='ltr'>Μ.</span> <span class='ocrx_word' id='word_1_285' title='bbox 766 2894 788 2957; x_wconf 59' lang='grc' dir='ltr'>Β)</span> <span class='ocrx_word' id='word_1_286' title='bbox 802 2898 843 2961; x_wconf 90' lang='lat' dir='ltr'>qui</span> <span class='ocrx_word' id='word_1_287' title='bbox 863 2898 885 2946; x_wconf 94' lang='lat' dir='ltr'>in</span> <span class='ocrx_word' id='word_1_288' title='bbox 906 2897 980 2946; x_wconf 88' lang='lat' dir='ltr'>ocicm</span> <span class='ocrx_word' id='word_1_289' title='bbox 1002 2897 1027 2946; x_wconf 86' lang='lat' dir='ltr'>C.</span> 
     </span>
     <span class='ocr_line' id='line_1_31' title="bbox 65 2970 1029 3034; baseline -0.001 -16"><span class='ocrx_word' id='word_1_290' title='bbox 65 2970 104 3033; x_wconf 92' lang='lat' dir='ltr'>qui</span> <span class='ocrx_word' id='word_1_291' title='bbox 124 2985 209 3034; x_wconf 86' lang='lat' dir='ltr'>equum</span> <span class='ocrx_word' id='word_1_292' title='bbox 229 2973 252 3022; x_wconf 93' lang='lat' dir='ltr'>in</span> <span class='ocrx_word' id='word_1_293' title='bbox 272 2973 348 3020; x_wconf 79' lang='lat' dir='ltr'>aciem</span> <span class='ocrx_word' id='word_1_294' title='bbox 368 2970 432 3020; x_wconf 85' lang='lat' dir='ltr'>Inot.</span> <span class='ocrx_word' id='word_1_295' title='bbox 462 2972 562 3030; x_wconf 79' lang='lat' dir='ltr'>Locus,</span> <span class='ocrx_word' id='word_1_296' title='bbox 581 2980 608 3020; x_wconf 89' lang='lat' dir='ltr'>ut</span> <span class='ocrx_word' id='word_1_297' title='bbox 624 2972 713 3022; x_wconf 87' lang='lat' dir='ltr'>Polen.</span> <span class='ocrx_word' id='word_1_298' title='bbox 728 2977 799 3019; x_wconf 83' lang='lat' dir='ltr'>recte</span> <span class='ocrx_word' id='word_1_299' title='bbox 814 2970 953 3029; x_wconf 83' lang='lat' dir='ltr'>iudicavit,</span> <span class='ocrx_word' id='word_1_300' title='bbox 968 2983 1029 3033; x_wconf 81' lang='lat' dir='ltr'>per-</span> 
     </span>
     <span class='ocr_line' id='line_1_32' title="bbox 64 3040 1029 3107; baseline -0.002 -17"><span class='ocrx_word' id='word_1_301' title='bbox 64 3042 203 3100; x_wconf 74' lang='lat' dir='ltr'>tundatur,</span> <span class='ocrx_word' id='word_1_302' title='bbox 222 3058 239 3090; x_wconf 87' lang='lat' dir='ltr'>o</span> <span class='ocrx_word' id='word_1_303' title='bbox 257 3044 338 3091; x_wconf 78' lang='lat' dir='ltr'>rcioio</span> <span class='ocrx_word' id='word_1_304' title='bbox 357 3044 458 3092; x_wconf 78' lang='lat' dir='ltr'>scilicet</span> <span class='ocrx_word' id='word_1_305' title='bbox 476 3045 599 3107; x_wconf 83' lang='lat' dir='ltr'>quodum,</span> <span class='ocrx_word' id='word_1_306' title='bbox 619 3044 663 3106; x_wconf 86' lang='lat' dir='ltr'>qui</span> <span class='ocrx_word' id='word_1_307' title='bbox 677 3057 757 3106; x_wconf 82' lang='lat' dir='ltr'>neque</span> <span class='ocrx_word' id='word_1_308' title='bbox 771 3048 883 3090; x_wconf 82' lang='lat' dir='ltr'>ueterum</span> <span class='ocrx_word' id='word_1_309' title='bbox 899 3040 934 3090; x_wconf 86' lang='lat' dir='ltr'>uls</span> <span class='ocrx_word' id='word_1_310' title='bbox 949 3056 1029 3104; x_wconf 81' lang='lat' dir='ltr'>neque</span> 
     </span>
     <span class='ocr_line' id='line_1_33' title="bbox 65 3109 1029 3171; baseline 0.001 -12"><span class='ocrx_word' id='word_1_311' title='bbox 65 3111 166 3161; x_wconf 76' lang='lat' dir='ltr'>Ariciam</span> <span class='ocrx_word' id='word_1_312' title='bbox 182 3120 303 3171; x_wconf 83' lang='lat' dir='ltr'>nouerat,</span> <span class='ocrx_word' id='word_1_313' title='bbox 317 3120 341 3161; x_wconf 86' lang='lat' dir='ltr'>et</span> <span class='ocrx_word' id='word_1_314' title='bbox 355 3115 490 3164; x_wconf 82' lang='lat' dir='ltr'>sonandus</span> <span class='ocrx_word' id='word_1_315' title='bbox 503 3130 538 3163; x_wconf 76' lang='lat' dir='ltr'>eoo</span> <span class='ocrx_word' id='word_1_316' title='bbox 557 3113 645 3163; x_wconf 83' lang='lat' dir='ltr'>Vater.</span> <span class='ocrx_word' id='word_1_317' title='bbox 662 3113 736 3163; x_wconf 75' lang='lat' dir='ltr'>Mure.</span> <span class='ocrx_word' id='word_1_318' title='bbox 752 3115 768 3163; x_wconf 86' lang='lat' dir='ltr'>i.</span> <span class='ocrx_word' id='word_1_319' title='bbox 784 3129 806 3164; x_wconf 93' lang='lat' dir='ltr'>c.</span> <span class='ocrx_word' id='word_1_320' title='bbox 828 3109 933 3162; x_wconf 81' lang='lat' dir='ltr'>‘multuo</span> <span class='ocrx_word' id='word_1_321' title='bbox 946 3126 1029 3162; x_wconf 79' lang='lat' dir='ltr'>sermo</span> 
     </span>
     <span class='ocr_line' id='line_1_34' title="bbox 66 3182 1029 3249; baseline -0.003 -17"><span class='ocrx_word' id='word_1_322' title='bbox 66 3197 93 3233; x_wconf 85' lang='lat' dir='ltr'>co</span> <span class='ocrx_word' id='word_1_323' title='bbox 108 3186 184 3232; x_wconf 85' lang='lat' dir='ltr'>etium</span> <span class='ocrx_word' id='word_1_324' title='bbox 199 3184 298 3234; x_wconf 85' lang='lat' dir='ltr'>iudicio</span> <span class='ocrx_word' id='word_1_325' title='bbox 313 3187 438 3242; x_wconf 84' lang='lat' dir='ltr'>manauit,</span> <span class='ocrx_word' id='word_1_326' title='bbox 459 3187 484 3234; x_wconf 87' lang='lat' dir='ltr'>in</span> <span class='ocrx_word' id='word_1_327' title='bbox 500 3200 549 3249; x_wconf 86' lang='lat' dir='ltr'>quo</span> <span class='ocrx_word' id='word_1_328' title='bbox 570 3186 672 3249; x_wconf 83' lang='lat' dir='ltr'>quidum</span> <span class='ocrx_word' id='word_1_329' title='bbox 685 3186 756 3247; x_wconf 79' lang='lat' dir='ltr'>furti</span> <span class='ocrx_word' id='word_1_330' title='bbox 769 3184 905 3233; x_wconf 78' lang='lat' dir='ltr'>damnatur</span> <span class='ocrx_word' id='word_1_331' title='bbox 920 3191 969 3242; x_wconf 81' lang='lat' dir='ltr'>ert,</span> <span class='ocrx_word' id='word_1_332' title='bbox 984 3182 1029 3246; x_wconf 87' lang='lat' dir='ltr'>qui</span> 
     </span>
     <span class='ocr_line' id='line_1_35' title="bbox 66 3255 1029 3318; baseline -0.003 -16"><span class='ocrx_word' id='word_1_333' title='bbox 66 3269 141 3318; x_wconf 85' lang='lat' dir='ltr'>equo,</span> <span class='ocrx_word' id='word_1_334' title='bbox 160 3257 236 3304; x_wconf 78' lang='lat' dir='ltr'>cuiue</span> <span class='ocrx_word' id='word_1_335' title='bbox 256 3270 316 3304; x_wconf 77' lang='lat' dir='ltr'>usuc</span> <span class='ocrx_word' id='word_1_336' title='bbox 336 3256 376 3303; x_wconf 83' lang='lat' dir='ltr'>itti</span> <span class='ocrx_word' id='word_1_337' title='bbox 390 3255 509 3305; x_wconf 79' lang='lat' dir='ltr'>Ariciam</span> <span class='ocrx_word' id='word_1_338' title='bbox 528 3257 701 3306; x_wconf 83' lang='lat' dir='ltr'>commodatur</span> <span class='ocrx_word' id='word_1_339' title='bbox 715 3255 813 3317; x_wconf 68' lang='lat' dir='ltr'>fuerat,</span> <span class='ocrx_word' id='word_1_340' title='bbox 834 3256 958 3304; x_wconf 81' lang='lat' dir='ltr'>ulteriore</span> <span class='ocrx_word' id='word_1_341' title='bbox 972 3255 1029 3302; x_wconf 77' lang='lat' dir='ltr'>eius</span> 
     </span>
     <span class='ocr_line' id='line_1_36' title="bbox 66 3324 1029 3390; baseline -0.004 -16"><span class='ocrx_word' id='word_1_342' title='bbox 66 3327 200 3389; x_wconf 84' lang='lat' dir='ltr'>municipii</span> <span class='ocrx_word' id='word_1_343' title='bbox 214 3327 280 3376; x_wconf 83' lang='lat' dir='ltr'>cliro</span> <span class='ocrx_word' id='word_1_344' title='bbox 296 3334 383 3376; x_wconf 83' lang='lat' dir='ltr'>vectus</span> <span class='ocrx_word' id='word_1_345' title='bbox 397 3324 483 3376; x_wconf 85' lang='lat' dir='ltr'>eorct’.</span> <span class='ocrx_word' id='word_1_346' title='bbox 519 3326 568 3387; x_wconf 87' lang='lat' dir='ltr'>Qui</span> <span class='ocrx_word' id='word_1_347' title='bbox 583 3329 609 3376; x_wconf 85' lang='lat' dir='ltr'>in</span> <span class='ocrx_word' id='word_1_348' title='bbox 625 3328 706 3377; x_wconf 84' lang='lat' dir='ltr'>aciem</span> <span class='ocrx_word' id='word_1_349' title='bbox 718 3328 849 3390; x_wconf 86' lang='lat' dir='ltr'>perducit,</span> <span class='ocrx_word' id='word_1_350' title='bbox 864 3341 914 3375; x_wconf 83' lang='lat' dir='ltr'>non</span> <span class='ocrx_word' id='word_1_351' title='bbox 929 3338 1029 3386; x_wconf 77' lang='lat' dir='ltr'>semper</span> 
     </span>
     <span class='ocr_line' id='line_1_37' title="bbox 66 3393 1027 3463; baseline -0.002 -21"><span class='ocrx_word' id='word_1_352' title='bbox 66 3397 175 3461; x_wconf 75' lang='lat' dir='ltr'>inopius,</span> <span class='ocrx_word' id='word_1_353' title='bbox 186 3413 261 3461; x_wconf 86' lang='lat' dir='ltr'>quom</span> <span class='ocrx_word' id='word_1_354' title='bbox 271 3412 320 3461; x_wconf 85' lang='lat' dir='ltr'>quo</span> <span class='ocrx_word' id='word_1_355' title='bbox 331 3405 470 3462; x_wconf 75' lang='lat' dir='ltr'>ropuocrot</span> <span class='ocrx_word' id='word_1_356' title='bbox 481 3399 559 3448; x_wconf 83' lang='lat' dir='ltr'>ducit.</span> <span class='ocrx_word' id='word_1_357' title='bbox 613 3394 633 3463; x_wconf 78' lang='lat'>⁴)</span> <span class='ocrx_word' id='word_1_358' title='bbox 648 3414 683 3446; x_wconf 73' lang='lat' dir='ltr'>ecc</span> <span class='ocrx_word' id='word_1_359' title='bbox 692 3396 863 3462; x_wconf 55' lang='lat' dir='ltr'>Bpeuoro</span> <span class='ocrx_word' id='word_1_360' title='bbox 915 3393 1027 3459; x_wconf 78' lang='lat' dir='ltr'>⁶)1rao.</span> 
     </span>
     <span class='ocr_line' id='line_1_38' title="bbox 70 3463 1028 3532; baseline -0.002 -18"><span class='ocrx_word' id='word_1_361' title='bbox 70 3466 128 3516; x_wconf 84' lang='lat' dir='ltr'>Vid.</span> <span class='ocrx_word' id='word_1_362' title='bbox 145 3464 253 3517; x_wconf 71' lang='lat' dir='ltr'>‘ouius&#39;</span> <span class='ocrx_word' id='word_1_363' title='bbox 266 3484 293 3531; x_wconf 86' lang='lat' dir='ltr'>p.</span> <span class='ocrx_word' id='word_1_364' title='bbox 306 3480 353 3519; x_wconf 78' lang='lat' dir='ltr'>loe.</span> <span class='ocrx_word' id='word_1_365' title='bbox 409 3465 430 3532; x_wconf 77' lang='lat'>⁶)</span> <span class='ocrx_word' id='word_1_366' title='bbox 446 3470 606 3531; x_wconf 88' lang='lat' dir='ltr'>proiserumuo</span> <span class='ocrx_word' id='word_1_367' title='bbox 619 3469 645 3517; x_wconf 79' lang='lat' dir='ltr'>G.</span> <span class='ocrx_word' id='word_1_368' title='bbox 665 3469 766 3530; x_wconf 86' lang='lat' dir='ltr'>permisi</span> <span class='ocrx_word' id='word_1_369' title='bbox 784 3482 855 3516; x_wconf 87' lang='lat' dir='ltr'>seruo</span> <span class='ocrx_word' id='word_1_370' title='bbox 867 3481 918 3516; x_wconf 78' lang='lat' dir='ltr'>uteo</span> <span class='ocrx_word' id='word_1_371' title='bbox 929 3466 969 3515; x_wconf 83' lang='lat' dir='ltr'>ed.</span> <span class='ocrx_word' id='word_1_372' title='bbox 979 3463 1028 3528; x_wconf 76' lang='lat' dir='ltr'>Bp.</span> 
     </span>
     <span class='ocr_line' id='line_1_39' title="bbox 66 3535 1030 3604; baseline -0.002 -20"><span class='ocrx_word' id='word_1_373' title='bbox 66 3536 117 3587; x_wconf 83' lang='lat' dir='ltr'>Sed</span> <span class='ocrx_word' id='word_1_374' title='bbox 136 3538 240 3588; x_wconf 80' lang='lat' dir='ltr'>Codicis</span> <span class='ocrx_word' id='word_1_375' title='bbox 259 3553 310 3587; x_wconf 87' lang='lat' dir='ltr'>rum</span> <span class='ocrx_word' id='word_1_376' title='bbox 331 3547 368 3590; x_wconf 87' lang='lat' dir='ltr'>est</span> <span class='ocrx_word' id='word_1_377' title='bbox 387 3554 399 3587; x_wconf 91' lang='lat' dir='ltr'>r</span> <span class='ocrx_word' id='word_1_378' title='bbox 417 3542 481 3588; x_wconf 85' lang='lat' dir='ltr'>maie</span> <span class='ocrx_word' id='word_1_379' title='bbox 496 3555 548 3603; x_wconf 87' lang='lat' dir='ltr'>pro</span> <span class='ocrx_word' id='word_1_380' title='bbox 565 3541 634 3604; x_wconf 75' lang='lat' dir='ltr'>cipio</span> <span class='ocrx_word' id='word_1_381' title='bbox 652 3538 773 3587; x_wconf 83' lang='lat' dir='ltr'>debitum.</span> <span class='ocrx_word' id='word_1_382' title='bbox 847 3535 868 3601; x_wconf 66' lang='grc' dir='ltr'>τ)</span> <span class='ocrx_word' id='word_1_383' title='bbox 883 3535 925 3585; x_wconf 85' lang='lat' dir='ltr'>Ito</span> <span class='ocrx_word' id='word_1_384' title='bbox 942 3536 967 3584; x_wconf 86' lang='lat' dir='ltr'>C.</span> <span class='ocrx_word' id='word_1_385' title='bbox 981 3549 1030 3597; x_wconf 85' lang='lat' dir='ltr'>per</span> 
     </span>
     <span class='ocr_line' id='line_1_40' title="bbox 66 3605 992 3676; baseline -0.005 -19"><span class='ocrx_word' id='word_1_386' title='bbox 66 3616 157 3658; x_wconf 83' lang='lat' dir='ltr'>notam.</span> <span class='ocrx_word' id='word_1_387' title='bbox 180 3608 327 3659; x_wconf 73' lang='lat' dir='ltr'>Omiserurrt</span> <span class='ocrx_word' id='word_1_388' title='bbox 340 3611 398 3661; x_wconf 86' lang='lat' dir='ltr'>cdd.</span> <span class='ocrx_word' id='word_1_389' title='bbox 464 3606 485 3676; x_wconf 78' lang='grc'>8)</span> <span class='ocrx_word' id='word_1_390' title='bbox 500 3617 659 3659; x_wconf 74' lang='lat' dir='ltr'>contrectaret</span> <span class='ocrx_word' id='word_1_391' title='bbox 675 3609 700 3659; x_wconf 81' lang='lat' dir='ltr'>C.</span> <span class='ocrx_word' id='word_1_392' title='bbox 720 3608 879 3657; x_wconf 82' lang='lat' dir='ltr'>contrectooit</span> <span class='ocrx_word' id='word_1_393' title='bbox 894 3607 933 3654; x_wconf 87' lang='lat' dir='ltr'>cd.</span> <span class='ocrx_word' id='word_1_394' title='bbox 945 3605 992 3670; x_wconf 72' lang='lat' dir='ltr'>Bp.</span> 
     </span>
    </p>
   </div>
   <div class='ocr_carea' id='block_1_6' title="bbox 67 3728 1029 3940">
    <p class='ocr_par' dir='ltr' id='par_1_8' title="bbox 67 3728 1029 3940">
     <span class='ocr_line' id='line_1_41' title="bbox 135 3728 1027 3802; baseline -0.011 -19"><span class='ocrx_word' id='word_1_395' title='bbox 135 3730 159 3802; x_wconf 66' lang='lat'>§-</span> <span class='ocrx_word' id='word_1_396' title='bbox 177 3735 236 3784; x_wconf 75' lang='lat'>197.</span> <span class='ocrx_word' id='word_1_397' title='bbox 252 3757 285 3775; x_wconf 97' lang='lat'>=</span> <span class='ocrx_word' id='word_1_398' title='bbox 301 3735 324 3796; x_wconf 68' lang='grc' dir='ltr'>ξ.</span> <span class='ocrx_word' id='word_1_399' title='bbox 339 3747 359 3786; x_wconf 84' lang='lat' dir='ltr'>r.</span> <span class='ocrx_word' id='word_1_400' title='bbox 380 3734 401 3784; x_wconf 90' lang='lat' dir='ltr'>I.</span> <span class='ocrx_word' id='word_1_401' title='bbox 417 3734 450 3784; x_wconf 79' lang='lat' dir='ltr'>io.</span> <span class='ocrx_word' id='word_1_402' title='bbox 506 3730 531 3801; x_wconf 66' lang='grc' dir='ltr'>ξ.</span> <span class='ocrx_word' id='word_1_403' title='bbox 548 3735 607 3784; x_wconf 85' lang='grc'><strong>198.</strong></span> <span class='ocrx_word' id='word_1_404' title='bbox 618 3756 651 3774; x_wconf 90' lang='lat'><em>=</em></span> <span class='ocrx_word' id='word_1_405' title='bbox 662 3734 685 3794; x_wconf 65' lang='grc' dir='ltr'>ξ.</span> <span class='ocrx_word' id='word_1_406' title='bbox 699 3744 719 3783; x_wconf 86' lang='lat' dir='ltr'>e.</span> <span class='ocrx_word' id='word_1_407' title='bbox 740 3729 805 3781; x_wconf 75' lang='lat' dir='ltr'>tro.</span> <span class='ocrx_word' id='word_1_408' title='bbox 827 3729 865 3791; x_wconf 68' lang='lat' dir='ltr'>Cf.</span> <span class='ocrx_word' id='word_1_409' title='bbox 883 3728 914 3777; x_wconf 80' lang='lat' dir='ltr'>L.</span> <span class='ocrx_word' id='word_1_410' title='bbox 925 3738 958 3776; x_wconf 82' lang='lat' dir='ltr'>re.</span> <span class='ocrx_word' id='word_1_411' title='bbox 974 3729 1027 3788; x_wconf 73' lang='lat' dir='ltr'>§.n</span> 
     </span>
     <span class='ocr_line' id='line_1_42' title="bbox 67 3798 1029 3940; baseline -0.014 -85"><span class='ocrx_word' id='word_1_412' title='bbox 67 3803 291 3940; x_wconf 44' lang='lat' dir='ltr'>for-gegistdiffl</span> <span class='ocrx_word' id='word_1_413' title='bbox 311 3805 342 3871; x_wconf 78' lang='lat'>²).</span> <span class='ocrx_word' id='word_1_414' title='bbox 363 3806 394 3854; x_wconf 84' lang='lat' dir='ltr'>L.</span> <span class='ocrx_word' id='word_1_415' title='bbox 414 3816 448 3856; x_wconf 80' lang='lat'>20.</span> <span class='ocrx_word' id='word_1_416' title='bbox 470 3804 495 3853; x_wconf 85' lang='lat' dir='ltr'>C.</span> <span class='ocrx_word' id='word_1_417' title='bbox 511 3805 566 3854; x_wconf 84' lang='lat' dir='ltr'>eod.</span> <span class='ocrx_word' id='word_1_418' title='bbox 582 3804 617 3869; x_wconf 85' lang='lat' dir='ltr'>(o,</span> <span class='ocrx_word' id='word_1_419' title='bbox 633 3803 665 3868; x_wconf 79' lang='lat'>2).</span> <span class='ocrx_word' id='word_1_420' title='bbox 686 3802 716 3850; x_wconf 85' lang='lat' dir='ltr'>L.</span> <span class='ocrx_word' id='word_1_421' title='bbox 738 3815 758 3850; x_wconf 86' lang='grc' dir='ltr'>ι.</span> <span class='ocrx_word' id='word_1_422' title='bbox 778 3803 800 3862; x_wconf 67' lang='lat'>§-</span> <span class='ocrx_word' id='word_1_423' title='bbox 816 3810 836 3850; x_wconf 80' lang='lat'>6.</span> <span class='ocrx_word' id='word_1_424' title='bbox 857 3798 889 3845; x_wconf 86' lang='grc' dir='ltr'>Ι).</span> <span class='ocrx_word' id='word_1_425' title='bbox 908 3798 940 3845; x_wconf 85' lang='lat' dir='ltr'>de</span> <span class='ocrx_word' id='word_1_426' title='bbox 953 3809 1029 3845; x_wconf 81' lang='lat' dir='ltr'>cerno</span> 
     </span>
    </p>
   </div>
   <div class='ocr_carea' id='block_1_7' title="bbox 0 0 1206 4386">
    <p class='ocr_par' dir='ltr' id='par_1_9' title="bbox 0 0 1206 4386">
     <span class='ocr_line' id='line_1_43' title="bbox 0 0 1206 4386; baseline 0 0"><span class='ocrx_word' id='word_1_427' title='bbox 0 0 1206 4386; x_wconf 95' lang='lat' dir='ltr'> </span> 
     </span>
    </p>
   </div>
  </div>
 </body>
</html>
