2378 4386
118 600 178 665 796
329 616 427 654 ruere.
446 615 500 651 arn.
519 614 581 652 nore.
600 614 686 650 vtato.
705 601 860 650 tat-285.

119 749 188 806 aeris
204 747 281 804 alieni
297 737 486 815 solutionem,¹
508 748 535 801 ri
549 744 585 801 ab
600 746 727 800 intestato
746 758 808 798 cum
832 742 925 799 iratre
948 753 1001 802 tuo
1017 748 1094 803 matri

119 832 198 888 heres
220 830 363 896 exstitisti,
384 821 541 885 'reuocare2
564 843 619 883 non
641 836 731 900 potes.
769 826 841 882 Diei.
864 825 1051 886 Nicomediae
1067 829 1093 886 V.

118 929 184 970 non.
200 912 275 968 llari.
294 915 383 986 augg.
400 906 455 967 ΙΙΙ.Ι
472 919 498 966 at
514 911 544 971 ΙΙ.
560 927 650 967 conss.

180 994 246 1054 281.
271 989 368 1050 ⁴lidern
385 993 492 1051 Aurelio
508 994 613 1051 Seuero
628 991 804 1053 Alexandro.
844 992 934 1050 Pater
950 997 981 1052 in
997 995 1091 1061 lilium,
1101 1006 1126 1055 tia

118 1096 196 1153 quem
212 1080 239 1134 in
255 1087 391 1152 potestate
408 1078 497 1148 babet,
514 1078 657 1135 conserens
673 1078 732 1149 ipso
748 1078 808 1132 iure
824 1075 1024 1138 donationem
1040 1097 1092 1137 uon

13 1161 199 1234 [ulsiaiaeiu
223 1162 271 1218 sed
286 1178 319 1218 ex
334 1162 486 1234 praeceptis
503 1152 665 1218 statutorum
689 1168 797 1232 recepta
815 1152 819 1234 l
837 1161 1021 1221 humanitate
1036 1165 1091 1239 pla·

118 1241 200 1311 cuit,⁵
222 1247 244 1301 si
259 1247 286 1301 in
302 1245 397 1302 eodem
420 1245 518 1301 iudicio
540 1259 715 1317 perseuerans
738 1245 766 1298 iu
789 1242 877 1299 iatum
902 1239 1090 1318 concesserit,

118 1329 304 1386 liberalitatem
320 1331 377 1385 elus
390 1328 464 1385 salua
480 1328 541 1401 lege
552 1327 664 1383 Falcidia
680 1325 797 1400 probari.
820 1326 949 1385 Proinde
961 1333 986 1386 si
1003 1341 1089 1404 pater,

118 1416 163 1488 qul
176 1430 225 1487 per
235 1413 377 1486 epistulam
390 1427 433 1467 res
446 1411 491 1467 tibi
504 1412 575 1467 douo
589 1410 673 1480 dedit,
690 1426 744 1466 non
759 1420 892 1467 reuocata
909 1412 1088 1485 liberalitate,

118 1513 168 1554 nee
189 1506 288 1553 mutata
312 1496 469 1564 uoluntate,
491 1495 596 1551 fatalem
619 1493 688 1550 diem
710 1496 841 1550 intestato
859 1492 950 1568 obiit,
975 1497 1088 1554 inlibata

119 1581 228 1637 donatio
251 1590 399 1654 permanet,
421 1579 481 1634 ’uisi
498 1586 585 1634 tamen
604 1578 671 1650 legis
689 1576 819 1633 Falcidiae
842 1579 918 1634 ratio
936 1584 1086 1638 comminui

118 1679 175 1721 eam
198 1657 352 1735 exegerit⁰;
375 1661 448 1735 quod
470 1663 493 1717 si
508 1661 596 1717 locum
619 1660 713 1729 babet,
736 1667 849 1717 eatenus
872 1676 908 1717 ex
933 1662 1086 1721 donatione

118 1746 215 1802 iratres
232 1748 270 1801 tui
282 1745 424 1814 deducent,
443 1754 575 1819 quatenus
587 1743 613 1799 id
625 1744 683 1799 beri
698 1743 860 1800 indemnitas
873 1751 903 1800 et
916 1746 990 1803 iuris
1002 1741 1085 1804 ratio⁷

117 1832 145 1885 iu
153 1828 306 1901 optinerrdis
317 1826 498 1901 portionibus,
508 1843 574 1901 quas
582 1842 631 1882 eos
641 1826 739 1883 babere
751 1842 863 1883 necesse
872 1837 930 1896 est,
942 1826 1083 1905 erigunt.⁸

118 1912 193 1968 lunia
209 1912 276 1969 lianc
291 1913 357 1967 iuris
373 1912 485 1967 formam
501 1926 608 1984 praeses
632 1911 786 1983 prouinciae
801 1909 834 1965 ad
850 1913 944 1969 uicem
964 1914 1082 1971 iamiliae

118 1995 310 2053 herciscundae
326 1994 444 2052 cilicium
458 1996 607 2051 sententiae
623 2010 686 2049 suae
700 1993 808 2066 legibus
822 1995 1000 2067 temperabit.
1031 1997 1082 2057 ΡΡ.

118 2079 255 2153 Byzantio,
272 2078 312 2137 it.
328 2079 379 2134 isal.
396 2081 458 2150 ilpr.
474 2078 584 2132 llarimo
601 2086 629 2133 et
641 2076 767 2150 Aquilino
784 2073 891 2137 conss.⁹

180 2160 251 2221 282.
267 2162 346 2217 iidem
359 2161 515 2232 Calpurniae
528 2161 704 2217 Aristeuetae.
727 2159 859 2226 Quoniam
875 2176 934 2218 non
948 2172 1079 2219 contenta

118 2248 260 2317 rescripto,
276 2245 349 2317 quod
365 2243 396 2298 ad
412 2245 510 2315 primas
526 2259 620 2315 preces
635 2259 786 2315 acceperas,
806 2245 907 2300 iterato
923 2245 1077 2319 supplicare

119 2329 295 2396 uoluisti-er
310 2327 367 2381 iure
389 2328 551 2398 rescriptum
567 2327 727 2400 reportabis.
769 2322 967 2385 Communes¹⁰
991 2346 1037 2386 res
1052 2333 1078 2387 iu

118 2409 233 2466 solidum
245 2409 339 2464 donari
354 2419 504 2482 nequeunt,
518 2410 565 2466 sed
577 2412 717 2482 portiones
728 2425 833 2481 eorum,
850 2411 897 2482 qui
911 2412 1031 2484 donant,
1046 2414 1079 2469 ad

118 2508 176 2562 eos,
193 2492 238 2564 qui
251 2492 322 2548 dono
334 2494 478 2566 accipiunt,
495 2495 636 2550 transitum
653 2492 762 2551 iaciunt.
786 2487 864 2548 uec¹¹
880 2493 984 2568 ambigi
996 2513 1078 2571 opor-

117 2584 167 2652 tet,
182 2575 342 2632 donationes
355 2579 432 2633 etiarn
444 2578 515 2633 inter
527 2576 664 2647 absentes,
679 2579 701 2634 si
714 2593 745 2633 er
762 2575 904 2633 uoluntate
914 2577 1080 2637 donantium

118 2663 317 2733 possessiouem
340 2663 373 2731 ii,
397 2659 493 2733 quibus
511 2660 644 2717 donatum
666 2669 722 2729 est,
745 2661 947 2732 nanciscantur,
972 2664 1080 2719 ualidas

118 2737 218 2801 esse.¹²
240 2744 341 2814 Restat,
358 2753 388 2800 ut
398 2738 450 2799 si¹³
465 2742 537 2800 lilius
549 2752 612 2800 tuus
623 2744 811 2800 immoderatae
826 2742 1001 2801 liberalitatis
1014 2747 1079 2803 eb'u·

192 2893 210 2959 ¹)
226 2894 349 2952 disterni,
363 2896 438 2943 cuius
446 2895 596 2944 solutionem
607 2893 692 2955 [ratri
700 2894 849 2943 donationis
859 2894 885 2941 in
896 2909 954 2943 eum
964 2898 1080 2946 collatae

118 2980 197 3015 causa
211 2967 261 3015 soli
276 2965 421 3014 incubuisse
431 2965 570 3013 Annianus
579 2971 726 3027 peteteret.
752 2962 790 3026 Cf.
802 2963 833 3010 L.
845 2973 878 3013 15.
900 2963 927 3016 θ.
938 2964 971 3013 de
986 2967 1078 3016 derret.

117 3034 148 3100 (8,
163 3035 207 3100 54).
260 3031 281 3099 2)
296 3034 337 3083 Ita
357 3034 415 3083 Vei.
431 3035 470 3083 ed.
485 3035 579 3084 lloiire.
594 3048 707 3082 reuocare
723 3033 749 3080 V
752 3031 771 3081 Ι.
787 3033 825 3081 ed.
838 3031 964 3090 Mosarna,
979 3044 1007 3084 et
1018 3045 1080 3100 pori

116 3113 197 3168 potest
211 3120 264 3169 pro
279 3112 356 3169 polea.
429 3101 450 3170 ⁸)
469 3104 579 3154 Videtur
592 3104 774 3168 corripendum
789 3101 870 3160 ΙΙΙΙ,
890 3110 917 3151 ιιι
936 3106 972 3153 ait
987 3121 1014 3154 α.
1030 3117 1079 3158 aaa.

120 3177 153 3224 Aa
168 3179 194 3225 iar
210 3175 231 3224 I.
249 3175 273 3224 θ.
289 3175 460 3238 subscriptum
473 3183 525 3224 est:
546 3172 613 3222 ‘PR
635 3174 664 3221 V.
680 3172 720 3222 Id.
736 3173 815 3232 dieii,
836 3187 919 3222 consa.
937 3182 965 3222 ut
978 3173 1075 3239 aripra’

118 3245 246 3311 (illumino
261 3244 297 3294 II.
312 3252 337 3295 ei
351 3246 475 3308 Aquilino
489 3258 572 3293 cortes.
586 3260 610 3292 a.
626 3242 692 3307 286.)
766 3241 787 3306 ⁴)
801 3241 886 3292 Sciet.
902 3259 1004 3308 mures
1025 3246 1077 3296 llic.

118 3317 143 3364 Si
159 3325 225 3378 pater
240 3316 263 3363 in
278 3315 454 3372 bliumiamliids
473 3313 565 3375 aliquid
583 3314 697 3376 confert,
716 3313 844 3362 liberalitas
864 3313 917 3360 eius
933 3316 1006 3364 salua
1021 3319 1079 3381 lepe

119 3385 221 3434 Falcidia
236 3384 357 3446 probanda
372 3390 417 3432 eet.
465 3380 485 3446 ⁵)
502 3383 541 3444 Cf.
556 3390 607 3432 ποί.
617 3395 638 3433 ι
655 3398 680 3446 p.
693 3395 739 3434 tiu.
784 3380 805 3446 θ)
820 3384 840 3430 si
856 3389 935 3431 tamen
952 3424 1017 3438 ,,.,
1032 3401 1078 3436 ner

20 3474 23 3481 ·
118 3455 222 3515 exegerit
240 3452 270 3500 V.
286 3455 472 3515 prirnamerau,
487 3453 526 3501 cd.
543 3453 655 3502 edomans.
704 3451 763 3517 ⁷)et
777 3454 868 3502 inserit
887 3452 947 3504 Vct.
998 3454 1077 3521 ⁸)Cs.

118 3521 150 3571 L.
164 3533 185 3570 a.
206 3520 232 3570 C·
247 3522 279 3570 de
294 3522 366 3584 inoff.
381 3523 439 3572 don.
455 3520 487 3587 (a,
502 3520 547 3586 ae).
567 3523 598 3571 L.
615 3535 647 3574 ro.
663 3535 696 3574 ra.
712 3534 745 3573 ar.
763 3522 788 3573 C.
801 3524 864 3585 sem.
879 3537 931 3572 ere.
949 3522 981 3588 (s,
992 3522 1041 3590 as)'.

118 3590 140 3658 ⁰)
156 3608 180 3641 a.
195 3601 243 3642 286.
317 3589 350 3656 ¹⁰)
366 3593 404 3655 Cf.
420 3592 452 3642 L.
467 3605 500 3644 tt.
522 3594 547 3642 0.
562 3594 594 3641 de
608 3594 667 3643 dou.
684 3594 719 3657 (e,
733 3592 777 3658 te).
796 3591 1002 3658 Scietmarp:
1023 3597 1078 3656 llic,

117 3676 308 3712 communesres
323 3663 462 3713 insolidum
482 3664 564 3713 donari
586 3678 632 3712 non
652 3678 730 3726 posse.
760 3663 903 3711 Donationes
922 3665 995 3713 etiam
1013 3666 1080 3716 inter

117 3732 228 3782 absentes
243 3747 314 3795 posse
330 3734 382 3784 deri
397 3743 420 3783 et
434 3735 526 3784 ualidas
541 3748 603 3792 esse,
618 3736 638 3783 si
654 3748 681 3782 es
697 3734 817 3782 uoluntate
827 3733 967 3783 donantium
977 3736 1010 3797 bi,
1022 3738 1077 3799 qui·

116 3803 160 3853 bus
175 3803 286 3853 donatum
305 3812 353 3862 est,
368 3806 538 3855 nanciscuntur
554 3805 733 3866 possessionem
752 3817 830 3852 rerum
850 3803 1001 3855 donatarum.

120 3869 154 3937 ¹¹)
168 3872 216 3923 Eat
230 3874 261 3925 L.
276 3886 297 3926 6.
314 3875 339 3923 C.
354 3876 386 3924 de
400 3876 459 3925 don.
475 3874 506 3941 (a,
517 3873 561 3936 tc).
615 3869 648 3938 ¹²)
662 3872 762 3923 Sciret:
781 3874 844 3922 ldem
860 3887 932 3934 supra
948 3888 1002 3936 pag.
1015 3873 1075 3926 viti.

116 3951 141 3992 et
154 3945 215 3994 inira
228 3959 281 4009 pag.
297 3944 342 3994 xv.
358 3951 381 3995 et
391 3945 470 3995 ΙΙΙΙΙΙΙ.
525 3940 557 4007 ¹⁸)
571 3943 642 3993 Hinc
656 3941 825 4006 decipulae.
842 3942 867 3992 0.
879 3942 910 3990 de
925 3944 1001 4006 inoff.
1012 3946 1077 3996 don.
