2378 4386
415 591 512 629 snos.
532 591 584 627 iiiii.
603 590 664 626 acii.
684 589 769 626 inmo.
1009 569 1071 634 709

121 719 228 796 potest,
247 732 310 770 cuin
328 730 410 791 nemo
428 714 512 792 etiam
531 714 596 791 post
612 712 703 767 editos
723 713 774 766 hos
792 710 907 790 Codices
929 713 1014 767 rescri
1035 713 1072 766 tis

121 784 234 971 {tlt
245 784 378 902 ,ttulit
393 783 447 901 itt
463 779 1000 914 {tlt{ttturltttettltttt
1018 797 1071 900 ul

133 919 270 972 ecfionem
289 915 484 983 composuerit.
514 914 573 966 Nec
586 916 680 966 tamen
693 913 784 966 minus
796 913 983 968 dubitandum
996 913 1072 968 vidc-

121 987 175 1049 tur,
194 1001 250 1038 non
270 984 374 1046 omnia,
393 998 464 1049 quas
482 980 577 1043 affert,
596 981 731 1047 rescripta
749 996 782 1034 ex
800 981 834 1032 iis
852 997 917 1034 eum
935 984 1072 1040 sumsisse.

122 1052 245 1104 Primum
264 1051 338 1104 enini
357 1064 412 1101 non
430 1047 513 1101 modo
531 1063 586 1100 non
605 1046 638 1098 fit
655 1048 760 1099 mentio
779 1063 874 1100 eorum
894 1048 1026 1103 Codicum
1044 1050 1073 1101 in

123 1117 279 1188 allegandis
297 1115 551 1179 constitutionibus,
570 1113 617 1165 sed
636 1115 719 1166 etiarn
732 1115 761 1164 in
773 1115 815 1168 tit.
830 1115 864 1167 de
878 1115 1074 1169 donationibus

123 1188 158 1239 ad
171 1187 263 1252 legem
277 1183 401 1237 Cinciam
413 1182 458 1234 hic
470 1180 528 1233 illic
541 1179 786 1233 constitutionibus
802 1183 937 1247 tanquam
949 1182 1073 1236 notabile

122 1253 190 1320 quid
208 1251 362 1321 posteriore
380 1266 473 1311 manu,
493 1247 627 1310 eiusdem,
646 1252 679 1298 ut
695 1246 814 1309 videtur,
833 1250 1005 1316 possessoris.
1025 1252 1073 1316 qui

122 1319 256 1373 lemmata
274 1316 442 1384 composuit,
468 1314 639 1379 adscriptum
664 1315 719 1378 est,
744 1313 855 1366 easdem
878 1314 906 1366 in
926 1317 1009 1384 Greg.
1029 1314 1073 1367 vel

123 1387 217 1440 Herm.
236 1384 357 1437 inveniri
371 1387 420 1444 (ξς.
432 1387 500 1433 260¹.
514 1387 570 1432 270.
585 1387 642 1432 272.
656 1385 713 1432 285.
727 1385 785 1434 ⁸286.
797 1385 881 1444 288.l,
900 1381 971 1432 sicut
987 1381 1074 1434 semel

124 1454 209 1506 etiam
228 1452 260 1503 fit
278 1450 306 1501 iii
325 1449 424 1502 Collat.
442 1455 467 1509 6,
486 1453 508 1501 5.
544 1445 652 1498 Deinde
676 1446 887 1522 inscriptionum
906 1449 977 1499 ratio
997 1447 1074 1499 Vati-

123 1536 193 1573 cana
211 1534 266 1569 non
285 1515 417 1567 convenit
435 1515 469 1575 ei,
487 1527 559 1589 quae
577 1513 606 1563 iii
624 1512 666 1564 his
680 1512 827 1566 Codicibus
846 1515 876 1566 et
893 1513 1073 1575 iustinianeo,

123 1587 170 1652 qui
190 1601 223 1636 ex
242 1583 274 1634 iis
292 1582 393 1643 hausit,
412 1597 442 1633 re
465 1582 559 1632 eritur.
595 1579 626 1630 ln
644 1579 810 1646 quibusdam
829 1579 902 1633 enini
920 1580 1019 1643 titulis,
1040 1580 1074 1634 da

123 1649 313 1718 cognitoribus
331 1649 361 1701 et
378 1648 413 1700 de
451 1645 639 1723 unctionibus,
657 1661 730 1722 noso
743 1646 825 1700 modo
844 1646 902 1698 divi
921 1663 955 1715 ap
978 1647 1075 1700 ellatio

122 1715 340 1784 imperatoribus
362 1713 539 1792 praefigitur,
568 1712 646 1766 velut
668 1712 759 1765 ‘divus
782 1714 936 1781 imperator
957 1664 1074 1769 Brabus’

123 1788 147 1846 §-
159 1788 232 1847 288,
252 1781 322 1833 ‘divi
339 1779 531 1834 Diocletianus
549 1782 578 1833 et
596 1779 784 1833 Constantius’
803 1786 842 1845 ἕξ.
863 1787 920 1834 270.
940 1787 997 1836 tlt.
1016 1789 1074 1835 297.

124 1856 181 1905 ³12.
201 1853 258 1902 316.
271 1855 329 1901 325.
342 1853 410 1912 338,
430 1848 499 1900 ‘divi
512 1847 709 1900 Constantinus
722 1849 751 1900 ot
763 1847 865 1901 Caesa'
883 1852 922 1913 §5-
937 1855 994 1903 ela.
1007 1855 1074 1911 287..

124 1931 196 1983 quac
216 1915 283 1968 alias
301 1918 404 1983 partim
422 1915 451 1967 in
469 1915 568 1967 iisdem
586 1914 802 1981 imperatoribus
821 1914 913 1969 deest:
938 1916 1016 1977 cuius
1034 1918 1076 1968 rei

125 1998 208 2036 causa
229 1981 295 2035 iride
317 1983 428 2035 tannim
450 1997 480 2034 re
503 1982 541 2034 eti
564 1981 676 2033 videtur
694 1997 786 2048 posse,
810 1981 884 2058 quod
909 1999 1004 2036 omnes
1021 1982 1075 2035 hae

125 2048 336 2104 constitutiones
354 1999 517 2125 exscriptis
535 2046 701 2115 quibusdam
724 2047 759 2101 de
782 2049 841 2101 istis
859 2050 984 2103 materiis
1002 2064 1075 2103 com-

124 2118 236 2193 positis·¹
257 2117 365 2168 sumtus
382 2118 450 2173 sint.
471 2130 590 2195 quorum
608 2118 736 2192 auctores
759 2117 928 2194 anteriorum
947 2116 1075 2195 ictorum

124 2181 1075 2326 tentantur}nundinetur{tarentina

124 2318 177 2370 ties
190 2316 358 2369 Diocletiani
376 2317 406 2368 et
423 2315 493 2368 colle
515 2330 593 2367 arum
612 2318 746 2393 rescripta
759 2318 925 2381 referuntur,
945 2318 996 2372 hoc
1009 2334 1075 2387 quo·

126 2400 180 2451 que
199 2384 338 2451 singulare
359 2386 408 2445 est,
428 2398 483 2449 quo
521 2397 576 2434 non
594 2382 702 2435 solenni
720 2384 749 2436 iii
762 2383 910 2439 Codicibus
924 2402 1009 2452 more,
1028 2386 1076 2454 qni

125 2452 209 2503 etiam
223 2450 251 2502 iii
264 2449 325 2502 aliis
338 2449 481 2502 Vaticanis
493 2449 582 2501 titulis
595 2449 624 2500 in
637 2466 745 2503 summa
757 2453 892 2504 retinetur
904 2457 954 2517 (ξς,
968 2459 1075 2505 ‘ta-24.

124 2520 191 2636 4¹3⁹
213 2515 402 2569 Diocletianus
429 2518 459 2568 ct
484 2514 669 2567 Maximianus
693 2519 733 2581 (et
756 2516 858 2577 Caesa.)
881 2519 1076 2580 inscribuntur,

124 2600 154 2637 se
186 2583 376 2637 Diocletianus
394 2584 424 2636 et
436 2582 620 2644 Constantius,
640 2582 724 2648 idque
744 2584 814 2637 adeo
833 2584 883 2636 fiat
894 2585 922 2636 in
935 2586 1077 2653 rescriptis

126 2655 191 2704 ante
210 2650 401 2704 Constantium
419 2650 448 2701 in
466 2649 578 2715 imperii
596 2649 765 2701 consortium
784 2651 920 2703 adscitum
938 2651 956 2707 i.
968 2666 992 2704 e.
1011 2654 1076 2704 anta

126 2734 150 2770 a.
170 2724 227 2770 293.
246 2718 318 2770 datis
337 2717 390 2780 (ἓξ.
404 2722 461 2769 275.
476 2722 533 2772 6297,
546 2718 628 2780 aia),
648 2715 696 2767 ubi
713 2716 741 2768 in
760 2716 822 2769 aliis
840 2718 1000 2784 partibuso
1022 2718 1076 2772 cris

127 2789 176 2848 (ἓξ.
188 2791 227 2840 23.
240 2788 294 2845 34.)
307 2785 381 2836 recte
394 2784 417 2835 is
430 2783 570 2859 omittitur
583 2782 628 2841 (cf.
638 2785 764 2859 Momms.
776 2800 802 2850 p.
813 2789 883 2850 405).
901 2735 1077 2852 igiturfrans

125 2850 212 2917 Alpes
229 2849 308 2903 illum
328 2851 372 2902 uel
391 2851 461 2905 illos.
480 2867 527 2925 qui
541 2850 575 2901 de
589 2848 785 2902 donationibus
798 2853 826 2903 et
838 2850 873 2902 de
887 2850 1077 2918 cognitoribus

126 2917 304 2993 scripserant,
322 2917 411 2984 egisse
431 2917 567 2970 coniicere
582 2916 655 2980 licet,
674 2915 724 2967 ubi
742 2932 804 2969 cum
817 2916 1014 2985 quadripartiti
1025 2917 1076 2969 iiu-

125 2980 1078 3118 tttttttt“tttltttltssttttfilttttttttttttttt

126 3133 209 3185 quam
228 3133 263 3170 ex
280 3118 373 3170 aulica
390 3089 567 3170 orientalium
586 3116 766 3169 observantia
782 3117 914 3170 stolidum
933 3120 963 3170 et
980 3090 1076 3171 crude3

125 3184 181 3238 lem
190 3187 389 3241 Maximianum
401 3201 468 3239 sane
479 3188 636 3253 Augustum
648 3198 866 3239 commemorare
879 3183 1030 3237 maluerint
1049 3187 1078 3237 et

80 3252 167 3315 inita
185 3253 388 3311 consueverint,
406 3254 438 3303 ut
455 3250 531 3302 idem
549 3264 603 3301 nori
617 3249 699 3302 anxie
711 3252 872 3318 perquisitis
884 3251 994 3318 imperii
1007 3252 1077 3304 tem·

146 3318 240 3370 oribus
263 3318 348 3371 etiarn
372 3318 399 3369 in
423 3317 564 3385 rescriptis
587 3319 651 3369 ante
676 3333 699 3372 a.
724 3322 782 3373 293.
809 3318 881 3371 datis
907 3318 999 3371 facere
1021 3334 1078 3372 non

125 3334 325 3437 dubitaverint.
361 3383 487 3437 Tandem
504 3385 579 3451 quod
598 3383 788 3438 Mommsenus
805 3386 1078 3453 uuaruicenses),

199 3566 218 3632 ¹)
234 3569 356 3617 Eiusmodi
370 3569 459 3630 scripta
480 3569 628 3617 exolescente
649 3569 694 3616 ium
713 3575 792 3616 vetere
813 3570 995 3633 iurisprudentia
1014 3571 1077 3620 haud

124 3653 200 3702 pauca
219 3640 350 3701 composita
370 3652 432 3697 esse,
450 3652 510 3700 quse
530 3639 629 3686 maxima
649 3652 675 3685 ci
695 3645 761 3698 parte
776 3644 865 3687 tantuin
881 3641 903 3688 in
919 3641 1076 3702 posteriorum

125 3711 259 3772 principum
274 3709 398 3769 rescriptis
413 3708 448 3755 vel
464 3708 563 3770 legibus,
574 3708 603 3755 de
618 3706 757 3768 quibusdam
773 3709 878 3756 materiis
889 3711 991 3771 omissis,
1002 3719 1026 3758 ct
1036 3725 1077 3758 eii-

124 3780 214 3842 cerptis
231 3776 336 3826 lCtoruin
352 3784 457 3826 ictorum
472 3778 596 3825 sententiis
611 3776 770 3823 consisterent
785 3784 808 3824 et
826 3781 950 3828 transitum
965 3781 1031 3842 quasi
1047 3780 1076 3828 ad

124 3863 196 3910 puras
211 3856 279 3910 putas
295 3849 447 3896 collectiones
463 3848 575 3905 iacerent,
591 3847 698 3895 dubitare
713 3860 758 3893 nori
774 3845 837 3895 licet.
864 3847 916 3910 lpsa
931 3849 1006 3909 legum
1017 3849 1074 3898 ldos.

125 3924 148 3964 ct
162 3918 228 3965 Rom.
244 3918 339 3966 collatio
353 3917 398 3966 lioc
414 3932 510 3966 numero
525 3926 568 3965 cst.
