2378 4386
299 547 359 582 uos.
379 547 412 582 er
431 546 491 582 nou.
510 544 599 581 naevia
618 544 724 581 coucam
742 528 763 581 Ι.
785 533 826 582 12.
848 533 888 581 13.
1003 527 1064 593 651

118 676 274 748 Claudiurn,
303 678 403 748 optime
424 676 584 748 imperator,
613 682 641 731 et
663 673 813 730 Euarlstum
836 677 968 748 coguoul,
998 675 1069 749 quod

119 761 245 816 Claudius
267 758 335 832 lupi
358 757 428 814 iilius
450 760 478 815 in
500 759 644 828 conuiuio,
666 757 728 814 dum
751 775 818 832 sago
841 759 970 830 iactatur,
992 759 1071 831 culpa

119 845 192 900 ilarii
209 843 322 899 Euaristi
337 844 373 899 ita
389 843 457 897 male
472 851 598 914 acceptus
613 841 709 904 luerit,
733 848 763 897 ut
785 850 848 915 post
862 841 931 898 diem
948 843 1071 916 quintum

120 936 281 984 moreretur.
325 929 413 1000 Atque
441 925 599 998 apparebat,
628 924 728 980 nullam
751 926 913 982 inimicitiam
941 925 1016 983 ’cunr
1038 942 1071 983 eu

120 1005 254 1068 Euaristi¹
284 1009 377 1067 luisse.
421 1008 468 1065 sed
490 1001 665 1082 cupiditatls²
686 1007 791 1081 culpam
815 1008 992 1066 coercendum
1016 1025 1073 1066 cre·

120 1094 191 1167 didi,
215 1103 244 1150 ut
259 1097 341 1150 ceteri
357 1092 477 1150 eiusdem
492 1094 587 1148 aetatis
609 1094 722 1149 iuuenes
738 1091 953 1149 emendarentur.
998 1092 1072 1149 ldeo·

121 1195 174 1254 que
190 1178 271 1233 llario
288 1177 410 1234 Enaristo
425 1174 502 1245 urbe,
522 1175 598 1231 ltalia
612 1175 648 1232 'et
663 1168 816 1248 prouincia³
831 1175 933 1232 Baetica
949 1178 976 1232 iu
992 1178 1071 1251 quin·

121 1264 268 1336 quennium
283 1261 425 1328 interdixi,
447 1268 474 1316 et
489 1258 609 1330 decreui,
627 1268 657 1314 ut
672 1257 799 1332 impendii
813 1258 904 1315 'causa
919 1255 986 1318 its!
1018 1260 1071 1316 duo

121 1347 192 1402 milia
208 1347 275 1418 patri
298 1339 427 1400 'iuuenis⁶
444 1342 614 1416 persoluerct
630 1341 779 1412 Euaristus,
802 1341 874 1416 quod
896 1341 1072 1399 'manifestata

121 1437 179 1485 erat
199 1421 277 1483 einai
292 1436 443 1500 paupertas.
480 1425 550 1482 Velis
572 1424 742 1482 rescribere.'
778 1422 807 1483 3.
829 1426 912 1482 Verba
932 1428 1072 1500 rescripti:

122 1512 250 1566 ‘Poenam
262 1510 335 1564 ilarii
347 1508 460 1564 Euaristl
475 1518 558 1580 recte,
571 1510 696 1580 Taurlne,
712 1509 866 1566 moderatus
881 1526 911 1565 es
923 1510 1073 1566 admodum

123 1585 250 1665 culpae:⁷
274 1592 357 1647 reiert
379 1593 498 1648 enimet
520 1594 546 1648 in
570 1592 712 1649 maioribus
735 1593 854 1665 delictis,
880 1593 1005 1650 consulto
1028 1594 1073 1650 ali·

124 1675 187 1750 quid
204 1675 369 1744 admittatur,
385 1691 417 1730 an
433 1673 519 1732 casu.'
561 1671 591 1734 4.
613 1676 645 1732 lit
659 1693 722 1733 sane
737 1678 763 1732 in
780 1676 903 1733 omnibus
918 1678 1073 1735 criminibus

123 1760 259 1815 distinctio
275 1759 341 1815 baec
362 1753 488 1833 'poenae⁸
508 1767 553 1815 aut
573 1753 723 1816 'iustitiam⁹
744 1776 894 1833 prouocare
911 1760 1004 1835 debet,
1028 1769 1074 1818 aut

124 1851 363 1915 temperamentum
379 1843 527 1899 admittere.

185 1925 252 2000 liap.
269 1924 320 1982 llll.
357 1925 571 1982 Modestinus
593 1926 685 1983 llbro
707 1926 987 1984 differentiarum
1010 1927 1074 1985 sub

122 2011 230 2068 titulo
250 2009 289 2067 de
309 2008 506 2066 scientibus
529 2018 559 2065 et
581 2011 831 2084 ignorantibus
854 2011 1075 2083 generaliter

122 2094 292 2168 loquitur:
329 2091 355 2151 1.
378 2093 573 2168 Nonnunquam
589 2111 638 2167 per
656 2096 834 2168 ignorantiam
856 2094 1074 2168 delinquentibus

123 2180 187 2233 iuris
210 2176 296 2234 ciuilis
318 2180 396 2234 uenia
419 2178 499 2234 tribui
521 2178 607 2246 solet,
629 2180 651 2233 si
668 2177 748 2234 modo
763 2194 819 2234 rem
842 2177 904 2235 iacti
920 2179 997 2252 quis,
1019 2195 1073 2236 non

123 2263 190 2316 iuris
212 2264 335 2335 ignoret:
357 2261 436 2335 'quae
457 2256 594 2318 scilieet¹⁰
616 2261 728 2317 consilio
752 2262 970 2336 delinquentibus
998 2279 1074 2338 prae·

124 2346 189 2400 stari
204 2361 259 2401 non
273 2345 353 2401 solet.
398 2345 512 2419 Propter
527 2345 598 2419 quod
612 2347 792 2402 necessarlum
808 2355 863 2417 est,
879 2346 967 2403 addita
982 2347 1075 2404 distin·

123 2430 213 2485 ctione
234 2429 420 2500 considerare,
443 2438 534 2484 utrum
556 2431 658 2486 sciente
677 2445 709 2485 an
732 2431 875 2502 ignorante
898 2431 987 2504 aliquo
1011 2431 1075 2506 quid

124 2522 230 2586 gestum
246 2521 424 2586 proponatur.
469 2511 507 2568 lit
528 2512 670 2586 reliqua.

186 2595 251 2669 liap.
273 2595 338 2652 lllll.
383 2595 507 2652 Paulus
535 2595 624 2652 libro
653 2603 685 2651 et
709 2594 818 2651 titulo
842 2611 906 2669 quo
930 2591 1073 2669 supra.¹¹

124 2677 149 2736 1.
174 2678 223 2746 Qui
239 2678 322 2735 telum
337 2679 465 2736 tutandae
480 2680 574 2737 salutis
590 2695 670 2735 causa
685 2680 773 2750 gerit,
794 2694 848 2734 non
864 2678 973 2733 uidetur
987 2679 1075 2735 honri·

71 2779 112 2828 isa]
124 2764 165 2818 nis
180 2762 318 2818 occidendi
334 2778 412 2819 causa
427 2773 545 2837 portare.
589 2758 616 2818 2.
639 2760 695 2817 Teii
717 2769 806 2816 autem
826 2760 1004 2834 appellatione
1020 2778 1075 2818 non

125 2853 227 2901 tanturn
243 2846 344 2901 terrum
360 2849 523 2911 continetur,
539 2844 586 2902 sed
600 2861 687 2909 omne,
705 2844 778 2918 quod
793 2843 908 2900 nocendi
921 2859 999 2900 causa
1012 2861 1074 2918 por·

125 2935 211 2985 tatuut
224 2937 275 2985 est.

195 3008 296 3073 Explicit
311 3011 392 3060 titulus
407 3013 436 3060 de
451 3012 545 3060 sicariis
560 3018 583 3058 et
598 3008 732 3065 homicidis,
746 3023 804 3057 casu
818 3008 856 3056 uel
871 3007 998 3057 uoluntate.

198 3201 218 3269 ¹)
233 3219 286 3253 cum
296 3205 395 3254 euaristi
405 3203 435 3254 B.
455 3205 553 3253 euaristi
567 3203 608 3253 Vi.
624 3203 722 3253 abnuisti
737 3202 784 3252 Va.
800 3217 853 3252 cum
863 3201 973 3253 Enoriato
983 3204 1023 3253 ed.
1034 3201 1074 3254 Bi.

126 3269 253 3340 ⁸)Malim
272 3275 425 3338 stupiditatis.
492 3272 678 3340 ³)eprouincia
698 3274 743 3324 Vc.
762 3275 884 3338 prouincia
903 3272 933 3323 B.
961 3273 1002 3323 Vi.
1017 3275 1074 3324 edd.

125 3340 230 3407 ‘lcausa
247 3344 276 3393 B.
297 3346 338 3394 Vi.
353 3345 392 3396 ed.
408 3343 447 3394 Bl.
468 3360 563 3394 causam
583 3345 627 3395 Ve.
679 3343 700 3411 ⁶)
715 3346 766 3394 eius
783 3345 912 3399 Caldedd.
964 3342 985 3410 ⁶)
1001 3346 1076 3395 mani-

124 3415 183 3464 testa
198 3417 273 3464 iuerat
289 3418 340 3465 eius
360 3411 401 3464 Vr.
422 3417 545 3464 manifesta
565 3417 616 3465 eius
635 3417 711 3464 iuerat
728 3414 760 3466 B.
789 3415 833 3465 Vc.
848 3416 906 3500 edd.
971 3413 991 3499 ff)
1007 3416 1039 3465 L.
1054 3428 1073 3468 5.

123 3486 147 3620 ἓ)
160 3485 283 3605 manufac.
292 3500 385 3605 ἷξες
399 3483 503 3621 (39¹2
512 3555 551 3605 eu.
567 3481 1074 3620 21.p⁰2¹}fmn.cgd'rre.dffienfeu'}af⁸(⁹n5⁶43]

127 3621 159 3689 ¹⁰)
173 3626 314 3689 Suspicor:
327 3628 435 3691 quaenin
450 3625 521 3690 (quae
535 3625 622 3689 uenia).
677 3622 709 3690 ¹¹)
727 3625 764 3687 Cf.
780 3625 811 3674 [ι.
826 3638 860 3676 11.
876 3628 915 3688 55.
927 3639 946 3677 1.
957 3638 977 3677 a.
993 3626 1025 3675 D.
1041 3627 1076 3675 ad

123 3697 172 3761 leg.
189 3696 238 3746 Iul.
254 3697 286 3746 de
300 3700 326 3746 vi
336 3697 407 3761 publ.
423 3695 467 3763 (tu,
481 3694 514 3761 a).
