<?xml version="1.0" encoding="UTF-8"?>
<!DOCTYPE html PUBLIC "-//W3C//DTD XHTML 1.0 Transitional//EN"
    "http://www.w3.org/TR/xhtml1/DTD/xhtml1-transitional.dtd">
<html xmlns="http://www.w3.org/1999/xhtml" xml:lang="en" lang="en">
 <head>
  <title>
</title>
<meta http-equiv="Content-Type" content="text/html;charset=utf-8" />
  <meta name='ocr-system' content='tesseract 3.04.00' />
  <meta name='ocr-capabilities' content='ocr_page ocr_carea ocr_par ocr_line ocrx_word'/>
</head>
<body>
  <div class='ocr_page' id='page_1' title='image "./iurisprvdentiae00huscgoog_0357.png"; bbox 0 0 2378 4386; ppageno 0'>
   <div class='ocr_carea' id='block_1_1' title="bbox 172 504 865 573">
    <p class='ocr_par' dir='ltr' id='par_1_1' title="bbox 172 504 865 573">
     <span class='ocr_line' id='line_1_1' title="bbox 172 504 865 573; baseline -0.02 0"><span class='ocrx_word' id='word_1_1' title='bbox 172 506 237 573; x_wconf 76' lang='lat'><strong>322</strong></span> <span class='ocrx_word' id='word_1_2' title='bbox 456 523 518 559; x_wconf 79' lang='lat' dir='ltr'><strong>cur</strong></span> <span class='ocrx_word' id='word_1_3' title='bbox 536 522 636 559; x_wconf 80' lang='lat' dir='ltr'><strong>rnsnrr.</strong></span> <span class='ocrx_word' id='word_1_4' title='bbox 655 504 704 563; x_wconf 85' lang='grc' dir='ltr'>ΙΙΙ,</span> <span class='ocrx_word' id='word_1_5' title='bbox 724 510 865 564; x_wconf 75' lang='lat' dir='ltr'><strong>tta-tto.</strong></span> 
     </span>
    </p>
   </div>
   <div class='ocr_carea' id='block_1_2' title="bbox 237 657 1143 745">
    <p class='ocr_par' dir='ltr' id='par_1_2' title="bbox 237 657 1143 745">
     <span class='ocr_line' id='line_1_2' title="bbox 237 657 1143 745; baseline 0.002 -23"><span class='ocrx_word' id='word_1_6' title='bbox 237 662 304 724; x_wconf 76' lang='lat'>142.</span> <span class='ocrx_word' id='word_1_7' title='bbox 329 664 438 721; x_wconf 84' lang='lat' dir='ltr'><strong>Locatlo</strong></span> <span class='ocrx_word' id='word_1_8' title='bbox 459 672 549 720; x_wconf 88' lang='lat' dir='ltr'><strong>autern</strong></span> <span class='ocrx_word' id='word_1_9' title='bbox 565 671 593 719; x_wconf 86' lang='lat' dir='ltr'><strong>ct</strong></span> <span class='ocrx_word' id='word_1_10' title='bbox 607 663 752 720; x_wconf 91' lang='lat' dir='ltr'><strong>conductio</strong></span> <span class='ocrx_word' id='word_1_11' title='bbox 768 657 811 742; x_wconf 86' lang='lat' dir='ltr'><strong>(et</strong></span> <span class='ocrx_word' id='word_1_12' title='bbox 826 670 929 737; x_wconf 83' lang='lat' dir='ltr'><strong>emptio</strong></span> <span class='ocrx_word' id='word_1_13' title='bbox 945 673 972 723; x_wconf 89' lang='lat' dir='ltr'><strong>et</strong></span> <span class='ocrx_word' id='word_1_14' title='bbox 989 660 1143 745; x_wconf 83' lang='lat' dir='ltr'><strong>uenditio)¹</strong></span> 
     </span>
    </p>
   </div>
   <div class='ocr_carea' id='block_1_3' title="bbox 105 747 1170 2769">
    <p class='ocr_par' dir='ltr' id='par_1_3' title="bbox 105 747 1170 2769">
     <span class='ocr_line' id='line_1_3' title="bbox 174 747 1142 823; baseline 0 -15"><span class='ocrx_word' id='word_1_15' title='bbox 174 749 308 808; x_wconf 78' lang='lat' dir='ltr'><strong>similibus</strong></span> <span class='ocrx_word' id='word_1_16' title='bbox 323 747 427 823; x_wconf 87' lang='lat' dir='ltr'><strong>regulis</strong></span> <span class='ocrx_word' id='word_1_17' title='bbox 442 749 662 804; x_wconf 88' lang='lat' dir='ltr'><strong>constituuntur:</strong></span> <span class='ocrx_word' id='word_1_18' title='bbox 677 750 728 804; x_wconf 86' lang='lat' dir='ltr'><strong>nisi</strong></span> <span class='ocrx_word' id='word_1_19' title='bbox 745 751 814 805; x_wconf 90' lang='lat' dir='ltr'><strong>enim</strong></span> <span class='ocrx_word' id='word_1_20' title='bbox 831 767 933 806; x_wconf 80' lang='lat' dir='ltr'><strong>merces</strong></span> <span class='ocrx_word' id='word_1_21' title='bbox 950 760 1023 808; x_wconf 89' lang='lat' dir='ltr'><strong>certa</strong></span> <span class='ocrx_word' id='word_1_22' title='bbox 1039 761 1142 809; x_wconf 91' lang='lat' dir='ltr'><strong>statuta</strong></span> 
     </span>
     <span class='ocr_line' id='line_1_4' title="bbox 174 832 1142 905; baseline 0.001 -13"><span class='ocrx_word' id='word_1_23' title='bbox 174 837 220 905; x_wconf 91' lang='lat' dir='ltr'><strong>sit,</strong></span> <span class='ocrx_word' id='word_1_24' title='bbox 243 850 299 890; x_wconf 90' lang='lat' dir='ltr'><strong>non</strong></span> <span class='ocrx_word' id='word_1_25' title='bbox 321 833 431 889; x_wconf 89' lang='lat' dir='ltr'><strong>uidetur</strong></span> <span class='ocrx_word' id='word_1_26' title='bbox 453 832 553 888; x_wconf 83' lang='lat' dir='ltr'><strong>locatio</strong></span> <span class='ocrx_word' id='word_1_27' title='bbox 576 841 604 888; x_wconf 91' lang='lat' dir='ltr'><strong>et</strong></span> <span class='ocrx_word' id='word_1_28' title='bbox 626 832 773 890; x_wconf 90' lang='lat' dir='ltr'><strong>conductio</strong></span> <span class='ocrx_word' id='word_1_29' title='bbox 797 835 933 891; x_wconf 75' lang='lat' dir='ltr'><strong>contrahi.</strong></span> <span class='ocrx_word' id='word_1_30' title='bbox 978 832 1045 895; x_wconf 72' lang='lat'>143.</span> <span class='ocrx_word' id='word_1_31' title='bbox 1066 836 1142 895; x_wconf 85' lang='lat' dir='ltr'><strong>Unde</strong></span> 
     </span>
     <span class='ocr_line' id='line_1_5' title="bbox 173 917 1142 993; baseline 0.002 -16"><span class='ocrx_word' id='word_1_32' title='bbox 173 923 198 977; x_wconf 89' lang='lat' dir='ltr'><strong>si</strong></span> <span class='ocrx_word' id='word_1_33' title='bbox 220 919 308 976; x_wconf 89' lang='lat' dir='ltr'><strong>alieno</strong></span> <span class='ocrx_word' id='word_1_34' title='bbox 331 917 442 974; x_wconf 88' lang='lat' dir='ltr'><strong>arbitrio</strong></span> <span class='ocrx_word' id='word_1_35' title='bbox 465 932 568 974; x_wconf 83' lang='lat' dir='ltr'><strong>merces</strong></span> <span class='ocrx_word' id='word_1_36' title='bbox 590 918 720 989; x_wconf 89' lang='lat' dir='ltr'><strong>permissa</strong></span> <span class='ocrx_word' id='word_1_37' title='bbox 749 919 801 990; x_wconf 87' lang='lat' dir='ltr'><strong>sit,</strong></span> <span class='ocrx_word' id='word_1_38' title='bbox 831 919 907 975; x_wconf 89' lang='lat' dir='ltr'><strong>uelut</strong></span> <span class='ocrx_word' id='word_1_39' title='bbox 936 922 1032 993; x_wconf 84' lang='lat' dir='ltr'><strong>quanti</strong></span> <span class='ocrx_word' id='word_1_40' title='bbox 1055 921 1142 979; x_wconf 87' lang='lat' dir='ltr'><strong>Titius</strong></span> 
     </span>
     <span class='ocr_line' id='line_1_6' title="bbox 105 994 1170 1077; baseline 0.002 -16"><span class='ocrx_word' id='word_1_41' title='bbox 105 1011 163 1061; x_wconf 81' lang='lat'>166.</span> <span class='ocrx_word' id='word_1_42' title='bbox 177 1005 373 1073; x_wconf 90' lang='lat' dir='ltr'><strong>aestimauerit‚</strong></span> <span class='ocrx_word' id='word_1_43' title='bbox 391 994 395 1077; x_wconf 92' lang='grc' dir='ltr'>Ι</span> <span class='ocrx_word' id='word_1_44' title='bbox 413 1003 562 1076; x_wconf 88' lang='lat' dir='ltr'><strong>quaeritur,</strong></span> <span class='ocrx_word' id='word_1_45' title='bbox 578 1017 610 1056; x_wconf 93' lang='lat' dir='ltr'><strong>an</strong></span> <span class='ocrx_word' id='word_1_46' title='bbox 627 1000 727 1057; x_wconf 91' lang='lat' dir='ltr'><strong>locatio</strong></span> <span class='ocrx_word' id='word_1_47' title='bbox 744 1010 771 1058; x_wconf 88' lang='lat' dir='ltr'><strong>et</strong></span> <span class='ocrx_word' id='word_1_48' title='bbox 786 1003 932 1060; x_wconf 87' lang='lat' dir='ltr'><strong>conductio</strong></span> <span class='ocrx_word' id='word_1_49' title='bbox 948 1006 1139 1063; x_wconf 85' lang='lat' dir='ltr'><strong>contrahatur:</strong></span> <span class='ocrx_word' id='word_1_50' title='bbox 1155 1015 1170 1069; x_wconf 87' lang='lat' dir='ltr'><strong>t·</strong></span> 
     </span>
     <span class='ocr_line' id='line_1_7' title="bbox 173 1080 1140 1164; baseline 0.002 -19"><span class='ocrx_word' id='word_1_51' title='bbox 173 1089 238 1164; x_wconf 88' lang='lat' dir='ltr'><strong>&#39;qua</strong></span> <span class='ocrx_word' id='word_1_52' title='bbox 258 1080 312 1143; x_wconf 82' lang='lat' dir='ltr'><strong>dc²</strong></span> <span class='ocrx_word' id='word_1_53' title='bbox 327 1103 407 1144; x_wconf 91' lang='lat' dir='ltr'><strong>causa</strong></span> <span class='ocrx_word' id='word_1_54' title='bbox 430 1088 453 1141; x_wconf 92' lang='lat' dir='ltr'><strong>si</strong></span> <span class='ocrx_word' id='word_1_55' title='bbox 475 1085 573 1141; x_wconf 91' lang='lat' dir='ltr'><strong>lulloni</strong></span> <span class='ocrx_word' id='word_1_56' title='bbox 591 1085 716 1160; x_wconf 86' lang='lat' dir='ltr'><strong>pellenda</strong></span> <span class='ocrx_word' id='word_1_57' title='bbox 731 1087 893 1161; x_wconf 78' lang='lat' dir='ltr'><strong>curandam,</strong></span> <span class='ocrx_word' id='word_1_58' title='bbox 909 1090 1069 1147; x_wconf 89' lang='lat' dir='ltr'><strong>sarcinatori</strong></span> <span class='ocrx_word' id='word_1_59' title='bbox 1085 1109 1140 1147; x_wconf 89' lang='lat' dir='ltr'><strong>sar·</strong></span> 
     </span>
     <span class='ocr_line' id='line_1_8' title="bbox 174 1169 1140 1245; baseline 0 -13"><span class='ocrx_word' id='word_1_60' title='bbox 174 1174 269 1232; x_wconf 86' lang='lat' dir='ltr'><strong>cienda</strong></span> <span class='ocrx_word' id='word_1_61' title='bbox 292 1173 455 1229; x_wconf 88' lang='lat' dir='ltr'><strong>uestimenta</strong></span> <span class='ocrx_word' id='word_1_62' title='bbox 478 1169 607 1239; x_wconf 81' lang='lat' dir='ltr'><strong>dederim,</strong></span> <span class='ocrx_word' id='word_1_63' title='bbox 631 1169 704 1225; x_wconf 89' lang='lat' dir='ltr'><strong>nulla</strong></span> <span class='ocrx_word' id='word_1_64' title='bbox 727 1174 817 1227; x_wconf 91' lang='lat' dir='ltr'><strong>statim</strong></span> <span class='ocrx_word' id='word_1_65' title='bbox 839 1173 963 1230; x_wconf 82' lang='lat' dir='ltr'><strong>mercede</strong></span> <span class='ocrx_word' id='word_1_66' title='bbox 978 1176 1140 1245; x_wconf 89' lang='lat' dir='ltr'><strong>constituta,</strong></span> 
     </span>
     <span class='ocr_line' id='line_1_9' title="bbox 174 1254 1140 1334; baseline 0.001 -19"><span class='ocrx_word' id='word_1_67' title='bbox 174 1267 270 1334; x_wconf 83' lang='lat' dir='ltr'><strong>postea</strong></span> <span class='ocrx_word' id='word_1_68' title='bbox 287 1265 390 1314; x_wconf 87' lang='lat' dir='ltr'><strong>tantum</strong></span> <span class='ocrx_word' id='word_1_69' title='bbox 407 1254 531 1326; x_wconf 88' lang='lat' dir='ltr'><strong>daturus,</strong></span> <span class='ocrx_word' id='word_1_70' title='bbox 547 1254 641 1328; x_wconf 86' lang='lat' dir='ltr'><strong>quanti</strong></span> <span class='ocrx_word' id='word_1_71' title='bbox 657 1256 790 1312; x_wconf 89' lang='lat' dir='ltr'><strong>internos</strong></span> <span class='ocrx_word' id='word_1_72' title='bbox 803 1260 974 1328; x_wconf 87' lang='lat' dir='ltr'><strong>conuenerit,</strong></span> <span class='ocrx_word' id='word_1_73' title='bbox 990 1263 1140 1331; x_wconf 89' lang='lat' dir='ltr'><strong>quaeritur,</strong></span> 
     </span>
     <span class='ocr_line' id='line_1_10' title="bbox 174 1337 1139 1401; baseline 0 0"><span class='ocrx_word' id='word_1_74' title='bbox 174 1360 208 1401; x_wconf 85' lang='lat' dir='ltr'><strong>an</strong></span> <span class='ocrx_word' id='word_1_75' title='bbox 237 1343 335 1399; x_wconf 88' lang='lat' dir='ltr'><strong>locatio</strong></span> <span class='ocrx_word' id='word_1_76' title='bbox 363 1349 390 1397; x_wconf 90' lang='lat' dir='ltr'><strong>et</strong></span> <span class='ocrx_word' id='word_1_77' title='bbox 418 1339 565 1397; x_wconf 91' lang='lat' dir='ltr'><strong>conductio</strong></span> <span class='ocrx_word' id='word_1_78' title='bbox 593 1340 779 1400; x_wconf 84' lang='lat' dir='ltr'><strong>contrahatur.</strong></span> <span class='ocrx_word' id='word_1_79' title='bbox 827 1337 895 1400; x_wconf 78' lang='lat'>144.</span> <span class='ocrx_word' id='word_1_80' title='bbox 919 1337 1011 1400; x_wconf 82' lang='lat' dir='ltr'><strong>ltem³</strong></span> <span class='ocrx_word' id='word_1_81' title='bbox 1037 1347 1061 1401; x_wconf 93' lang='lat' dir='ltr'><strong>si</strong></span> <span class='ocrx_word' id='word_1_82' title='bbox 1084 1361 1139 1401; x_wconf 90' lang='lat' dir='ltr'><strong>rem</strong></span> 
     </span>
     <span class='ocr_line' id='line_1_11' title="bbox 172 1424 1139 1486; baseline 0.001 -2"><span class='ocrx_word' id='word_1_83' title='bbox 172 1428 222 1485; x_wconf 89' lang='lat' dir='ltr'><strong>tibi</strong></span> <span class='ocrx_word' id='word_1_84' title='bbox 243 1426 371 1485; x_wconf 85' lang='lat' dir='ltr'><strong>utendam</strong></span> <span class='ocrx_word' id='word_1_85' title='bbox 392 1424 511 1480; x_wconf 86' lang='lat' dir='ltr'><strong>dederim</strong></span> <span class='ocrx_word' id='word_1_86' title='bbox 539 1432 567 1480; x_wconf 93' lang='lat' dir='ltr'><strong>et</strong></span> <span class='ocrx_word' id='word_1_87' title='bbox 592 1424 710 1480; x_wconf 88' lang='lat' dir='ltr'><strong>inuicem</strong></span> <span class='ocrx_word' id='word_1_88' title='bbox 730 1424 807 1481; x_wconf 91' lang='lat' dir='ltr'><strong>aliam</strong></span> <span class='ocrx_word' id='word_1_89' title='bbox 833 1443 888 1482; x_wconf 91' lang='lat' dir='ltr'><strong>rem</strong></span> <span class='ocrx_word' id='word_1_90' title='bbox 914 1428 1040 1485; x_wconf 87' lang='lat' dir='ltr'><strong>utendam</strong></span> <span class='ocrx_word' id='word_1_91' title='bbox 1066 1446 1139 1486; x_wconf 87' lang='lat' dir='ltr'><strong>aere·</strong></span> 
     </span>
     <span class='ocr_line' id='line_1_12' title="bbox 173 1507 1136 1587; baseline -0.004 -17"><span class='ocrx_word' id='word_1_92' title='bbox 173 1515 275 1587; x_wconf 87' lang='lat' dir='ltr'><strong>perim,</strong></span> <span class='ocrx_word' id='word_1_93' title='bbox 298 1512 451 1585; x_wconf 81' lang='lat' dir='ltr'><strong>quaeritur,</strong></span> <span class='ocrx_word' id='word_1_94' title='bbox 473 1525 505 1564; x_wconf 91' lang='lat' dir='ltr'><strong>an</strong></span> <span class='ocrx_word' id='word_1_95' title='bbox 529 1508 627 1565; x_wconf 88' lang='lat' dir='ltr'><strong>locatio</strong></span> <span class='ocrx_word' id='word_1_96' title='bbox 649 1517 677 1564; x_wconf 90' lang='lat' dir='ltr'><strong>et</strong></span> <span class='ocrx_word' id='word_1_97' title='bbox 690 1507 836 1566; x_wconf 88' lang='lat' dir='ltr'><strong>conductio</strong></span> <span class='ocrx_word' id='word_1_98' title='bbox 852 1514 1038 1574; x_wconf 89' lang='lat' dir='ltr'><strong>contrahatur.</strong></span> <span class='ocrx_word' id='word_1_99' title='bbox 1072 1509 1136 1570; x_wconf 75' lang='lat'>145.</span> 
     </span>
     <span class='ocr_line' id='line_1_13' title="bbox 173 1592 1139 1668; baseline -0.001 -14"><span class='ocrx_word' id='word_1_100' title='bbox 173 1599 248 1655; x_wconf 77' lang='lat' dir='ltr'><strong>Adeo</strong></span> <span class='ocrx_word' id='word_1_101' title='bbox 264 1604 354 1653; x_wconf 87' lang='lat' dir='ltr'><strong>autem</strong></span> <span class='ocrx_word' id='word_1_102' title='bbox 370 1595 471 1668; x_wconf 79' lang='lat' dir='ltr'><strong>emptio</strong></span> <span class='ocrx_word' id='word_1_103' title='bbox 495 1600 524 1650; x_wconf 91' lang='lat' dir='ltr'><strong>et</strong></span> <span class='ocrx_word' id='word_1_104' title='bbox 545 1592 666 1649; x_wconf 89' lang='lat' dir='ltr'><strong>uenditio</strong></span> <span class='ocrx_word' id='word_1_105' title='bbox 688 1602 716 1650; x_wconf 89' lang='lat' dir='ltr'><strong>ct</strong></span> <span class='ocrx_word' id='word_1_106' title='bbox 736 1594 836 1652; x_wconf 88' lang='lat' dir='ltr'><strong>locatio</strong></span> <span class='ocrx_word' id='word_1_107' title='bbox 852 1605 881 1653; x_wconf 89' lang='lat' dir='ltr'><strong>et</strong></span> <span class='ocrx_word' id='word_1_108' title='bbox 897 1598 1043 1656; x_wconf 90' lang='lat' dir='ltr'><strong>conductio</strong></span> <span class='ocrx_word' id='word_1_109' title='bbox 1064 1598 1139 1653; x_wconf 92' lang='lat' dir='ltr'><strong>iami-</strong></span> 
     </span>
     <span class='ocr_line' id='line_1_14' title="bbox 172 1677 1138 1757; baseline -0.002 -18"><span class='ocrx_word' id='word_1_110' title='bbox 172 1682 317 1739; x_wconf 90' lang='lat' dir='ltr'><strong>liaritatem</strong></span> <span class='ocrx_word' id='word_1_111' title='bbox 333 1680 450 1755; x_wconf 90' lang='lat' dir='ltr'><strong>aliquam</strong></span> <span class='ocrx_word' id='word_1_112' title='bbox 465 1681 535 1734; x_wconf 89' lang='lat' dir='ltr'><strong>iuter</strong></span> <span class='ocrx_word' id='word_1_113' title='bbox 553 1695 583 1734; x_wconf 90' lang='lat' dir='ltr'><strong>se</strong></span> <span class='ocrx_word' id='word_1_114' title='bbox 598 1677 697 1734; x_wconf 83' lang='lat' dir='ltr'><strong>habere</strong></span> <span class='ocrx_word' id='word_1_115' title='bbox 712 1679 856 1751; x_wconf 88' lang='lat' dir='ltr'><strong>uidentur,</strong></span> <span class='ocrx_word' id='word_1_116' title='bbox 877 1689 908 1738; x_wconf 93' lang='lat' dir='ltr'><strong>ut</strong></span> <span class='ocrx_word' id='word_1_117' title='bbox 928 1683 955 1737; x_wconf 93' lang='lat' dir='ltr'><strong>in</strong></span> <span class='ocrx_word' id='word_1_118' title='bbox 979 1681 1138 1757; x_wconf 87' lang='lat' dir='ltr'><strong>quibusdam</strong></span> 
     </span>
     <span class='ocr_line' id='line_1_15' title="bbox 173 1763 1139 1840; baseline -0.002 -17"><span class='ocrx_word' id='word_1_119' title='bbox 173 1769 260 1824; x_wconf 94' lang='lat' dir='ltr'><strong>causis</strong></span> <span class='ocrx_word' id='word_1_120' title='bbox 283 1767 375 1840; x_wconf 89' lang='lat' dir='ltr'><strong>quaeri</strong></span> <span class='ocrx_word' id='word_1_121' title='bbox 397 1763 501 1835; x_wconf 88' lang='lat' dir='ltr'><strong>soleat,</strong></span> <span class='ocrx_word' id='word_1_122' title='bbox 525 1771 616 1819; x_wconf 90' lang='lat' dir='ltr'><strong>utrum</strong></span> <span class='ocrx_word' id='word_1_123' title='bbox 639 1764 740 1836; x_wconf 86' lang='lat' dir='ltr'><strong>emptio</strong></span> <span class='ocrx_word' id='word_1_124' title='bbox 764 1773 791 1819; x_wconf 92' lang='lat' dir='ltr'><strong>et</strong></span> <span class='ocrx_word' id='word_1_125' title='bbox 813 1766 933 1822; x_wconf 89' lang='lat' dir='ltr'><strong>uenditio</strong></span> <span class='ocrx_word' id='word_1_126' title='bbox 951 1768 1139 1837; x_wconf 86' lang='lat' dir='ltr'><strong>contrahatur,</strong></span> 
     </span>
     <span class='ocr_line' id='line_1_16' title="bbox 173 1845 1138 1925; baseline -0.001 -18"><span class='ocrx_word' id='word_1_127' title='bbox 173 1869 207 1909; x_wconf 95' lang='lat' dir='ltr'><strong>an</strong></span> <span class='ocrx_word' id='word_1_128' title='bbox 223 1850 322 1908; x_wconf 90' lang='lat' dir='ltr'><strong>locatio</strong></span> <span class='ocrx_word' id='word_1_129' title='bbox 338 1858 367 1905; x_wconf 89' lang='lat' dir='ltr'><strong>et</strong></span> <span class='ocrx_word' id='word_1_130' title='bbox 380 1847 540 1905; x_wconf 89' lang='lat' dir='ltr'><strong>conductio:</strong></span> <span class='ocrx_word' id='word_1_131' title='bbox 560 1845 645 1903; x_wconf 87' lang='lat' dir='ltr'><strong>ueluti</strong></span> <span class='ocrx_word' id='word_1_132' title='bbox 660 1848 683 1903; x_wconf 89' lang='lat' dir='ltr'><strong>si</strong></span> <span class='ocrx_word' id='word_1_133' title='bbox 699 1865 750 1921; x_wconf 88' lang='lat' dir='ltr'><strong>qua</strong></span> <span class='ocrx_word' id='word_1_134' title='bbox 769 1865 814 1907; x_wconf 90' lang='lat' dir='ltr'><strong>res</strong></span> <span class='ocrx_word' id='word_1_135' title='bbox 830 1850 856 1908; x_wconf 89' lang='lat' dir='ltr'><strong>ln</strong></span> <span class='ocrx_word' id='word_1_136' title='bbox 873 1862 1036 1925; x_wconf 87' lang='lat' dir='ltr'><strong>perpetuum</strong></span> <span class='ocrx_word' id='word_1_137' title='bbox 1052 1851 1138 1908; x_wconf 88' lang='lat' dir='ltr'><strong>locata</strong></span> 
     </span>
     <span class='ocr_line' id='line_1_17' title="bbox 172 1931 1139 2010; baseline -0.003 -17"><span class='ocrx_word' id='word_1_138' title='bbox 172 1939 219 2008; x_wconf 89' lang='lat' dir='ltr'><strong>sit,</strong></span> <span class='ocrx_word' id='word_1_139' title='bbox 236 1936 309 2010; x_wconf 89' lang='lat' dir='ltr'><strong>quod</strong></span> <span class='ocrx_word' id='word_1_140' title='bbox 325 1935 417 1990; x_wconf 88' lang='lat' dir='ltr'><strong>euenit</strong></span> <span class='ocrx_word' id='word_1_141' title='bbox 432 1933 459 1987; x_wconf 93' lang='lat' dir='ltr'><strong>in</strong></span> <span class='ocrx_word' id='word_1_142' title='bbox 475 1931 591 2005; x_wconf 89' lang='lat' dir='ltr'><strong>praediis</strong></span> <span class='ocrx_word' id='word_1_143' title='bbox 603 1933 779 2008; x_wconf 84' lang='lat' dir='ltr'><strong>municipum,</strong></span> <span class='ocrx_word' id='word_1_144' title='bbox 795 1951 863 2009; x_wconf 87' lang='lat' dir='ltr'><strong>quae</strong></span> <span class='ocrx_word' id='word_1_145' title='bbox 879 1952 909 1991; x_wconf 91' lang='lat' dir='ltr'><strong>ea</strong></span> <span class='ocrx_word' id='word_1_146' title='bbox 926 1936 986 2009; x_wconf 91' lang='lat' dir='ltr'><strong>lege</strong></span> <span class='ocrx_word' id='word_1_147' title='bbox 1003 1936 1139 2006; x_wconf 92' lang='lat' dir='ltr'><strong>locantur,</strong></span> 
     </span>
     <span class='ocr_line' id='line_1_18' title="bbox 173 2011 1139 2095; baseline -0.003 -18"><span class='ocrx_word' id='word_1_148' title='bbox 173 2030 205 2077; x_wconf 90' lang='lat' dir='ltr'><strong>ut</strong></span> <span class='ocrx_word' id='word_1_149' title='bbox 220 2019 347 2095; x_wconf 86' lang='lat' dir='ltr'><strong>quamdiu</strong></span> <span class='ocrx_word' id='word_1_150' title='bbox 362 2011 452 2074; x_wconf 73' lang='lat' dir='ltr'><strong>&#39;indel</strong></span> <span class='ocrx_word' id='word_1_151' title='bbox 469 2015 583 2091; x_wconf 91' lang='lat' dir='ltr'><strong>uectigal</strong></span> <span class='ocrx_word' id='word_1_152' title='bbox 604 2027 770 2089; x_wconf 69' lang='lat' dir='ltr'><strong>praestetur,</strong></span> <span class='ocrx_word' id='word_1_153' title='bbox 793 2035 880 2092; x_wconf 85' lang='lat' dir='ltr'><strong>neque</strong></span> <span class='ocrx_word' id='word_1_154' title='bbox 902 2020 953 2092; x_wconf 87' lang='lat' dir='ltr'><strong>ipsi</strong></span> <span class='ocrx_word' id='word_1_155' title='bbox 977 2019 1139 2076; x_wconf 89' lang='lat' dir='ltr'><strong>conductori</strong></span> 
     </span>
     <span class='ocr_line' id='line_1_19' title="bbox 173 2100 1139 2179; baseline -0.003 -17"><span class='ocrx_word' id='word_1_156' title='bbox 173 2122 262 2179; x_wconf 89' lang='lat' dir='ltr'><strong>neque</strong></span> <span class='ocrx_word' id='word_1_157' title='bbox 279 2102 371 2160; x_wconf 89' lang='lat' dir='ltr'><strong>heredi</strong></span> <span class='ocrx_word' id='word_1_158' title='bbox 387 2103 444 2158; x_wconf 90' lang='lat' dir='ltr'><strong>eius</strong></span> <span class='ocrx_word' id='word_1_159' title='bbox 461 2100 599 2175; x_wconf 83' lang='lat' dir='ltr'><strong>praedium</strong></span> <span class='ocrx_word' id='word_1_160' title='bbox 615 2100 768 2172; x_wconf 88' lang='lat' dir='ltr'><strong>auleratur;</strong></span> <span class='ocrx_word' id='word_1_161' title='bbox 784 2103 831 2159; x_wconf 90' lang='lat' dir='ltr'><strong>sed</strong></span> <span class='ocrx_word' id='word_1_162' title='bbox 848 2105 932 2177; x_wconf 89' lang='lat' dir='ltr'><strong>magis</strong></span> <span class='ocrx_word' id='word_1_163' title='bbox 948 2102 1049 2175; x_wconf 86' lang='lat' dir='ltr'><strong>placuit</strong></span> <span class='ocrx_word' id='word_1_164' title='bbox 1066 2103 1139 2159; x_wconf 88' lang='lat' dir='ltr'><strong>loca·</strong></span> 
     </span>
     <span class='ocr_line' id='line_1_20' title="bbox 173 2182 1137 2262; baseline -0.004 -16"><span class='ocrx_word' id='word_1_165' title='bbox 173 2193 275 2246; x_wconf 91' lang='lat' dir='ltr'><strong>tionem</strong></span> <span class='ocrx_word' id='word_1_166' title='bbox 291 2187 554 2259; x_wconf 83' lang='lat' dir='ltr'><strong>conductionemque</strong></span> <span class='ocrx_word' id='word_1_167' title='bbox 570 2203 640 2244; x_wconf 88' lang='lat' dir='ltr'><strong>esse.</strong></span> <span class='ocrx_word' id='word_1_168' title='bbox 677 2182 743 2244; x_wconf 78' lang='lat'>146.</span> <span class='ocrx_word' id='word_1_169' title='bbox 767 2182 854 2243; x_wconf 75' lang='lat' dir='ltr'><strong>ltem⁵</strong></span> <span class='ocrx_word' id='word_1_170' title='bbox 874 2189 896 2242; x_wconf 91' lang='lat' dir='ltr'><strong>si</strong></span> <span class='ocrx_word' id='word_1_171' title='bbox 918 2186 1084 2262; x_wconf 83' lang='lat' dir='ltr'><strong>gladiatores</strong></span> <span class='ocrx_word' id='word_1_172' title='bbox 1107 2204 1137 2242; x_wconf 90' lang='lat' dir='ltr'><strong>ea</strong></span> 
     </span>
     <span class='ocr_line' id='line_1_21' title="bbox 174 2270 1137 2347; baseline -0.003 -17"><span class='ocrx_word' id='word_1_173' title='bbox 174 2275 235 2347; x_wconf 91' lang='lat' dir='ltr'><strong>lege</strong></span> <span class='ocrx_word' id='word_1_174' title='bbox 252 2272 298 2329; x_wconf 93' lang='lat' dir='ltr'><strong>tibi</strong></span> <span class='ocrx_word' id='word_1_175' title='bbox 316 2270 483 2342; x_wconf 90' lang='lat' dir='ltr'><strong>tradiderim,</strong></span> <span class='ocrx_word' id='word_1_176' title='bbox 506 2279 535 2326; x_wconf 92' lang='lat' dir='ltr'><strong>ut</strong></span> <span class='ocrx_word' id='word_1_177' title='bbox 551 2273 578 2327; x_wconf 94' lang='lat' dir='ltr'><strong>in</strong></span> <span class='ocrx_word' id='word_1_178' title='bbox 594 2273 729 2346; x_wconf 90' lang='lat' dir='ltr'><strong>singulos,</strong></span> <span class='ocrx_word' id='word_1_179' title='bbox 751 2273 797 2346; x_wconf 89' lang='lat' dir='ltr'><strong>qui</strong></span> <span class='ocrx_word' id='word_1_180' title='bbox 819 2273 919 2346; x_wconf 83' lang='lat' dir='ltr'><strong>integri</strong></span> <span class='ocrx_word' id='word_1_181' title='bbox 938 2272 1064 2344; x_wconf 78' lang='lat' dir='ltr'><strong>exierint,</strong></span> <span class='ocrx_word' id='word_1_182' title='bbox 1088 2289 1137 2346; x_wconf 93' lang='lat' dir='ltr'><strong>pro</strong></span> 
     </span>
     <span class='ocr_line' id='line_1_22' title="bbox 172 2355 1137 2433; baseline -0.001 -21"><span class='ocrx_word' id='word_1_183' title='bbox 172 2357 273 2413; x_wconf 89' lang='lat' dir='ltr'><strong>sudore</strong></span> <span class='ocrx_word' id='word_1_184' title='bbox 296 2356 402 2411; x_wconf 88' lang='lat' dir='ltr'><strong>denarii</strong></span> <span class='ocrx_word' id='word_1_185' title='bbox 422 2374 464 2415; x_wconf 84' lang='lat' dir='ltr'><strong>xx</strong></span> <span class='ocrx_word' id='word_1_186' title='bbox 485 2356 549 2413; x_wconf 88' lang='lat' dir='ltr'><strong>milri</strong></span> <span class='ocrx_word' id='word_1_187' title='bbox 572 2355 712 2433; x_wconf 85' lang='lat' dir='ltr'><strong>darentur,</strong></span> <span class='ocrx_word' id='word_1_188' title='bbox 734 2358 825 2413; x_wconf 89' lang='lat' dir='ltr'><strong>ineos</strong></span> <span class='ocrx_word' id='word_1_189' title='bbox 842 2373 908 2413; x_wconf 85' lang='lat' dir='ltr'><strong>uero</strong></span> <span class='ocrx_word' id='word_1_190' title='bbox 932 2357 1069 2428; x_wconf 90' lang='lat' dir='ltr'><strong>singulos,</strong></span> <span class='ocrx_word' id='word_1_191' title='bbox 1091 2356 1137 2430; x_wconf 91' lang='lat' dir='ltr'><strong>qui</strong></span> 
     </span>
     <span class='ocr_line' id='line_1_23' title="bbox 173 2439 1136 2514; baseline -0.002 -16"><span class='ocrx_word' id='word_1_192' title='bbox 173 2442 256 2500; x_wconf 89' lang='lat' dir='ltr'><strong>occisi</strong></span> <span class='ocrx_word' id='word_1_193' title='bbox 279 2448 325 2497; x_wconf 90' lang='lat' dir='ltr'><strong>aut</strong></span> <span class='ocrx_word' id='word_1_194' title='bbox 347 2439 477 2497; x_wconf 86' lang='lat' dir='ltr'><strong>debilitati</strong></span> <span class='ocrx_word' id='word_1_195' title='bbox 501 2440 617 2512; x_wconf 86' lang='lat' dir='ltr'><strong>luerint,</strong></span> <span class='ocrx_word' id='word_1_196' title='bbox 641 2440 746 2498; x_wconf 84' lang='lat' dir='ltr'><strong>denarii</strong></span> <span class='ocrx_word' id='word_1_197' title='bbox 767 2441 845 2514; x_wconf 87' lang='lat' dir='ltr'><strong>mile,</strong></span> <span class='ocrx_word' id='word_1_198' title='bbox 868 2442 1020 2514; x_wconf 87' lang='lat' dir='ltr'><strong>quaeritur,</strong></span> <span class='ocrx_word' id='word_1_199' title='bbox 1046 2451 1136 2498; x_wconf 87' lang='lat' dir='ltr'><strong>utrum</strong></span> 
     </span>
     <span class='ocr_line' id='line_1_24' title="bbox 172 2525 1137 2603; baseline -0.003 -21"><span class='ocrx_word' id='word_1_200' title='bbox 172 2528 274 2603; x_wconf 89' lang='lat' dir='ltr'><strong>emptio</strong></span> <span class='ocrx_word' id='word_1_201' title='bbox 297 2534 325 2583; x_wconf 90' lang='lat' dir='ltr'><strong>et</strong></span> <span class='ocrx_word' id='word_1_202' title='bbox 347 2525 468 2583; x_wconf 90' lang='lat' dir='ltr'><strong>uenditio</strong></span> <span class='ocrx_word' id='word_1_203' title='bbox 491 2543 523 2582; x_wconf 91' lang='lat' dir='ltr'><strong>an</strong></span> <span class='ocrx_word' id='word_1_204' title='bbox 546 2526 646 2583; x_wconf 89' lang='lat' dir='ltr'><strong>locatio</strong></span> <span class='ocrx_word' id='word_1_205' title='bbox 669 2533 697 2582; x_wconf 90' lang='lat' dir='ltr'><strong>et</strong></span> <span class='ocrx_word' id='word_1_206' title='bbox 719 2526 866 2585; x_wconf 90' lang='lat' dir='ltr'><strong>conductio</strong></span> <span class='ocrx_word' id='word_1_207' title='bbox 890 2527 1081 2583; x_wconf 89' lang='lat' dir='ltr'><strong>contrahatur:</strong></span> <span class='ocrx_word' id='word_1_208' title='bbox 1110 2533 1137 2580; x_wconf 90' lang='lat' dir='ltr'><strong>et</strong></span> 
     </span>
     <span class='ocr_line' id='line_1_25' title="bbox 172 2611 1138 2689; baseline -0.003 -21"><span class='ocrx_word' id='word_1_209' title='bbox 172 2614 257 2689; x_wconf 87' lang='lat' dir='ltr'><strong>magis</strong></span> <span class='ocrx_word' id='word_1_210' title='bbox 284 2611 399 2687; x_wconf 91' lang='lat' dir='ltr'><strong>placuit,</strong></span> <span class='ocrx_word' id='word_1_211' title='bbox 430 2627 540 2683; x_wconf 88' lang='lat' dir='ltr'><strong>eorum,</strong></span> <span class='ocrx_word' id='word_1_212' title='bbox 570 2612 617 2685; x_wconf 87' lang='lat' dir='ltr'><strong>qui</strong></span> <span class='ocrx_word' id='word_1_213' title='bbox 644 2612 746 2685; x_wconf 79' lang='lat' dir='ltr'><strong>integri</strong></span> <span class='ocrx_word' id='word_1_214' title='bbox 768 2613 897 2683; x_wconf 83' lang='lat' dir='ltr'><strong>exierint,</strong></span> <span class='ocrx_word' id='word_1_215' title='bbox 925 2612 1088 2667; x_wconf 89' lang='lat' dir='ltr'><strong>locationem</strong></span> <span class='ocrx_word' id='word_1_216' title='bbox 1111 2618 1138 2665; x_wconf 89' lang='lat' dir='ltr'><strong>et</strong></span> 
     </span>
     <span class='ocr_line' id='line_1_26' title="bbox 171 2695 1139 2769; baseline -0.005 -15"><span class='ocrx_word' id='word_1_217' title='bbox 171 2697 380 2754; x_wconf 89' lang='lat' dir='ltr'><strong>conductionem</strong></span> <span class='ocrx_word' id='word_1_218' title='bbox 403 2704 566 2753; x_wconf 89' lang='lat' dir='ltr'><strong>contractam</strong></span> <span class='ocrx_word' id='word_1_219' title='bbox 591 2695 693 2765; x_wconf 86' lang='lat' dir='ltr'><strong>uideri,</strong></span> <span class='ocrx_word' id='word_1_220' title='bbox 721 2701 748 2751; x_wconf 86' lang='lat' dir='ltr'><strong>at</strong></span> <span class='ocrx_word' id='word_1_221' title='bbox 776 2713 888 2767; x_wconf 89' lang='lat' dir='ltr'><strong>eornm,</strong></span> <span class='ocrx_word' id='word_1_222' title='bbox 917 2696 963 2769; x_wconf 89' lang='lat' dir='ltr'><strong>qui</strong></span> <span class='ocrx_word' id='word_1_223' title='bbox 986 2697 1069 2753; x_wconf 91' lang='lat' dir='ltr'><strong>occisi</strong></span> <span class='ocrx_word' id='word_1_224' title='bbox 1092 2702 1139 2751; x_wconf 91' lang='lat' dir='ltr'><strong>aut</strong></span> 
     </span>
    </p>
   </div>
   <div class='ocr_carea' id='block_1_4' title="bbox 171 2836 1136 3469">
    <p class='ocr_par' dir='ltr' id='par_1_4' title="bbox 171 2836 1136 3469">
     <span class='ocr_line' id='line_1_27' title="bbox 171 2836 1136 2906; baseline -0.008 -14"><span class='ocrx_word' id='word_1_225' title='bbox 171 2845 259 2894; x_wconf 77' lang='lat' dir='ltr'><strong>tinctio</strong></span> <span class='ocrx_word' id='word_1_226' title='bbox 274 2838 373 2906; x_wconf 82' lang='lat' dir='ltr'><strong>quippe’</strong></span> <span class='ocrx_word' id='word_1_227' title='bbox 390 2841 435 2906; x_wconf 86' lang='lat' dir='ltr'><strong>(es.</strong></span> <span class='ocrx_word' id='word_1_228' title='bbox 451 2840 482 2888; x_wconf 85' lang='lat' dir='ltr'><strong>L.</strong></span> <span class='ocrx_word' id='word_1_229' title='bbox 498 2851 510 2889; x_wconf 86' lang='lat' dir='ltr'><strong>tr</strong></span> <span class='ocrx_word' id='word_1_230' title='bbox 522 2854 564 2902; x_wconf 82' lang='lat' dir='ltr'><strong>pr.</strong></span> <span class='ocrx_word' id='word_1_231' title='bbox 581 2836 774 2903; x_wconf 80' lang='lat' dir='ltr'><strong>D.loe.1a‚1):</strong></span> <span class='ocrx_word' id='word_1_232' title='bbox 790 2839 881 2903; x_wconf 80' lang='lat' dir='ltr'><strong>quibua</strong></span> <span class='ocrx_word' id='word_1_233' title='bbox 895 2840 997 2889; x_wconf 80' lang='lat' dir='ltr'><strong>amieria</strong></span> <span class='ocrx_word' id='word_1_234' title='bbox 1011 2837 1136 2887; x_wconf 85' lang='lat' dir='ltr'><strong>librarius</strong></span> 
     </span>
     <span class='ocr_line' id='line_1_28' title="bbox 171 2906 1135 2977; baseline -0.008 -14"><span class='ocrx_word' id='word_1_235' title='bbox 171 2923 250 2963; x_wconf 86' lang='lat' dir='ltr'><strong>autem</strong></span> <span class='ocrx_word' id='word_1_236' title='bbox 266 2914 363 2976; x_wconf 81' lang='lat' dir='ltr'><strong>posuit.</strong></span> <span class='ocrx_word' id='word_1_237' title='bbox 438 2906 459 2977; x_wconf 95' lang='lat'><strong>¹)</strong></span> <span class='ocrx_word' id='word_1_238' title='bbox 479 2909 553 2958; x_wconf 85' lang='lat' dir='ltr'><strong>Ilaec</strong></span> <span class='ocrx_word' id='word_1_239' title='bbox 573 2924 641 2957; x_wconf 84' lang='lat' dir='ltr'><strong>nune</strong></span> <span class='ocrx_word' id='word_1_240' title='bbox 661 2916 688 2958; x_wconf 87' lang='lat' dir='ltr'><strong>ut</strong></span> <span class='ocrx_word' id='word_1_241' title='bbox 706 2910 803 2959; x_wconf 79' lang='lat' dir='ltr'><strong>similia</strong></span> <span class='ocrx_word' id='word_1_242' title='bbox 818 2912 931 2975; x_wconf 84' lang='lat' dir='ltr'><strong>periisse</strong></span> <span class='ocrx_word' id='word_1_243' title='bbox 947 2910 1061 2972; x_wconf 73' lang='lat' dir='ltr'><strong>fortasse</strong></span> <span class='ocrx_word' id='word_1_244' title='bbox 1079 2922 1135 2956; x_wconf 84' lang='lat' dir='ltr'><strong>rum</strong></span> 
     </span>
     <span class='ocr_line' id='line_1_29' title="bbox 172 2977 1133 3048; baseline -0.01 -15"><span class='ocrx_word' id='word_1_245' title='bbox 172 2986 233 3033; x_wconf 84' lang='lat' dir='ltr'><strong>aliia</strong></span> <span class='ocrx_word' id='word_1_246' title='bbox 249 2982 326 3047; x_wconf 81' lang='lat' dir='ltr'><strong>(puto</strong></span> <span class='ocrx_word' id='word_1_247' title='bbox 341 2989 419 3032; x_wconf 82' lang='lat' dir='ltr'><strong>antea</strong></span> <span class='ocrx_word' id='word_1_248' title='bbox 435 2977 502 3029; x_wconf 82' lang='lat' dir='ltr'><strong>‘siue</strong></span> <span class='ocrx_word' id='word_1_249' title='bbox 516 2994 603 3028; x_wconf 86' lang='lat' dir='ltr'><strong>rerum</strong></span> <span class='ocrx_word' id='word_1_250' title='bbox 618 2981 674 3027; x_wconf 81' lang='lat' dir='ltr'><strong>ciue</strong></span> <span class='ocrx_word' id='word_1_251' title='bbox 689 2978 853 3048; x_wconf 83' lang='lat' dir='ltr'><strong>operarum&#39;)</strong></span> <span class='ocrx_word' id='word_1_252' title='bbox 872 2984 968 3032; x_wconf 82' lang='lat' dir='ltr'><strong>collato</strong></span> <span class='ocrx_word' id='word_1_253' title='bbox 986 2982 1009 3041; x_wconf 68' lang='grc' dir='ltr'><strong>ἓ,</strong></span> <span class='ocrx_word' id='word_1_254' title='bbox 1025 2990 1072 3028; x_wconf 78' lang='grc'>148.</span> <span class='ocrx_word' id='word_1_255' title='bbox 1088 2987 1133 3028; x_wconf 77' lang='grc'>156.</span> 
     </span>
     <span class='ocr_line' id='line_1_30' title="bbox 172 3046 1135 3115; baseline -0.008 -12"><span class='ocrx_word' id='word_1_256' title='bbox 172 3062 285 3103; x_wconf 83' lang='lat' dir='ltr'><strong>statuere</strong></span> <span class='ocrx_word' id='word_1_257' title='bbox 300 3054 388 3110; x_wconf 83' lang='lat' dir='ltr'><strong>malai,</strong></span> <span class='ocrx_word' id='word_1_258' title='bbox 402 3066 478 3115; x_wconf 86' lang='lat' dir='ltr'><strong>quam</strong></span> <span class='ocrx_word' id='word_1_259' title='bbox 487 3051 557 3114; x_wconf 86' lang='lat' dir='ltr'><strong>quod</strong></span> <span class='ocrx_word' id='word_1_260' title='bbox 566 3046 672 3098; x_wconf 80' lang='lat' dir='ltr'><strong>‘Gaius&#39;</strong></span> <span class='ocrx_word' id='word_1_261' title='bbox 684 3065 711 3113; x_wconf 81' lang='lat' dir='ltr'><strong>p.</strong></span> <span class='ocrx_word' id='word_1_262' title='bbox 721 3063 757 3102; x_wconf 76' lang='grc'><strong>55.</strong></span> <span class='ocrx_word' id='word_1_263' title='bbox 776 3067 918 3111; x_wconf 82' lang='lat' dir='ltr'><strong>suaseram,</strong></span> <span class='ocrx_word' id='word_1_264' title='bbox 928 3058 1019 3102; x_wconf 85' lang='lat' dir='ltr'><strong>contra</strong></span> <span class='ocrx_word' id='word_1_265' title='bbox 1031 3048 1056 3097; x_wconf 83' lang='lat'><strong>0.</strong></span> <span class='ocrx_word' id='word_1_266' title='bbox 1076 3062 1135 3096; x_wconf 89' lang='lat' dir='ltr'><strong>con·</strong></span> 
     </span>
     <span class='ocr_line' id='line_1_31' title="bbox 172 3117 1134 3189; baseline -0.007 -16"><span class='ocrx_word' id='word_1_267' title='bbox 172 3125 281 3173; x_wconf 87' lang='lat' dir='ltr'><strong>stituitur</strong></span> <span class='ocrx_word' id='word_1_268' title='bbox 296 3125 380 3187; x_wconf 78' lang='lat' dir='ltr'><strong>legere</strong></span> <span class='ocrx_word' id='word_1_269' title='bbox 395 3121 434 3186; x_wconf 88' lang='lat' dir='ltr'><strong>(ut</strong></span> <span class='ocrx_word' id='word_1_270' title='bbox 448 3136 517 3170; x_wconf 83' lang='lat' dir='ltr'><strong>nunc</strong></span> <span class='ocrx_word' id='word_1_271' title='bbox 527 3122 566 3170; x_wconf 86' lang='lat' dir='ltr'><strong>ed.</strong></span> <span class='ocrx_word' id='word_1_272' title='bbox 578 3119 626 3169; x_wconf 86' lang='lat' dir='ltr'><strong>It&#39;r.</strong></span> <span class='ocrx_word' id='word_1_273' title='bbox 642 3122 673 3185; x_wconf 79' lang='lat'><strong>2).</strong></span> <span class='ocrx_word' id='word_1_274' title='bbox 700 3121 738 3178; x_wconf 80' lang='lat' dir='ltr'><strong>Cf.</strong></span> <span class='ocrx_word' id='word_1_275' title='bbox 754 3123 776 3183; x_wconf 69' lang='grc' dir='ltr'><strong>ξ.</strong></span> <span class='ocrx_word' id='word_1_276' title='bbox 793 3135 840 3174; x_wconf 79' lang='lat'>115.</span> <span class='ocrx_word' id='word_1_277' title='bbox 899 3119 920 3189; x_wconf 86' lang='lat'><strong>²)</strong></span> <span class='ocrx_word' id='word_1_278' title='bbox 930 3122 1019 3172; x_wconf 78' lang='lat' dir='ltr'><strong>diatim</strong></span> <span class='ocrx_word' id='word_1_279' title='bbox 1030 3117 1134 3182; x_wconf 75' lang='lat' dir='ltr'><strong>ende(m)</strong></span> 
     </span>
     <span class='ocr_line' id='line_1_32' title="bbox 173 3190 1135 3261; baseline -0.004 -18"><span class='ocrx_word' id='word_1_280' title='bbox 173 3193 241 3261; x_wconf 61' lang='lat' dir='ltr'><strong>educ)</strong></span> <span class='ocrx_word' id='word_1_281' title='bbox 251 3193 280 3241; x_wconf 90' lang='lat' dir='ltr'><strong>de</strong></span> <span class='ocrx_word' id='word_1_282' title='bbox 291 3194 351 3242; x_wconf 87' lang='lat' dir='ltr'><strong>iicet</strong></span> <span class='ocrx_word' id='word_1_283' title='bbox 360 3193 480 3241; x_wconf 83' lang='lat' dir='ltr'><strong>similiter</strong></span> <span class='ocrx_word' id='word_1_284' title='bbox 491 3194 518 3240; x_wconf 85' lang='lat' dir='ltr'><strong>in</strong></span> <span class='ocrx_word' id='word_1_285' title='bbox 529 3191 593 3241; x_wconf 85' lang='lat' dir='ltr'><strong>Inat.</strong></span> <span class='ocrx_word' id='word_1_286' title='bbox 603 3194 714 3257; x_wconf 77' lang='lat' dir='ltr'><strong>legatur.</strong></span> <span class='ocrx_word' id='word_1_287' title='bbox 767 3190 785 3255; x_wconf 70' lang='grc'><strong>3)</strong></span> <span class='ocrx_word' id='word_1_288' title='bbox 799 3203 811 3241; x_wconf 86' lang='lat' dir='ltr'><strong>n</strong></span> <span class='ocrx_word' id='word_1_289' title='bbox 825 3194 850 3243; x_wconf 65' lang='grc' dir='ltr'>(ἲ.</span> <span class='ocrx_word' id='word_1_290' title='bbox 858 3211 909 3258; x_wconf 88' lang='lat' dir='ltr'><strong>pro</strong></span> <span class='ocrx_word' id='word_1_291' title='bbox 918 3196 941 3245; x_wconf 93' lang='lat' dir='ltr'><strong>it.</strong></span> <span class='ocrx_word' id='word_1_292' title='bbox 951 3196 985 3257; x_wconf 71' lang='grc' dir='ltr'><strong>ς).</strong></span> <span class='ocrx_word' id='word_1_293' title='bbox 995 3192 1135 3243; x_wconf 85' lang='lat' dir='ltr'><strong>Poienoar.</strong></span> 
     </span>
     <span class='ocr_line' id='line_1_33' title="bbox 173 3261 1135 3330; baseline -0.004 -17"><span class='ocrx_word' id='word_1_294' title='bbox 173 3262 196 3330; x_wconf 84' lang='lat'><strong>⁴)</strong></span> <span class='ocrx_word' id='word_1_295' title='bbox 211 3264 235 3313; x_wconf 89' lang='lat' dir='ltr'><strong>id</strong></span> <span class='ocrx_word' id='word_1_296' title='bbox 250 3261 313 3330; x_wconf 86' lang='lat' dir='ltr'><strong>(pro</strong></span> <span class='ocrx_word' id='word_1_297' title='bbox 328 3265 396 3328; x_wconf 78' lang='lat' dir='ltr'><strong>alpia</strong></span> <span class='ocrx_word' id='word_1_298' title='bbox 411 3263 591 3325; x_wconf 83' lang='lat' dir='ltr'><strong>accipiendum</strong></span> <span class='ocrx_word' id='word_1_299' title='bbox 607 3270 634 3310; x_wconf 88' lang='lat' dir='ltr'><strong>ut</strong></span> <span class='ocrx_word' id='word_1_300' title='bbox 648 3275 668 3323; x_wconf 81' lang='lat' dir='ltr'><strong>a,</strong></span> <span class='ocrx_word' id='word_1_301' title='bbox 683 3275 731 3313; x_wconf 75' lang='lat'>129.</span> <span class='ocrx_word' id='word_1_302' title='bbox 747 3275 808 3325; x_wconf 81' lang='lat' dir='ltr'><strong>1ao.;</strong></span> <span class='ocrx_word' id='word_1_303' title='bbox 825 3262 929 3314; x_wconf 76' lang='lat' dir='ltr'><strong>‘Gaius’</strong></span> <span class='ocrx_word' id='word_1_304' title='bbox 943 3282 971 3328; x_wconf 84' lang='lat' dir='ltr'><strong>p.</strong></span> <span class='ocrx_word' id='word_1_305' title='bbox 983 3262 1020 3330; x_wconf 79' lang='lat'><strong>96)</strong></span> <span class='ocrx_word' id='word_1_306' title='bbox 1037 3264 1062 3314; x_wconf 83' lang='lat' dir='ltr'><strong>C.</strong></span> <span class='ocrx_word' id='word_1_307' title='bbox 1078 3262 1135 3312; x_wconf 83' lang='lat' dir='ltr'><strong>edd.</strong></span> 
     </span>
     <span class='ocr_line' id='line_1_34' title="bbox 174 3332 1135 3402; baseline -0.003 -17"><span class='ocrx_word' id='word_1_308' title='bbox 174 3335 212 3397; x_wconf 79' lang='lat' dir='ltr'><strong>Cf.</strong></span> <span class='ocrx_word' id='word_1_309' title='bbox 223 3346 244 3395; x_wconf 80' lang='lat'><strong>1,</strong></span> <span class='ocrx_word' id='word_1_310' title='bbox 255 3345 289 3385; x_wconf 78' lang='grc'><strong>18.</strong></span> <span class='ocrx_word' id='word_1_311' title='bbox 304 3341 328 3382; x_wconf 86' lang='lat' dir='ltr'><strong>ei</strong></span> <span class='ocrx_word' id='word_1_312' title='bbox 344 3349 387 3397; x_wconf 90' lang='lat' dir='ltr'><strong>pro</strong></span> <span class='ocrx_word' id='word_1_313' title='bbox 403 3333 450 3382; x_wconf 90' lang='lat' dir='ltr'><strong>illis</strong></span> <span class='ocrx_word' id='word_1_314' title='bbox 466 3336 492 3382; x_wconf 85' lang='lat' dir='ltr'><strong>iu</strong></span> <span class='ocrx_word' id='word_1_315' title='bbox 508 3332 539 3381; x_wconf 86' lang='lat' dir='ltr'><strong>L.</strong></span> <span class='ocrx_word' id='word_1_316' title='bbox 551 3344 562 3383; x_wconf 93' lang='lat'>1</span> <span class='ocrx_word' id='word_1_317' title='bbox 574 3349 617 3396; x_wconf 85' lang='lat' dir='ltr'><strong>pr.</strong></span> <span class='ocrx_word' id='word_1_318' title='bbox 629 3333 661 3382; x_wconf 88' lang='lat' dir='ltr'><strong>D.</strong></span> <span class='ocrx_word' id='word_1_319' title='bbox 671 3336 696 3382; x_wconf 82' lang='lat' dir='ltr'><strong>si</strong></span> <span class='ocrx_word' id='word_1_320' title='bbox 711 3350 776 3399; x_wconf 76' lang='lat' dir='ltr'><strong>ager</strong></span> <span class='ocrx_word' id='word_1_321' title='bbox 785 3343 848 3384; x_wconf 81' lang='lat' dir='ltr'><strong>vect.</strong></span> <span class='ocrx_word' id='word_1_322' title='bbox 860 3335 892 3400; x_wconf 81' lang='lat' dir='ltr'><strong>(o,</strong></span> <span class='ocrx_word' id='word_1_323' title='bbox 902 3334 934 3400; x_wconf 84' lang='lat' dir='ltr'><strong>a).</strong></span> <span class='ocrx_word' id='word_1_324' title='bbox 951 3332 1001 3402; x_wconf 91' lang='lat' dir='ltr'><strong>[id]</strong></span> <span class='ocrx_word' id='word_1_325' title='bbox 1012 3336 1051 3384; x_wconf 79' lang='lat' dir='ltr'><strong>erl.</strong></span> <span class='ocrx_word' id='word_1_326' title='bbox 1062 3333 1135 3384; x_wconf 84' lang='lat' dir='ltr'><strong>Stud.</strong></span> 
     </span>
     <span class='ocr_line' id='line_1_35' title="bbox 172 3404 462 3469; baseline -0.003 -14"><span class='ocrx_word' id='word_1_327' title='bbox 172 3404 194 3468; x_wconf 81' lang='lat'><strong>⁶)</strong></span> <span class='ocrx_word' id='word_1_328' title='bbox 209 3406 332 3469; x_wconf 88' lang='lat' dir='ltr'><strong>quaeritur</strong></span> <span class='ocrx_word' id='word_1_329' title='bbox 346 3406 420 3454; x_wconf 84' lang='lat' dir='ltr'><strong>addit</strong></span> <span class='ocrx_word' id='word_1_330' title='bbox 437 3405 462 3454; x_wconf 88' lang='lat' dir='ltr'><strong>C.</strong></span> 
     </span>
    </p>
   </div>
   <div class='ocr_carea' id='block_1_5' title="bbox 167 3526 1136 3954">
    <p class='ocr_par' dir='ltr' id='par_1_5' title="bbox 167 3526 1136 3954">
     <span class='ocr_line' id='line_1_36' title="bbox 242 3526 1135 3598; baseline -0.004 -18"><span class='ocrx_word' id='word_1_331' title='bbox 242 3527 267 3598; x_wconf 61' lang='grc' dir='ltr'><strong>ᾖ.</strong></span> <span class='ocrx_word' id='word_1_332' title='bbox 285 3532 344 3580; x_wconf 73' lang='lat'>142.</span> <span class='ocrx_word' id='word_1_333' title='bbox 371 3530 408 3592; x_wconf 75' lang='lat' dir='ltr'><strong>ss.</strong></span> <span class='ocrx_word' id='word_1_334' title='bbox 425 3529 456 3577; x_wconf 82' lang='lat' dir='ltr'><strong>L.</strong></span> <span class='ocrx_word' id='word_1_335' title='bbox 472 3540 484 3578; x_wconf 82' lang='lat' dir='ltr'><strong>a</strong></span> <span class='ocrx_word' id='word_1_336' title='bbox 499 3544 542 3592; x_wconf 81' lang='lat' dir='ltr'><strong>pr.</strong></span> <span class='ocrx_word' id='word_1_337' title='bbox 560 3528 592 3576; x_wconf 85' lang='grc' dir='ltr'>Ι).</span> <span class='ocrx_word' id='word_1_338' title='bbox 611 3532 658 3580; x_wconf 88' lang='lat' dir='ltr'><strong>tae.</strong></span> <span class='ocrx_word' id='word_1_339' title='bbox 673 3528 723 3595; x_wconf 82' lang='lat' dir='ltr'><strong>(tn,</strong></span> <span class='ocrx_word' id='word_1_340' title='bbox 738 3528 770 3593; x_wconf 71' lang='grc' dir='ltr'><strong>ε).</strong></span> <span class='ocrx_word' id='word_1_341' title='bbox 794 3530 840 3578; x_wconf 78' lang='lat' dir='ltr'><strong>Pr.</strong></span> <span class='ocrx_word' id='word_1_342' title='bbox 857 3529 878 3580; x_wconf 90' lang='grc' dir='ltr'>Ι.</span> <span class='ocrx_word' id='word_1_343' title='bbox 893 3531 925 3579; x_wconf 86' lang='lat' dir='ltr'><strong>de</strong></span> <span class='ocrx_word' id='word_1_344' title='bbox 939 3531 1016 3580; x_wconf 84' lang='lat' dir='ltr'><strong>locat.</strong></span> <span class='ocrx_word' id='word_1_345' title='bbox 1033 3529 1070 3594; x_wconf 86' lang='lat' dir='ltr'><strong>(o,</strong></span> <span class='ocrx_word' id='word_1_346' title='bbox 1089 3526 1135 3592; x_wconf 81' lang='lat' dir='ltr'><strong>ea).</strong></span> 
     </span>
     <span class='ocr_line' id='line_1_37' title="bbox 170 3597 1136 3671; baseline -0.005 -19"><span class='ocrx_word' id='word_1_347' title='bbox 170 3597 196 3671; x_wconf 68' lang='grc' dir='ltr'><strong>ξ.</strong></span> <span class='ocrx_word' id='word_1_348' title='bbox 218 3605 277 3652; x_wconf 79' lang='grc'>143.</span> <span class='ocrx_word' id='word_1_349' title='bbox 304 3602 341 3663; x_wconf 78' lang='lat' dir='ltr'><strong>Cf.</strong></span> <span class='ocrx_word' id='word_1_350' title='bbox 362 3603 385 3662; x_wconf 65' lang='grc' dir='ltr'><strong>θ.</strong></span> <span class='ocrx_word' id='word_1_351' title='bbox 406 3614 426 3651; x_wconf 89' lang='lat'><strong>1.</strong></span> <span class='ocrx_word' id='word_1_352' title='bbox 452 3599 527 3649; x_wconf 80' lang='lat' dir='ltr'><strong>Lib.</strong></span> <span class='ocrx_word' id='word_1_353' title='bbox 547 3600 579 3650; x_wconf 84' lang='lat' dir='ltr'><strong>L.</strong></span> <span class='ocrx_word' id='word_1_354' title='bbox 598 3612 625 3652; x_wconf 75' lang='lat' dir='ltr'><strong>aa</strong></span> <span class='ocrx_word' id='word_1_355' title='bbox 639 3617 683 3664; x_wconf 81' lang='lat' dir='ltr'><strong>pr.</strong></span> <span class='ocrx_word' id='word_1_356' title='bbox 705 3601 736 3649; x_wconf 84' lang='grc' dir='ltr'>Ι).</span> <span class='ocrx_word' id='word_1_357' title='bbox 756 3603 805 3649; x_wconf 84' lang='lat' dir='ltr'><strong>loe.</strong></span> <span class='ocrx_word' id='word_1_358' title='bbox 824 3599 873 3664; x_wconf 81' lang='lat' dir='ltr'><strong>(aa,</strong></span> <span class='ocrx_word' id='word_1_359' title='bbox 892 3602 923 3662; x_wconf 81' lang='lat' dir='ltr'><strong>a).</strong></span> <span class='ocrx_word' id='word_1_360' title='bbox 948 3600 979 3648; x_wconf 85' lang='lat' dir='ltr'><strong>L.</strong></span> <span class='ocrx_word' id='word_1_361' title='bbox 999 3613 1032 3650; x_wconf 79' lang='lat' dir='ltr'><strong>ee.</strong></span> <span class='ocrx_word' id='word_1_362' title='bbox 1058 3601 1088 3648; x_wconf 87' lang='lat' dir='ltr'><strong>D.</strong></span> <span class='ocrx_word' id='word_1_363' title='bbox 1104 3600 1136 3647; x_wconf 82' lang='lat' dir='ltr'><strong>de</strong></span> 
     </span>
     <span class='ocr_line' id='line_1_38' title="bbox 167 3667 1136 3739; baseline -0.004 -16"><span class='ocrx_word' id='word_1_364' title='bbox 167 3689 287 3739; x_wconf 82' lang='lat' dir='ltr'><strong>praescr.</strong></span> <span class='ocrx_word' id='word_1_365' title='bbox 303 3671 371 3722; x_wconf 82' lang='lat' dir='ltr'><strong>verb.</strong></span> <span class='ocrx_word' id='word_1_366' title='bbox 388 3670 433 3735; x_wconf 77' lang='lat'><strong>(19,</strong></span> <span class='ocrx_word' id='word_1_367' title='bbox 448 3672 479 3729; x_wconf 90' lang='grc'><strong>5).</strong></span> <span class='ocrx_word' id='word_1_368' title='bbox 545 3667 570 3739; x_wconf 64' lang='grc' dir='ltr'><strong>ξ.</strong></span> <span class='ocrx_word' id='word_1_369' title='bbox 588 3675 646 3723; x_wconf 79' lang='lat' dir='ltr'><strong>ttt.</strong></span> <span class='ocrx_word' id='word_1_370' title='bbox 669 3672 706 3733; x_wconf 70' lang='grc' dir='ltr'>(Υ.</span> <span class='ocrx_word' id='word_1_371' title='bbox 722 3673 745 3732; x_wconf 70' lang='lat'><strong>§-</strong></span> <span class='ocrx_word' id='word_1_372' title='bbox 761 3683 781 3721; x_wconf 78' lang='lat'><strong>2.</strong></span> <span class='ocrx_word' id='word_1_373' title='bbox 801 3670 822 3722; x_wconf 90' lang='lat' dir='ltr'><strong>I.</strong></span> <span class='ocrx_word' id='word_1_374' title='bbox 837 3671 869 3720; x_wconf 81' lang='lat' dir='ltr'><strong>ib.</strong></span> <span class='ocrx_word' id='word_1_375' title='bbox 887 3671 917 3719; x_wconf 80' lang='lat' dir='ltr'><strong>L.</strong></span> <span class='ocrx_word' id='word_1_376' title='bbox 933 3684 966 3723; x_wconf 87' lang='lat' dir='ltr'><strong>tr.</strong></span> <span class='ocrx_word' id='word_1_377' title='bbox 982 3674 1005 3734; x_wconf 65' lang='grc' dir='ltr'><strong>ἓ.</strong></span> <span class='ocrx_word' id='word_1_378' title='bbox 1021 3682 1041 3722; x_wconf 79' lang='grc'><strong>3.</strong></span> <span class='ocrx_word' id='word_1_379' title='bbox 1057 3672 1089 3719; x_wconf 83' lang='grc' dir='ltr'>Ι).</span> <span class='ocrx_word' id='word_1_380' title='bbox 1105 3671 1136 3719; x_wconf 84' lang='lat' dir='ltr'><strong>de</strong></span> 
     </span>
     <span class='ocr_line' id='line_1_39' title="bbox 168 3741 1135 3813; baseline -0.008 -17"><span class='ocrx_word' id='word_1_381' title='bbox 168 3760 288 3809; x_wconf 82' lang='lat' dir='ltr'><strong>praescr.</strong></span> <span class='ocrx_word' id='word_1_382' title='bbox 304 3742 432 3807; x_wconf 83' lang='lat' dir='ltr'><strong>uerb.(1tt,</strong></span> <span class='ocrx_word' id='word_1_383' title='bbox 447 3741 478 3807; x_wconf 92' lang='grc'><strong>5).</strong></span> <span class='ocrx_word' id='word_1_384' title='bbox 543 3742 569 3813; x_wconf 69' lang='lat'><strong>§-</strong></span> <span class='ocrx_word' id='word_1_385' title='bbox 586 3745 645 3795; x_wconf 80' lang='lat'>145.</span> <span class='ocrx_word' id='word_1_386' title='bbox 665 3745 688 3804; x_wconf 67' lang='grc' dir='ltr'><strong>ξ.</strong></span> <span class='ocrx_word' id='word_1_387' title='bbox 699 3753 720 3793; x_wconf 77' lang='lat' dir='ltr'><strong>a.</strong></span> <span class='ocrx_word' id='word_1_388' title='bbox 740 3741 761 3789; x_wconf 81' lang='lat' dir='ltr'><strong>t.</strong></span> <span class='ocrx_word' id='word_1_389' title='bbox 778 3741 810 3789; x_wconf 79' lang='lat' dir='ltr'><strong>ila.</strong></span> <span class='ocrx_word' id='word_1_390' title='bbox 832 3742 870 3804; x_wconf 76' lang='lat' dir='ltr'><strong>Cf.</strong></span> <span class='ocrx_word' id='word_1_391' title='bbox 882 3741 913 3793; x_wconf 85' lang='lat' dir='ltr'><strong>L.</strong></span> <span class='ocrx_word' id='word_1_392' title='bbox 925 3754 943 3792; x_wconf 80' lang='lat' dir='ltr'><strong>e.</strong></span> <span class='ocrx_word' id='word_1_393' title='bbox 960 3745 984 3803; x_wconf 68' lang='grc' dir='ltr'>ξ.</span> <span class='ocrx_word' id='word_1_394' title='bbox 1001 3757 1020 3794; x_wconf 92' lang='lat'><strong>1.</strong></span> <span class='ocrx_word' id='word_1_395' title='bbox 1042 3742 1072 3793; x_wconf 82' lang='lat'><strong>1).</strong></span> <span class='ocrx_word' id='word_1_396' title='bbox 1087 3744 1135 3790; x_wconf 85' lang='lat' dir='ltr'><strong>loe.</strong></span> 
     </span>
     <span class='ocr_line' id='line_1_40' title="bbox 170 3811 1135 3883; baseline -0.01 -15"><span class='ocrx_word' id='word_1_397' title='bbox 170 3816 215 3882; x_wconf 80' lang='lat' dir='ltr'><strong>(tt,</strong></span> <span class='ocrx_word' id='word_1_398' title='bbox 229 3816 262 3881; x_wconf 83' lang='lat'><strong>1).</strong></span> <span class='ocrx_word' id='word_1_399' title='bbox 285 3815 381 3866; x_wconf 81' lang='lat' dir='ltr'><strong>Gruter</strong></span> <span class='ocrx_word' id='word_1_400' title='bbox 395 3826 442 3874; x_wconf 78' lang='lat'><strong>801,</strong></span> <span class='ocrx_word' id='word_1_401' title='bbox 458 3826 478 3864; x_wconf 89' lang='grc'><strong>5.</strong></span> <span class='ocrx_word' id='word_1_402' title='bbox 552 3811 576 3883; x_wconf 57' lang='grc' dir='ltr'><strong>ἦ.</strong></span> <span class='ocrx_word' id='word_1_403' title='bbox 594 3817 653 3865; x_wconf 81' lang='lat' dir='ltr'><strong>tto.</strong></span> <span class='ocrx_word' id='word_1_404' title='bbox 675 3813 713 3876; x_wconf 84' lang='lat' dir='ltr'><strong>Cs.</strong></span> <span class='ocrx_word' id='word_1_405' title='bbox 730 3811 782 3863; x_wconf 83' lang='lat' dir='ltr'><strong>Cic.</strong></span> <span class='ocrx_word' id='word_1_406' title='bbox 798 3812 834 3860; x_wconf 82' lang='lat' dir='ltr'><strong>eni</strong></span> <span class='ocrx_word' id='word_1_407' title='bbox 848 3812 926 3862; x_wconf 76' lang='lat' dir='ltr'><strong>Arete.</strong></span> <span class='ocrx_word' id='word_1_408' title='bbox 941 3825 966 3874; x_wconf 83' lang='lat'><strong>⁴,</strong></span> <span class='ocrx_word' id='word_1_409' title='bbox 981 3826 1006 3864; x_wconf 79' lang='lat' dir='ltr'><strong>to</strong></span> <span class='ocrx_word' id='word_1_410' title='bbox 1018 3815 1064 3875; x_wconf 85' lang='lat' dir='ltr'><strong>fin.</strong></span> <span class='ocrx_word' id='word_1_411' title='bbox 1089 3826 1135 3861; x_wconf 91' lang='lat' dir='ltr'><strong>non</strong></span> 
     </span>
     <span class='ocr_line' id='line_1_41' title="bbox 169 3881 778 3954; baseline -0.013 -16"><span class='ocrx_word' id='word_1_412' title='bbox 169 3889 291 3939; x_wconf 86' lang='lat' dir='ltr'><strong>dubitatur</strong></span> <span class='ocrx_word' id='word_1_413' title='bbox 304 3883 366 3954; x_wconf 77' lang='lat' dir='ltr'><strong>etc]</strong></span> <span class='ocrx_word' id='word_1_414' title='bbox 382 3887 417 3950; x_wconf 85' lang='lat' dir='ltr'><strong>es.</strong></span> <span class='ocrx_word' id='word_1_415' title='bbox 435 3885 464 3934; x_wconf 76' lang='lat' dir='ltr'><strong>It·</strong></span> <span class='ocrx_word' id='word_1_416' title='bbox 480 3896 507 3935; x_wconf 77' lang='lat'><strong>20</strong></span> <span class='ocrx_word' id='word_1_417' title='bbox 518 3903 560 3951; x_wconf 82' lang='lat' dir='ltr'><strong>pr.</strong></span> <span class='ocrx_word' id='word_1_418' title='bbox 576 3888 608 3936; x_wconf 86' lang='lat' dir='ltr'><strong>D.</strong></span> <span class='ocrx_word' id='word_1_419' title='bbox 624 3888 671 3936; x_wconf 90' lang='lat' dir='ltr'><strong>loe.</strong></span> <span class='ocrx_word' id='word_1_420' title='bbox 687 3881 778 3950; x_wconf 67' lang='grc'>(19.5).</span> 
     </span>
    </p>
   </div>
   <div class='ocr_carea' id='block_1_6' title="bbox 0 0 1194 4386">
    <p class='ocr_par' dir='ltr' id='par_1_6' title="bbox 0 0 1194 4386">
     <span class='ocr_line' id='line_1_42' title="bbox 0 0 1194 4386; baseline 0 0"><span class='ocrx_word' id='word_1_421' title='bbox 0 0 1194 4386; x_wconf 95' lang='lat' dir='ltr'><strong> </strong></span> 
     </span>
    </p>
   </div>
  </div>
 </body>
</html>
