2376 4312
111 508 172 572 846
246 526 739 567 rnr.cmrsn.1vnnc.consvnrssno.
761 514 795 569 V.
812 515 921 572 'i-VI.
938 523 962 571 2.

156 667 208 713 ter
230 666 345 714 cetero
367 667 400 713 et
422 657 459 713 sd
475 657 601 715 locum:
623 658 654 716 Si
672 671 758 718 tutor
774 664 823 721 uel
841 666 1072 741 curatorpluspe

155 744 237 810 tierit,
253 756 332 797 causa
347 741 426 799 cedit.
463 739 539 809 Quod
554 757 616 798 cum
637 743 748 801 iactum
773 763 841 804 esse
858 748 1073 821 dicacitatem

154 825 232 881 nobis
247 823 393 880 remedium
408 827 529 897 quaeris:
546 827 609 899 quis
626 835 654 883 te
670 831 748 886 ratio
764 833 839 888 iuris
861 834 1017 908 impugnat.
1039 833 1073 890 Pi.

152 907 193 963 lv.
210 908 246 963 io.
264 906 399 964 decembr.
415 908 576 979 Nicomedia,
591 911 761 969 Constantio
779 923 810 971 et
827 913 952 974 blasima
966 913 1045 975 σου]

193 988 220 1049 7.
243 990 323 1047 'ltem
338 991 435 1048 eodem
449 1009 565 1067 corpore
580 1002 608 1048 et
624 999 684 1052 tit:

152 1070 253 1132 lidem²
265 1078 320 1132 nt.
336 1083 364 1133 et
378 1076 428 1132 CC.
443 1075 552 1133 Claudio
567 1075 725 1138 lleusndro.
759 1079 1002 1160 Quotiescunque
1019 1085 1073 1142 ordl-

153 1162 222 1216 ruatis
237 1159 388 1216 actionibus
403 1160 502 1234 aliquid
518 1161 630 1234 petitur,
645 1162 709 1218 ideo
720 1166 838 1237 petitor
857 1171 980 1244 cogitur
992 1172 1074 1244 specu

154 1245 217 1301 liter
232 1260 319 1318 genus
338 1243 392 1300 litis
414 1246 504 1314 cdere,
527 1260 561 1300 ne
576 1244 637 1317 plus
653 1244 761 1313 debito,
780 1258 903 1325 anteo,
925 1254 1002 1328 quod
1015 1269 1073 1310 corr

153 1332 231 1403 petit,
246 1328 410 1402 postuletur.
431 1330 494 1386 Siue
508 1330 598 1402 itaque
614 1326 882 1401 fideicommissum,
898 1338 965 1393 sius
982 1337 1073 1409 turdus,

153 1415 212 1469 siue
227 1430 289 1487 pers
305 1412 390 1482 tundi,
406 1414 464 1468 siue
479 1412 585 1482 domus,
601 1413 659 1468 siue
674 1429 740 1486 pers
753 1414 873 1481 domus,
889 1421 956 1477 siue
971 1420 1073 1477 debitum

154 1506 201 1553 aut
215 1496 395 1570 quodcunque
410 1504 527 1570 petatur,
542 1495 857 1572 specialiterdeslgnari
879 1501 969 1562 debet
984 1508 1074 1580 petitio

154 1583 195 1637 nis
218 1596 321 1637 summe
343 1580 386 1635 uel
410 1582 557 1653 quantitas,
571 1595 632 1636 cum
653 1596 744 1652 genus
762 1582 822 1639 lltis
841 1585 953 1643 editur.
985 1588 1075 1663 Siquis

153 1667 238 1738 igitur
258 1663 319 1737 plus
341 1657 410 1732 ’eo,³
430 1663 503 1737 quod
525 1665 549 1719 ei
573 1665 703 1736 competit
725 1665 773 1721 uel
798 1668 942 1740 debetur,
968 1675 1075 1746 petierit,
1110 1692 1112 1705 ·

152 1762 209 1803 rem
225 1755 252 1803 et
267 1763 382 1818 causam,
397 1748 430 1803 ds
446 1763 498 1821 qua
512 1749 611 1820 agitur,
623 1746 722 1821 perdit.
754 1746 822 1806 Plus
840 1750 952 1812 'enim⁴
974 1759 1076 1831 petitur,

152 1833 223 1889 siout
247 1833 383 1905 responsis
402 1831 565 1905 prudentum
585 1833 751 1899 continetur,
769 1850 897 1909 summa,
922 1838 998 1910 loco,
1020 1851 1076 1896 tem·

153 1932 236 1990 pore,
261 1931 354 1986 cause,
385 1915 527 1988 qualitate,
550 1910 764 1972 aestinrstlone.⁸
794 1916 878 1976 Unde
902 1914 1000 1980 'istius
1022 1924 1076 1997 lege

153 1993 298 2074 rescripti⁶
313 2001 404 2072 excipe
429 1997 609 2054 aduersarium
625 1996 695 2072 apud
710 1998 833 2058 iudicem
851 2015 1075 2083 competentem,

153 2101 233 2158 quem
256 2086 279 2139 si
299 2082 378 2139 luder
400 2081 461 2155 plus
488 2082 597 2155 petiisse
619 2085 798 2155 perspexerit,
815 2091 969 2148 exstinctis
983 2092 1076 2146 aduer-

153 2170 214 2223 sarii
238 2170 276 2223 tui
299 2163 489 2238 petitionibus,
517 2180 566 2237 pro
589 2164 708 2239 partibus
731 2168 787 2221 tuis
803 2175 981 2230 sententium
997 2173 1073 2231 dicet.

152 2250 203 2309 PP.
220 2249 325 2305 liedlol.
343 2248 393 2303 llll.
411 2246 463 2303 lrnl.
479 2248 593 2320 Aprilis,
608 2248 696 2305 l'usco
711 2257 739 2305 et
755 2250 892 2323 Aquilino
909 2249 1003 2314 coss.²

247 2329 298 2377 'llic
313 2329 416 2392 require,
431 2328 533 2392 qualiter
546 2330 646 2379 actionis
660 2329 734 2378 editio
748 2332 847 2393 pulssto
863 2335 933 2388 ilat·

194 2402 235 2459 vt.
256 2401 278 2461 l.
302 2400 428 2458 ‘luuonte
444 2401 495 2459 deo
511 2403 575 2476 quid
598 2405 707 2459 tracturi
721 2402 820 2461 debeat
842 2408 987 2468 aduersus
1003 2428 1113 2481 eumpse

111 2491 203 2564 quise
219 2486 345 2545 heredem
358 2487 423 2543 dicit
439 2487 561 2555 alieuius,
582 2495 628 2541 sut
642 2485 673 2541 nd
688 2502 719 2541 se
739 2487 924 2549 hereditatem
940 2512 1073 2568 personae

110 2573 254 2630 cuiuslibet
277 2573 400 2628 aestimat
428 2586 508 2644 posse
529 2564 740 2644 competerei'⁹
782 2567 812 2631 2.
836 2570 872 2630 Et
901 2576 972 2635 dum
996 2596 1073 2655 spere

185 2732 304 2799 ¹)o.tst.
376 2726 687 2795 Uidemeodcmcorpors
707 2737 730 2777 et
749 2730 837 2781 iisdem
855 2735 918 2789 edd.
996 2736 1072 2803 ij&

110 2805 208 2855 Sclrnlt.
225 2807 257 2867 ej.
276 2802 306 2851 eb
325 2816 353 2850 eo
372 2801 429 2850 edd.
503 2799 524 2865 ⁴)
540 2800 629 2850 Malim
648 2809 733 2850 sutem.
809 2798 831 2866 δ)
845 2802 894 2854 Sic
912 2807 975 2857 edd.
998 2811 1071 2873 idque

110 2891 196 2925 oerum
211 2889 279 2923 nunc
289 2880 368 2936 puto,-
378 2877 486 2935 praeter
499 2878 621 2935 quattuor
632 2873 699 2920 enim
709 2871 758 2919 iam
768 2886 804 2920 es:
813 2880 902 2924 uetere
911 2878 981 2941 lepis
991 2883 1070 2929 actio·

112 2963 170 2995 num
186 2949 242 2994 iure
257 2944 368 2992 traditos
378 2943 439 3005 plue
449 2942 555 3006 petendi
568 2943 655 2991 modos
665 2946 725 3003 post
738 2943 814 2990 etiam
825 2944 864 2992 ita
874 2948 945 2996 uelut
956 2950 1070 2998 iniuria·

111 3033 166 3065 rum
187 3018 225 3065 uel
243 3017 269 3064 ei
287 3013 409 3063 bonorum
426 3019 559 3075 raptorum
576 3014 677 3062 actione
692 3013 752 3073 plus
771 3013 830 3076 quis
844 3022 939 3076 petere
954 3027 1068 3082 poterat,

110 3088 179 3150 quod
198 3102 252 3136 curn
272 3085 355 3134 iudici
369 3084 545 3133 aestimatione
563 3084 655 3131 relicta
674 3083 831 3131 taxationem
850 3090 952 3135 tantum
968 3104 1068 3152 ponne

110 3157 228 3213 debebat,
249 3159 302 3218 ipse
321 3169 373 3202 rem
387 3156 524 3202 aestimans
538 3154 695 3202 aestimatam
713 3166 833 3201 summam
847 3156 964 3216 petebat.
996 3159 1067 3223 (siue)

110 3228 230 3290 qualitatis
245 3225 409 3273 aestimatione
423 3224 479 3272 erici.
496 3238 564 3272 meae
578 3235 597 3273 r.
613 3233 633 3272 t.
694 3217 715 3286 ‘l
730 3221 789 3271 Lex
803 3226 933 3288 rescripti
945 3236 987 3276 est
1001 3228 1068 3293 quod

107 3295 310 3360 praescribitur,
326 3295 471 3342 continetur
486 3295 619 3356 rescripto.
654 3292 780 3342 Videntur
794 3299 878 3341 autern
895 3297 1067 3361 imperatores

110 3368 145 3420 id,
160 3366 229 3428 qnod
241 3365 385 3419 antecessit,
401 3364 450 3411 iarn
460 3366 538 3426 prius
551 3365 632 3412 alicui
645 3365 818 3426 rescripsisse,
833 3365 906 3427 quod
919 3383 992 3417 nunc
1004 3370 1066 3417 alle

108 3442 179 3500 pont.
209 3433 243 3482 Et
258 3439 326 3482 reete
341 3432 448 3481 Hoenel.
464 3436 499 3482 ad
513 3435 598 3484 Herm.
616 3433 641 3483 C.
653 3449 681 3497 p.
696 3445 729 3484 to.
744 3434 811 3482 banc
829 3440 910 3484 totam
927 3438 1066 3500 periodum

110 3507 238 3567 rescripto
253 3505 378 3566 assipnat,
392 3520 466 3567 quom
477 3505 559 3568 Pupp.
569 3503 780 3567 subscriptionem
793 3510 919 3554 anteeant
930 3522 1065 3565 rcooeons,

109 3576 165 3625 ICti
183 3591 237 3624 esse
254 3577 369 3638 putauit:
387 3575 434 3623 secl
452 3577 474 3623 is
494 3576 604 3632 iudices,
624 3590 674 3624 non
694 3575 801 3623 iudicem
820 3586 1066 3627 commemoraturus

109 3653 172 3697 erat.
235 3643 255 3708 ⁷)
270 3662 293 3694 a.
309 3656 355 3696 295.
413 3645 433 3709 ⁸)
448 3645 522 3694 Haec
536 3646 668 3695 consultor
682 3648 720 3694 uel
733 3646 801 3694 alius
811 3658 951 3707 possessor
965 3655 1063 3699 tracta-

109 3726 149 3767 tus
163 3718 199 3767 ad
212 3718 351 3780 nrorpinern
365 3732 387 3765 c.
398 3728 418 3766 o.
434 3717 604 3778 adscripsisse
618 3716 761 3764 credendus
774 3721 819 3763 est.
842 3716 941 3765 similes
954 3718 1064 3769 adnota-

109 3792 191 3840 tiones
205 3792 323 3851 repertae
337 3794 397 3834 snnt
412 3789 438 3835 in
454 3786 497 3837 Fr.
518 3786 575 3835 Vat.
586 3788 653 3834 velut
667 3788 690 3846 ξ.
701 3796 747 3835 112.
798 3781 820 3849 ⁹)
839 3782 892 3832 th
902 3794 955 3836 not.
966 3789 1033 3845 ads,
1045 3802 1064 3838 t.

110 3861 224 3909 Ceterum
239 3856 349 3914 attende,
364 3857 405 3905 lic
420 3859 513 3918 ociori,
527 3871 608 3919 supra
622 3855 653 3921 (n,
668 3855 690 3920 ι)
701 3857 804 3919 pulsato
820 3856 928 3905 consuli.
