<?xml version="1.0" encoding="UTF-8"?>
<!DOCTYPE html PUBLIC "-//W3C//DTD XHTML 1.0 Transitional//EN"
    "http://www.w3.org/TR/xhtml1/DTD/xhtml1-transitional.dtd">
<html xmlns="http://www.w3.org/1999/xhtml" xml:lang="en" lang="en">
 <head>
  <title>
</title>
<meta http-equiv="Content-Type" content="text/html;charset=utf-8" />
  <meta name='ocr-system' content='tesseract 3.04.00' />
  <meta name='ocr-capabilities' content='ocr_page ocr_carea ocr_par ocr_line ocrx_word'/>
</head>
<body>
  <div class='ocr_page' id='page_1' title='image "./iurisprvdentiae00huscgoog_0667.png"; bbox 0 0 2378 4386; ppageno 0'>
   <div class='ocr_carea' id='block_1_1' title="bbox 171 511 822 577">
    <p class='ocr_par' dir='ltr' id='par_1_1' title="bbox 171 511 822 577">
     <span class='ocr_line' id='line_1_1' title="bbox 171 511 822 577; baseline -0.02 0"><span class='ocrx_word' id='word_1_1' title='bbox 171 511 233 577; x_wconf 67' lang='lat'><strong>632</strong></span> <span class='ocrx_word' id='word_1_2' title='bbox 472 530 609 567; x_wconf 69' lang='lat' dir='ltr'><strong>ETEfflTA</strong></span> <span class='ocrx_word' id='word_1_3' title='bbox 628 528 822 566; x_wconf 67' lang='lat' dir='ltr'><strong>cannamom-</strong></span> 
     </span>
    </p>
   </div>
   <div class='ocr_carea' id='block_1_2' title="bbox 170 649 1130 928">
    <p class='ocr_par' dir='ltr' id='par_1_2' title="bbox 170 649 1130 928">
     <span class='ocr_line' id='line_1_2' title="bbox 170 649 1130 722; baseline 0.001 -16"><span class='ocrx_word' id='word_1_4' title='bbox 170 655 246 707; x_wconf 83' lang='lat' dir='ltr'><strong>ieres</strong></span> <span class='ocrx_word' id='word_1_5' title='bbox 264 653 462 722; x_wconf 76' lang='lat' dir='ltr'><strong>cognationum</strong></span> <span class='ocrx_word' id='word_1_6' title='bbox 484 651 587 721; x_wconf 87' lang='lat' dir='ltr'><strong>gradus</strong></span> <span class='ocrx_word' id='word_1_7' title='bbox 609 651 702 705; x_wconf 84' lang='lat' dir='ltr'><strong>verbis</strong></span> <span class='ocrx_word' id='word_1_8' title='bbox 724 666 864 719; x_wconf 76' lang='lat' dir='ltr'><strong>exponere</strong></span> <span class='ocrx_word' id='word_1_9' title='bbox 887 651 933 704; x_wconf 83' lang='lat' dir='ltr'><strong>vel</strong></span> <span class='ocrx_word' id='word_1_10' title='bbox 953 649 1130 720; x_wconf 73' lang='lat' dir='ltr'><strong>imaginibus</strong></span> 
     </span>
     <span class='ocr_line' id='line_1_3' title="bbox 170 716 1129 787; baseline 0.002 -15"><span class='ocrx_word' id='word_1_11' title='bbox 170 719 312 773; x_wconf 82' lang='lat' dir='ltr'><strong>illustrare</strong></span> <span class='ocrx_word' id='word_1_12' title='bbox 331 734 453 787; x_wconf 86' lang='lat' dir='ltr'><strong>unquam</strong></span> <span class='ocrx_word' id='word_1_13' title='bbox 472 718 547 773; x_wconf 83' lang='lat' dir='ltr'><strong>soliti</strong></span> <span class='ocrx_word' id='word_1_14' title='bbox 565 719 638 771; x_wconf 85' lang='lat' dir='ltr'><strong>sunl.</strong></span> <span class='ocrx_word' id='word_1_15' title='bbox 675 717 780 787; x_wconf 82' lang='lat' dir='ltr'><strong>Legem</strong></span> <span class='ocrx_word' id='word_1_16' title='bbox 803 733 869 771; x_wconf 86' lang='lat' dir='ltr'><strong>rere</strong></span> <span class='ocrx_word' id='word_1_17' title='bbox 891 717 969 771; x_wconf 89' lang='lat' dir='ltr'><strong>illam</strong></span> <span class='ocrx_word' id='word_1_18' title='bbox 994 716 1129 774; x_wconf 85' lang='lat' dir='ltr'><strong>ecclesia-</strong></span> 
     </span>
     <span class='ocr_line' id='line_1_4' title="bbox 170 783 1128 852; baseline 0.002 -14"><span class='ocrx_word' id='word_1_19' title='bbox 170 786 270 839; x_wconf 84' lang='lat' dir='ltr'><strong>sticam</strong></span> <span class='ocrx_word' id='word_1_20' title='bbox 288 789 387 840; x_wconf 88' lang='lat' dir='ltr'><strong>octavo</strong></span> <span class='ocrx_word' id='word_1_21' title='bbox 406 786 519 839; x_wconf 87' lang='lat' dir='ltr'><strong>demum</strong></span> <span class='ocrx_word' id='word_1_22' title='bbox 536 784 629 837; x_wconf 85' lang='lat' dir='ltr'><strong>seculo</strong></span> <span class='ocrx_word' id='word_1_23' title='bbox 647 785 675 837; x_wconf 90' lang='lat' dir='ltr'><strong>in</strong></span> <span class='ocrx_word' id='word_1_24' title='bbox 694 801 780 852; x_wconf 88' lang='lat' dir='ltr'><strong>reguo</strong></span> <span class='ocrx_word' id='word_1_25' title='bbox 792 783 961 837; x_wconf 82' lang='lat' dir='ltr'><strong>Frauoouico</strong></span> <span class='ocrx_word' id='word_1_26' title='bbox 973 784 1128 840; x_wconf 88' lang='lat' dir='ltr'><strong>invaluisse</strong></span> 
     </span>
     <span class='ocr_line' id='line_1_5' title="bbox 171 851 1128 928; baseline 0.003 -23"><span class='ocrx_word' id='word_1_27' title='bbox 171 854 268 908; x_wconf 79' lang='lat' dir='ltr'><strong>notum</strong></span> <span class='ocrx_word' id='word_1_28' title='bbox 287 854 338 919; x_wconf 82' lang='lat' dir='ltr'><strong>eal,</strong></span> <span class='ocrx_word' id='word_1_29' title='bbox 356 852 430 906; x_wconf 91' lang='lat' dir='ltr'><strong>uude</strong></span> <span class='ocrx_word' id='word_1_30' title='bbox 447 869 499 906; x_wconf 88' lang='lat' dir='ltr'><strong>neo</strong></span> <span class='ocrx_word' id='word_1_31' title='bbox 511 854 630 905; x_wconf 73' lang='lat' dir='ltr'><strong>stemma</strong></span> <span class='ocrx_word' id='word_1_32' title='bbox 641 853 727 919; x_wconf 88' lang='lat' dir='ltr'><strong>priori</strong></span> <span class='ocrx_word' id='word_1_33' title='bbox 740 851 861 919; x_wconf 81' lang='lat' dir='ltr'><strong>tempori</strong></span> <span class='ocrx_word' id='word_1_34' title='bbox 873 851 1009 920; x_wconf 87' lang='lat' dir='ltr'><strong>assignari</strong></span> <span class='ocrx_word' id='word_1_35' title='bbox 1020 855 1128 928; x_wconf 75' lang='lat' dir='ltr'><strong>potest.</strong></span> 
     </span>
    </p>
   </div>
   <div class='ocr_carea' id='block_1_3' title="bbox 170 917 1130 1173">
    <p class='ocr_par' dir='ltr' id='par_1_3' title="bbox 170 917 1130 1173">
     <span class='ocr_line' id='line_1_6' title="bbox 172 917 1128 983; baseline 0.001 -11"><span class='ocrx_word' id='word_1_36' title='bbox 172 917 227 972; x_wconf 86' lang='lat' dir='ltr'><strong>Sed</strong></span> <span class='ocrx_word' id='word_1_37' title='bbox 245 919 268 972; x_wconf 88' lang='lat' dir='ltr'><strong>si</strong></span> <span class='ocrx_word' id='word_1_38' title='bbox 287 934 321 972; x_wconf 86' lang='lat' dir='ltr'><strong>ea</strong></span> <span class='ocrx_word' id='word_1_39' title='bbox 338 920 374 973; x_wconf 87' lang='lat' dir='ltr'><strong>de</strong></span> <span class='ocrx_word' id='word_1_40' title='bbox 392 934 478 974; x_wconf 86' lang='lat' dir='ltr'><strong>causa</strong></span> <span class='ocrx_word' id='word_1_41' title='bbox 494 919 575 973; x_wconf 87' lang='lat' dir='ltr'><strong>nobis</strong></span> <span class='ocrx_word' id='word_1_42' title='bbox 592 918 622 970; x_wconf 89' lang='lat' dir='ltr'><strong>id</strong></span> <span class='ocrx_word' id='word_1_43' title='bbox 640 919 827 972; x_wconf 82' lang='lat' dir='ltr'><strong>omittendum</strong></span> <span class='ocrx_word' id='word_1_44' title='bbox 845 918 1076 983; x_wconf 82' lang='lat' dir='ltr'><strong>suit,nouei1am</strong></span> <span class='ocrx_word' id='word_1_45' title='bbox 1089 920 1128 973; x_wconf 84' lang='lat' dir='ltr'><strong>ab</strong></span> 
     </span>
     <span class='ocr_line' id='line_1_7' title="bbox 170 984 1130 1056; baseline 0.001 -17"><span class='ocrx_word' id='word_1_46' title='bbox 170 984 204 1039; x_wconf 88' lang='lat' dir='ltr'><strong>iis</strong></span> <span class='ocrx_word' id='word_1_47' title='bbox 221 986 327 1056; x_wconf 78' lang='lat' dir='ltr'><strong>negligi</strong></span> <span class='ocrx_word' id='word_1_48' title='bbox 346 985 444 1053; x_wconf 86' lang='lat' dir='ltr'><strong>velim,</strong></span> <span class='ocrx_word' id='word_1_49' title='bbox 467 986 517 1054; x_wconf 85' lang='lat' dir='ltr'><strong>qui</strong></span> <span class='ocrx_word' id='word_1_50' title='bbox 539 985 573 1038; x_wconf 91' lang='lat' dir='ltr'><strong>de</strong></span> <span class='ocrx_word' id='word_1_51' title='bbox 597 986 733 1054; x_wconf 87' lang='lat' dir='ltr'><strong>graduum</strong></span> <span class='ocrx_word' id='word_1_52' title='bbox 757 986 966 1054; x_wconf 80' lang='lat' dir='ltr'><strong>computatione</strong></span> <span class='ocrx_word' id='word_1_53' title='bbox 990 987 1130 1041; x_wconf 84' lang='lat' dir='ltr'><strong>canonica</strong></span> 
     </span>
     <span class='ocr_line' id='line_1_8' title="bbox 170 1052 1129 1173; baseline 0.003 -69"><span class='ocrx_word' id='word_1_54' title='bbox 170 1055 341 1173; x_wconf 44' lang='lat' dir='ltr'><strong>zoorailffigitr,</strong></span> <span class='ocrx_word' id='word_1_55' title='bbox 367 1053 397 1107; x_wconf 90' lang='lat' dir='ltr'><strong>in</strong></span> <span class='ocrx_word' id='word_1_56' title='bbox 423 1070 507 1121; x_wconf 87' lang='lat' dir='ltr'><strong>quum</strong></span> <span class='ocrx_word' id='word_1_57' title='bbox 533 1068 592 1106; x_wconf 89' lang='lat' dir='ltr'><strong>rem</strong></span> <span class='ocrx_word' id='word_1_58' title='bbox 615 1052 644 1105; x_wconf 91' lang='lat' dir='ltr'><strong>id</strong></span> <span class='ocrx_word' id='word_1_59' title='bbox 666 1053 762 1121; x_wconf 84' lang='lat' dir='ltr'><strong>magni</strong></span> <span class='ocrx_word' id='word_1_60' title='bbox 784 1053 919 1106; x_wconf 79' lang='lat' dir='ltr'><strong>momenti</strong></span> <span class='ocrx_word' id='word_1_61' title='bbox 942 1067 1013 1118; x_wconf 87' lang='lat' dir='ltr'><strong>esse,</strong></span> <span class='ocrx_word' id='word_1_62' title='bbox 1040 1069 1129 1107; x_wconf 89' lang='lat' dir='ltr'><strong>nemo</strong></span> 
     </span>
    </p>
   </div>
   <div class='ocr_carea' id='block_1_4' title="bbox 185 1367 1104 1430">
    <p class='ocr_par' dir='ltr' id='par_1_4' title="bbox 185 1367 1104 1430">
     <span class='ocr_line' id='line_1_9' title="bbox 185 1367 1104 1430; baseline 0.003 -3"><span class='ocrx_word' id='word_1_63' title='bbox 185 1368 436 1428; x_wconf 69' lang='lat' dir='ltr'><strong>saturationes</strong></span> <span class='ocrx_word' id='word_1_64' title='bbox 459 1369 607 1427; x_wconf 77' lang='lat' dir='ltr'><strong>Clll&#39;llCAE</strong></span> <span class='ocrx_word' id='word_1_65' title='bbox 630 1370 673 1425; x_wconf 80' lang='lat' dir='ltr'><strong>Ali</strong></span> <span class='ocrx_word' id='word_1_66' title='bbox 695 1368 831 1426; x_wconf 73' lang='lat' dir='ltr'><strong>statura</strong></span> <span class='ocrx_word' id='word_1_67' title='bbox 854 1367 1104 1430; x_wconf 74' lang='lat' dir='ltr'><strong>eoaus’rrottvtr.</strong></span> 
     </span>
    </p>
   </div>
   <div class='ocr_carea' id='block_1_5' title="bbox 165 1515 1129 2974">
    <p class='ocr_par' dir='ltr' id='par_1_5' title="bbox 165 1515 1129 2974">
     <span class='ocr_line' id='line_1_10' title="bbox 245 1515 1129 1586; baseline 0 -16"><span class='ocrx_word' id='word_1_68' title='bbox 245 1517 264 1586; x_wconf 88' lang='lat'><strong>¹)</strong></span> <span class='ocrx_word' id='word_1_69' title='bbox 278 1521 358 1570; x_wconf 88' lang='lat' dir='ltr'><strong>iratris</strong></span> <span class='ocrx_word' id='word_1_70' title='bbox 372 1528 413 1570; x_wconf 86' lang='lat' dir='ltr'><strong>aut</strong></span> <span class='ocrx_word' id='word_1_71' title='bbox 426 1522 516 1571; x_wconf 88' lang='lat' dir='ltr'><strong>sororis</strong></span> <span class='ocrx_word' id='word_1_72' title='bbox 531 1521 593 1570; x_wconf 86' lang='lat' dir='ltr'><strong>lilius</strong></span> <span class='ocrx_word' id='word_1_73' title='bbox 608 1528 648 1570; x_wconf 85' lang='lat' dir='ltr'><strong>aut</strong></span> <span class='ocrx_word' id='word_1_74' title='bbox 661 1521 708 1568; x_wconf 85' lang='lat' dir='ltr'><strong>tilia</strong></span> <span class='ocrx_word' id='word_1_75' title='bbox 723 1520 787 1570; x_wconf 80' lang='lat' dir='ltr'><strong>leid.</strong></span> <span class='ocrx_word' id='word_1_76' title='bbox 802 1520 859 1569; x_wconf 84' lang='lat' dir='ltr'><strong>edd.</strong></span> <span class='ocrx_word' id='word_1_77' title='bbox 926 1515 1002 1584; x_wconf 69' lang='lat' dir='ltr'><strong>⁹)Ita</strong></span> <span class='ocrx_word' id='word_1_78' title='bbox 1019 1519 1129 1571; x_wconf 84' lang='lat' dir='ltr'><strong>Cautius</strong></span> 
     </span>
     <span class='ocr_line' id='line_1_11' title="bbox 171 1589 1128 1655; baseline 0.001 -16"><span class='ocrx_word' id='word_1_79' title='bbox 171 1597 196 1639; x_wconf 89' lang='lat' dir='ltr'><strong>et</strong></span> <span class='ocrx_word' id='word_1_80' title='bbox 209 1590 307 1641; x_wconf 82' lang='lat' dir='ltr'><strong>Isidori</strong></span> <span class='ocrx_word' id='word_1_81' title='bbox 320 1592 378 1642; x_wconf 83' lang='lat' dir='ltr'><strong>edd.</strong></span> <span class='ocrx_word' id='word_1_82' title='bbox 389 1593 536 1655; x_wconf 81' lang='lat' dir='ltr'><strong>pleraeque.</strong></span> <span class='ocrx_word' id='word_1_83' title='bbox 568 1589 624 1641; x_wconf 91' lang='lat' dir='ltr'><strong>Otto</strong></span> <span class='ocrx_word' id='word_1_84' title='bbox 639 1598 720 1640; x_wconf 86' lang='lat' dir='ltr'><strong>tamen</strong></span> <span class='ocrx_word' id='word_1_85' title='bbox 735 1606 769 1639; x_wconf 73' lang='lat' dir='ltr'><strong>eu</strong></span> <span class='ocrx_word' id='word_1_86' title='bbox 779 1590 888 1639; x_wconf 81' lang='lat' dir='ltr'><strong>Areuali</strong></span> <span class='ocrx_word' id='word_1_87' title='bbox 896 1590 936 1639; x_wconf 84' lang='lat' dir='ltr'><strong>ed.</strong></span> <span class='ocrx_word' id='word_1_88' title='bbox 951 1597 983 1648; x_wconf 90' lang='lat' dir='ltr'><strong>et,</strong></span> <span class='ocrx_word' id='word_1_89' title='bbox 999 1597 1026 1640; x_wconf 82' lang='lat' dir='ltr'><strong>ut</strong></span> <span class='ocrx_word' id='word_1_90' title='bbox 1039 1595 1128 1655; x_wconf 80' lang='lat' dir='ltr'><strong>ruspi-</strong></span> 
     </span>
     <span class='ocr_line' id='line_1_12' title="bbox 171 1662 1126 1724; baseline 0.001 -15"><span class='ocrx_word' id='word_1_91' title='bbox 171 1675 225 1716; x_wconf 87' lang='lat' dir='ltr'><strong>cor‚</strong></span> <span class='ocrx_word' id='word_1_92' title='bbox 241 1663 273 1723; x_wconf 74' lang='lat' dir='ltr'><strong>ci.</strong></span> <span class='ocrx_word' id='word_1_93' title='bbox 289 1663 316 1710; x_wconf 91' lang='lat' dir='ltr'><strong>in</strong></span> <span class='ocrx_word' id='word_1_94' title='bbox 329 1662 378 1712; x_wconf 80' lang='lat' dir='ltr'><strong>loc</strong></span> <span class='ocrx_word' id='word_1_95' title='bbox 392 1664 477 1712; x_wconf 87' lang='lat' dir='ltr'><strong>loculo</strong></span> <span class='ocrx_word' id='word_1_96' title='bbox 490 1662 576 1711; x_wconf 82' lang='lat' dir='ltr'><strong>dedit:</strong></span> <span class='ocrx_word' id='word_1_97' title='bbox 589 1669 688 1724; x_wconf 83' lang='lat' dir='ltr'><strong>patruus</strong></span> <span class='ocrx_word' id='word_1_98' title='bbox 702 1675 809 1722; x_wconf 80' lang='lat' dir='ltr'><strong>magnus,</strong></span> <span class='ocrx_word' id='word_1_99' title='bbox 823 1662 895 1709; x_wconf 87' lang='lat' dir='ltr'><strong>amita</strong></span> <span class='ocrx_word' id='word_1_100' title='bbox 909 1674 1001 1722; x_wconf 82' lang='lat' dir='ltr'><strong>magna,</strong></span> <span class='ocrx_word' id='word_1_101' title='bbox 1016 1675 1126 1711; x_wconf 80' lang='lat' dir='ltr'><strong>auuncu-</strong></span> 
     </span>
     <span class='ocr_line' id='line_1_13' title="bbox 170 1729 1128 1796; baseline 0.004 -18"><span class='ocrx_word' id='word_1_102' title='bbox 170 1729 207 1778; x_wconf 86' lang='lat' dir='ltr'><strong>lus</strong></span> <span class='ocrx_word' id='word_1_103' title='bbox 222 1744 328 1792; x_wconf 82' lang='lat' dir='ltr'><strong>magnus,</strong></span> <span class='ocrx_word' id='word_1_104' title='bbox 343 1739 469 1780; x_wconf 84' lang='lat' dir='ltr'><strong>matertera</strong></span> <span class='ocrx_word' id='word_1_105' title='bbox 480 1747 573 1792; x_wconf 86' lang='lat' dir='ltr'><strong>magua:</strong></span> <span class='ocrx_word' id='word_1_106' title='bbox 589 1745 653 1795; x_wconf 84' lang='lat' dir='ltr'><strong>quae</strong></span> <span class='ocrx_word' id='word_1_107' title='bbox 668 1731 1128 1796; x_wconf 76' lang='lat' dir='ltr'><strong>vulgarisestbuiuepradueappel-</strong></span> 
     </span>
     <span class='ocr_line' id='line_1_14' title="bbox 170 1801 1127 1866; baseline 0 -17"><span class='ocrx_word' id='word_1_108' title='bbox 170 1801 241 1851; x_wconf 88' lang='lat' dir='ltr'><strong>latio.</strong></span> <span class='ocrx_word' id='word_1_109' title='bbox 269 1801 322 1851; x_wconf 85' lang='lat' dir='ltr'><strong>Sed</strong></span> <span class='ocrx_word' id='word_1_110' title='bbox 335 1809 359 1851; x_wconf 91' lang='lat' dir='ltr'><strong>et</strong></span> <span class='ocrx_word' id='word_1_111' title='bbox 372 1803 434 1859; x_wconf 87' lang='lat' dir='ltr'><strong>alia,</strong></span> <span class='ocrx_word' id='word_1_112' title='bbox 449 1817 514 1866; x_wconf 84' lang='lat' dir='ltr'><strong>quae</strong></span> <span class='ocrx_word' id='word_1_113' title='bbox 529 1804 555 1849; x_wconf 90' lang='lat' dir='ltr'><strong>in</strong></span> <span class='ocrx_word' id='word_1_114' title='bbox 573 1807 726 1865; x_wconf 72' lang='lat' dir='ltr'><strong>agnatorum</strong></span> <span class='ocrx_word' id='word_1_115' title='bbox 741 1803 875 1865; x_wconf 84' lang='lat' dir='ltr'><strong>personis,</strong></span> <span class='ocrx_word' id='word_1_116' title='bbox 895 1817 960 1865; x_wconf 86' lang='lat' dir='ltr'><strong>quae</strong></span> <span class='ocrx_word' id='word_1_117' title='bbox 973 1805 1127 1864; x_wconf 81' lang='lat' dir='ltr'><strong>parentium</strong></span> 
     </span>
     <span class='ocr_line' id='line_1_15' title="bbox 171 1871 1125 1936; baseline 0.001 -17"><span class='ocrx_word' id='word_1_118' title='bbox 171 1872 228 1922; x_wconf 89' lang='lat' dir='ltr'><strong>laco</strong></span> <span class='ocrx_word' id='word_1_119' title='bbox 241 1880 309 1929; x_wconf 87' lang='lat' dir='ltr'><strong>sunt,</strong></span> <span class='ocrx_word' id='word_1_120' title='bbox 324 1873 438 1929; x_wconf 82' lang='lat' dir='ltr'><strong>eundern,</strong></span> <span class='ocrx_word' id='word_1_121' title='bbox 453 1873 497 1936; x_wconf 78' lang='lat' dir='ltr'><strong>qui</strong></span> <span class='ocrx_word' id='word_1_122' title='bbox 512 1873 537 1920; x_wconf 86' lang='lat' dir='ltr'><strong>in</strong></span> <span class='ocrx_word' id='word_1_123' title='bbox 549 1871 702 1934; x_wconf 82' lang='lat' dir='ltr'><strong>parentibus</strong></span> <span class='ocrx_word' id='word_1_124' title='bbox 716 1873 829 1921; x_wconf 82' lang='lat' dir='ltr'><strong>traditus</strong></span> <span class='ocrx_word' id='word_1_125' title='bbox 842 1878 912 1930; x_wconf 89' lang='lat' dir='ltr'><strong>erat,</strong></span> <span class='ocrx_word' id='word_1_126' title='bbox 927 1887 1020 1920; x_wconf 84' lang='lat' dir='ltr'><strong>morem</strong></span> <span class='ocrx_word' id='word_1_127' title='bbox 1035 1871 1125 1921; x_wconf 79' lang='lat' dir='ltr'><strong>obser-</strong></span> 
     </span>
     <span class='ocr_line' id='line_1_16' title="bbox 170 1942 1127 2006; baseline 0.001 -16"><span class='ocrx_word' id='word_1_128' title='bbox 170 1942 254 1999; x_wconf 81' lang='lat' dir='ltr'><strong>uabat,</strong></span> <span class='ocrx_word' id='word_1_129' title='bbox 268 1945 399 1992; x_wconf 71' lang='lat' dir='ltr'><strong>exstitisse</strong></span> <span class='ocrx_word' id='word_1_130' title='bbox 409 1957 521 2005; x_wconf 79' lang='lat' dir='ltr'><strong>eamque,</strong></span> <span class='ocrx_word' id='word_1_131' title='bbox 536 1948 563 1990; x_wconf 89' lang='lat' dir='ltr'><strong>ut</strong></span> <span class='ocrx_word' id='word_1_132' title='bbox 571 1949 703 2005; x_wconf 84' lang='lat' dir='ltr'><strong>sequentes</strong></span> <span class='ocrx_word' id='word_1_133' title='bbox 712 1942 789 1991; x_wconf 78' lang='lat' dir='ltr'><strong>buius</strong></span> <span class='ocrx_word' id='word_1_134' title='bbox 796 1943 901 2006; x_wconf 76' lang='lat' dir='ltr'><strong>pencris</strong></span> <span class='ocrx_word' id='word_1_135' title='bbox 912 1943 1014 2006; x_wconf 78' lang='lat' dir='ltr'><strong>gradus</strong></span> <span class='ocrx_word' id='word_1_136' title='bbox 1029 1948 1127 1991; x_wconf 86' lang='lat' dir='ltr'><strong>testan-</strong></span> 
     </span>
     <span class='ocr_line' id='line_1_17' title="bbox 170 2008 1127 2077; baseline 0.002 -17"><span class='ocrx_word' id='word_1_137' title='bbox 170 2019 221 2070; x_wconf 90' lang='lat' dir='ltr'><strong>tur,</strong></span> <span class='ocrx_word' id='word_1_138' title='bbox 235 2013 492 2062; x_wconf 78' lang='lat' dir='ltr'><strong>stemmatistluiuece</strong></span> <span class='ocrx_word' id='word_1_139' title='bbox 506 2018 598 2060; x_wconf 80' lang='lat' dir='ltr'><strong>auctor</strong></span> <span class='ocrx_word' id='word_1_140' title='bbox 611 2019 713 2061; x_wconf 80' lang='lat' dir='ltr'><strong>secutur</strong></span> <span class='ocrx_word' id='word_1_141' title='bbox 727 2028 781 2062; x_wconf 78' lang='lat' dir='ltr'><strong>ease</strong></span> <span class='ocrx_word' id='word_1_142' title='bbox 795 2013 905 2061; x_wconf 83' lang='lat' dir='ltr'><strong>videtur.</strong></span> <span class='ocrx_word' id='word_1_143' title='bbox 953 2008 974 2077; x_wconf 74' lang='lat'><strong>⁸)</strong></span> <span class='ocrx_word' id='word_1_144' title='bbox 989 2013 1069 2061; x_wconf 76' lang='lat' dir='ltr'><strong>fratris</strong></span> <span class='ocrx_word' id='word_1_145' title='bbox 1084 2023 1127 2062; x_wconf 90' lang='lat' dir='ltr'><strong>aut</strong></span> 
     </span>
     <span class='ocr_line' id='line_1_18' title="bbox 170 2078 1128 2148; baseline 0.002 -18"><span class='ocrx_word' id='word_1_146' title='bbox 170 2084 262 2131; x_wconf 89' lang='lat' dir='ltr'><strong>sororis</strong></span> <span class='ocrx_word' id='word_1_147' title='bbox 276 2082 340 2131; x_wconf 78' lang='lat' dir='ltr'><strong>leid.</strong></span> <span class='ocrx_word' id='word_1_148' title='bbox 355 2082 412 2131; x_wconf 83' lang='lat' dir='ltr'><strong>edd.</strong></span> <span class='ocrx_word' id='word_1_149' title='bbox 469 2078 490 2146; x_wconf 82' lang='lat'><strong>⁴)</strong></span> <span class='ocrx_word' id='word_1_150' title='bbox 505 2080 546 2130; x_wconf 88' lang='lat' dir='ltr'><strong>Ita</strong></span> <span class='ocrx_word' id='word_1_151' title='bbox 563 2082 632 2131; x_wconf 78' lang='lat' dir='ltr'><strong>Cant.</strong></span> <span class='ocrx_word' id='word_1_152' title='bbox 647 2080 755 2148; x_wconf 85' lang='lat' dir='ltr'><strong>(tanturn</strong></span> <span class='ocrx_word' id='word_1_153' title='bbox 769 2090 896 2132; x_wconf 85' lang='lat' dir='ltr'><strong>matertera</strong></span> <span class='ocrx_word' id='word_1_154' title='bbox 911 2097 956 2130; x_wconf 89' lang='lat' dir='ltr'><strong>ma.</strong></span> <span class='ocrx_word' id='word_1_155' title='bbox 968 2097 1020 2144; x_wconf 91' lang='lat' dir='ltr'><strong>pro</strong></span> <span class='ocrx_word' id='word_1_156' title='bbox 1035 2090 1128 2132; x_wconf 86' lang='lat' dir='ltr'><strong>mater·</strong></span> 
     </span>
     <span class='ocr_line' id='line_1_19' title="bbox 170 2150 1124 2216; baseline 0.001 -15"><span class='ocrx_word' id='word_1_157' title='bbox 170 2158 220 2201; x_wconf 86' lang='lat' dir='ltr'><strong>tera</strong></span> <span class='ocrx_word' id='word_1_158' title='bbox 235 2150 334 2216; x_wconf 88' lang='lat' dir='ltr'><strong>maior);</strong></span> <span class='ocrx_word' id='word_1_159' title='bbox 349 2159 505 2214; x_wconf 78' lang='lat' dir='ltr'><strong>propatruus,</strong></span> <span class='ocrx_word' id='word_1_160' title='bbox 520 2154 649 2213; x_wconf 88' lang='lat' dir='ltr'><strong>proamita,</strong></span> <span class='ocrx_word' id='word_1_161' title='bbox 663 2153 851 2215; x_wconf 83' lang='lat' dir='ltr'><strong>proauunculus,</strong></span> <span class='ocrx_word' id='word_1_162' title='bbox 871 2159 1042 2215; x_wconf 74' lang='lat' dir='ltr'><strong>promatertera</strong></span> <span class='ocrx_word' id='word_1_163' title='bbox 1057 2152 1124 2202; x_wconf 79' lang='lat' dir='ltr'><strong>Isid.</strong></span> 
     </span>
     <span class='ocr_line' id='line_1_20' title="bbox 170 2220 1126 2287; baseline 0.003 -17"><span class='ocrx_word' id='word_1_164' title='bbox 170 2222 227 2270; x_wconf 80' lang='lat' dir='ltr'><strong>edd.</strong></span> <span class='ocrx_word' id='word_1_165' title='bbox 251 2220 359 2269; x_wconf 82' lang='lat' dir='ltr'><strong>Scilicet</strong></span> <span class='ocrx_word' id='word_1_166' title='bbox 373 2223 423 2269; x_wconf 84' lang='lat' dir='ltr'><strong>iarn</strong></span> <span class='ocrx_word' id='word_1_167' title='bbox 436 2220 542 2269; x_wconf 82' lang='lat' dir='ltr'><strong>librarii</strong></span> <span class='ocrx_word' id='word_1_168' title='bbox 555 2224 712 2285; x_wconf 82' lang='lat' dir='ltr'><strong>scripturam</strong></span> <span class='ocrx_word' id='word_1_169' title='bbox 727 2225 829 2287; x_wconf 74' lang='lat' dir='ltr'><strong>uulpari</strong></span> <span class='ocrx_word' id='word_1_170' title='bbox 843 2225 1013 2286; x_wconf 81' lang='lat' dir='ltr'><strong>appellationi</strong></span> <span class='ocrx_word' id='word_1_171' title='bbox 1022 2239 1126 2273; x_wconf 83' lang='lat' dir='ltr'><strong>accam-</strong></span> 
     </span>
     <span class='ocr_line' id='line_1_21' title="bbox 169 2287 1126 2356; baseline 0.004 -18"><span class='ocrx_word' id='word_1_172' title='bbox 169 2291 343 2339; x_wconf 79' lang='lat' dir='ltr'><strong>nudauerant.</strong></span> <span class='ocrx_word' id='word_1_173' title='bbox 408 2287 429 2353; x_wconf 79' lang='lat'><strong>⁶)</strong></span> <span class='ocrx_word' id='word_1_174' title='bbox 443 2292 581 2353; x_wconf 84' lang='lat' dir='ltr'><strong>propriores</strong></span> <span class='ocrx_word' id='word_1_175' title='bbox 595 2292 659 2341; x_wconf 83' lang='lat' dir='ltr'><strong>Isid.</strong></span> <span class='ocrx_word' id='word_1_176' title='bbox 675 2294 714 2341; x_wconf 86' lang='lat' dir='ltr'><strong>ed.</strong></span> <span class='ocrx_word' id='word_1_177' title='bbox 732 2292 815 2343; x_wconf 81' lang='lat' dir='ltr'><strong>Ottan.</strong></span> <span class='ocrx_word' id='word_1_178' title='bbox 867 2290 889 2356; x_wconf 80' lang='lat'><strong>⁶)</strong></span> <span class='ocrx_word' id='word_1_179' title='bbox 904 2293 995 2341; x_wconf 87' lang='lat' dir='ltr'><strong>sobrini</strong></span> <span class='ocrx_word' id='word_1_180' title='bbox 1010 2293 1126 2342; x_wconf 85' lang='lat' dir='ltr'><strong>sobrinae</strong></span> 
     </span>
     <span class='ocr_line' id='line_1_22' title="bbox 170 2359 1125 2427; baseline 0.004 -19"><span class='ocrx_word' id='word_1_181' title='bbox 170 2359 234 2408; x_wconf 82' lang='lat' dir='ltr'><strong>leid.</strong></span> <span class='ocrx_word' id='word_1_182' title='bbox 249 2360 306 2409; x_wconf 82' lang='lat' dir='ltr'><strong>edd.</strong></span> <span class='ocrx_word' id='word_1_183' title='bbox 323 2360 457 2420; x_wconf 78' lang='lat' dir='ltr'><strong>manifesto</strong></span> <span class='ocrx_word' id='word_1_184' title='bbox 472 2363 543 2411; x_wconf 85' lang='lat' dir='ltr'><strong>vitio.</strong></span> <span class='ocrx_word' id='word_1_185' title='bbox 591 2360 611 2427; x_wconf 77' lang='grc'><strong>7)</strong></span> <span class='ocrx_word' id='word_1_186' title='bbox 627 2364 705 2411; x_wconf 78' lang='lat' dir='ltr'><strong>fratris</strong></span> <span class='ocrx_word' id='word_1_187' title='bbox 721 2370 744 2411; x_wconf 85' lang='lat' dir='ltr'><strong>et</strong></span> <span class='ocrx_word' id='word_1_188' title='bbox 758 2363 849 2412; x_wconf 88' lang='lat' dir='ltr'><strong>sororis</strong></span> <span class='ocrx_word' id='word_1_189' title='bbox 864 2363 927 2412; x_wconf 83' lang='lat' dir='ltr'><strong>Isid.</strong></span> <span class='ocrx_word' id='word_1_190' title='bbox 939 2363 995 2411; x_wconf 84' lang='lat' dir='ltr'><strong>cdd.</strong></span> <span class='ocrx_word' id='word_1_191' title='bbox 1045 2359 1125 2427; x_wconf 74' lang='lat' dir='ltr'><strong>⁸)Ita</strong></span> 
     </span>
     <span class='ocr_line' id='line_1_23' title="bbox 171 2429 1124 2497; baseline 0.003 -18"><span class='ocrx_word' id='word_1_192' title='bbox 171 2429 242 2479; x_wconf 87' lang='lat' dir='ltr'><strong>Cant.</strong></span> <span class='ocrx_word' id='word_1_193' title='bbox 257 2429 365 2494; x_wconf 87' lang='lat' dir='ltr'><strong>(tantum</strong></span> <span class='ocrx_word' id='word_1_194' title='bbox 379 2437 498 2480; x_wconf 84' lang='lat' dir='ltr'><strong>materter.</strong></span> <span class='ocrx_word' id='word_1_195' title='bbox 511 2447 562 2494; x_wconf 83' lang='lat' dir='ltr'><strong>pro</strong></span> <span class='ocrx_word' id='word_1_196' title='bbox 575 2433 724 2497; x_wconf 86' lang='lat' dir='ltr'><strong>matertera);</strong></span> <span class='ocrx_word' id='word_1_197' title='bbox 739 2434 876 2496; x_wconf 80' lang='lat' dir='ltr'><strong>abpatruus,</strong></span> <span class='ocrx_word' id='word_1_198' title='bbox 891 2433 1002 2495; x_wconf 85' lang='lat' dir='ltr'><strong>abamita,</strong></span> <span class='ocrx_word' id='word_1_199' title='bbox 1016 2433 1124 2482; x_wconf 78' lang='lat' dir='ltr'><strong>abnuun-</strong></span> 
     </span>
     <span class='ocr_line' id='line_1_24' title="bbox 170 2500 1125 2567; baseline 0.005 -18"><span class='ocrx_word' id='word_1_200' title='bbox 170 2500 246 2563; x_wconf 84' lang='lat' dir='ltr'><strong>eulus,</strong></span> <span class='ocrx_word' id='word_1_201' title='bbox 260 2501 416 2550; x_wconf 84' lang='lat' dir='ltr'><strong>abmatertera</strong></span> <span class='ocrx_word' id='word_1_202' title='bbox 431 2502 471 2551; x_wconf 86' lang='lat' dir='ltr'><strong>eci.</strong></span> <span class='ocrx_word' id='word_1_203' title='bbox 488 2501 549 2552; x_wconf 78' lang='lat' dir='ltr'><strong>laid.</strong></span> <span class='ocrx_word' id='word_1_204' title='bbox 568 2502 650 2553; x_wconf 89' lang='lat' dir='ltr'><strong>Otton.</strong></span> <span class='ocrx_word' id='word_1_205' title='bbox 666 2519 700 2552; x_wconf 80' lang='lat' dir='ltr'><strong>ex</strong></span> <span class='ocrx_word' id='word_1_206' title='bbox 715 2503 820 2552; x_wconf 81' lang='lat' dir='ltr'><strong>Arevat.</strong></span> <span class='ocrx_word' id='word_1_207' title='bbox 835 2504 890 2559; x_wconf 83' lang='lat' dir='ltr'><strong>ed.,·</strong></span> <span class='ocrx_word' id='word_1_208' title='bbox 905 2503 997 2567; x_wconf 81' lang='lat' dir='ltr'><strong>ubique</strong></span> <span class='ocrx_word' id='word_1_209' title='bbox 1011 2503 1056 2552; x_wconf 89' lang='lat' dir='ltr'><strong>ad·</strong></span> <span class='ocrx_word' id='word_1_210' title='bbox 1070 2519 1125 2567; x_wconf 86' lang='lat' dir='ltr'><strong>pro</strong></span> 
     </span>
     <span class='ocr_line' id='line_1_25' title="bbox 169 2569 1124 2638; baseline 0.003 -18"><span class='ocrx_word' id='word_1_211' title='bbox 169 2571 211 2620; x_wconf 80' lang='lat' dir='ltr'><strong>ab·</strong></span> <span class='ocrx_word' id='word_1_212' title='bbox 226 2578 334 2621; x_wconf 88' lang='lat' dir='ltr'><strong>ceterae.</strong></span> <span class='ocrx_word' id='word_1_213' title='bbox 398 2569 420 2636; x_wconf 77' lang='grc' dir='ltr'><strong>ο)</strong></span> <span class='ocrx_word' id='word_1_214' title='bbox 434 2581 577 2636; x_wconf 88' lang='lat' dir='ltr'><strong>propatruus</strong></span> <span class='ocrx_word' id='word_1_215' title='bbox 592 2575 722 2636; x_wconf 83' lang='lat' dir='ltr'><strong>proamitae</strong></span> <span class='ocrx_word' id='word_1_216' title='bbox 741 2573 792 2637; x_wconf 85' lang='lat' dir='ltr'><strong>(vel</strong></span> <span class='ocrx_word' id='word_1_217' title='bbox 806 2573 947 2638; x_wconf 88' lang='lat' dir='ltr'><strong>proamitae)</strong></span> <span class='ocrx_word' id='word_1_218' title='bbox 967 2575 1124 2637; x_wconf 86' lang='lat' dir='ltr'><strong>proauuuouli</strong></span> 
     </span>
     <span class='ocr_line' id='line_1_26' title="bbox 169 2640 1125 2708; baseline 0.002 -17"><span class='ocrx_word' id='word_1_219' title='bbox 169 2642 210 2691; x_wconf 82' lang='lat' dir='ltr'><strong>lilii</strong></span> <span class='ocrx_word' id='word_1_220' title='bbox 226 2641 422 2707; x_wconf 82' lang='lat' dir='ltr'><strong>(promaterterae</strong></span> <span class='ocrx_word' id='word_1_221' title='bbox 437 2643 498 2692; x_wconf 82' lang='lat' dir='ltr'><strong>add.</strong></span> <span class='ocrx_word' id='word_1_222' title='bbox 509 2643 614 2694; x_wconf 80' lang='lat' dir='ltr'><strong>Areoul.</strong></span> <span class='ocrx_word' id='word_1_223' title='bbox 631 2652 655 2693; x_wconf 86' lang='lat' dir='ltr'><strong>et</strong></span> <span class='ocrx_word' id='word_1_224' title='bbox 666 2643 734 2708; x_wconf 89' lang='lat' dir='ltr'><strong>Otto)</strong></span> <span class='ocrx_word' id='word_1_225' title='bbox 749 2643 810 2692; x_wconf 80' lang='lat' dir='ltr'><strong>tiliae</strong></span> <span class='ocrx_word' id='word_1_226' title='bbox 826 2644 889 2693; x_wconf 86' lang='lat' dir='ltr'><strong>Isid.</strong></span> <span class='ocrx_word' id='word_1_227' title='bbox 900 2644 958 2693; x_wconf 84' lang='lat' dir='ltr'><strong>edd.</strong></span> <span class='ocrx_word' id='word_1_228' title='bbox 1007 2640 1040 2708; x_wconf 86' lang='lat'><strong>¹⁰)</strong></span> <span class='ocrx_word' id='word_1_229' title='bbox 1049 2642 1125 2693; x_wconf 87' lang='lat' dir='ltr'><strong>Scri-</strong></span> 
     </span>
     <span class='ocr_line' id='line_1_27' title="bbox 165 2713 1126 2778; baseline 0.003 -17"><span class='ocrx_word' id='word_1_230' title='bbox 165 2715 224 2776; x_wconf 75' lang='lat' dir='ltr'><strong>pei:</strong></span> <span class='ocrx_word' id='word_1_231' title='bbox 239 2713 372 2776; x_wconf 84' lang='lat' dir='ltr'><strong>Propatrui,</strong></span> <span class='ocrx_word' id='word_1_232' title='bbox 388 2713 526 2767; x_wconf 86' lang='lat' dir='ltr'><strong>Proamitae.</strong></span> <span class='ocrx_word' id='word_1_233' title='bbox 551 2715 705 2764; x_wconf 84' lang='lat' dir='ltr'><strong>Proauunculi</strong></span> <span class='ocrx_word' id='word_1_234' title='bbox 719 2728 795 2777; x_wconf 85' lang='lat' dir='ltr'><strong>nepos</strong></span> <span class='ocrx_word' id='word_1_235' title='bbox 809 2715 894 2778; x_wconf 88' lang='lat' dir='ltr'><strong>neptis.</strong></span> <span class='ocrx_word' id='word_1_236' title='bbox 911 2714 934 2762; x_wconf 90' lang='lat' dir='ltr'><strong>id</strong></span> <span class='ocrx_word' id='word_1_237' title='bbox 950 2721 987 2762; x_wconf 88' lang='lat' dir='ltr'><strong>est</strong></span> <span class='ocrx_word' id='word_1_238' title='bbox 1001 2714 1126 2776; x_wconf 83' lang='lat' dir='ltr'><strong>sobrinus,</strong></span> 
     </span>
     <span class='ocr_line' id='line_1_28' title="bbox 169 2783 1124 2849; baseline 0.002 -17"><span class='ocrx_word' id='word_1_239' title='bbox 169 2783 265 2833; x_wconf 87' lang='lat' dir='ltr'><strong>sobrina</strong></span> <span class='ocrx_word' id='word_1_240' title='bbox 278 2784 347 2834; x_wconf 84' lang='lat' dir='ltr'><strong>Cant.</strong></span> <span class='ocrx_word' id='word_1_241' title='bbox 360 2785 491 2847; x_wconf 85' lang='lat' dir='ltr'><strong>propatrui,</strong></span> <span class='ocrx_word' id='word_1_242' title='bbox 501 2786 641 2849; x_wconf 85' lang='lat' dir='ltr'><strong>proamitae,</strong></span> <span class='ocrx_word' id='word_1_243' title='bbox 651 2784 803 2848; x_wconf 84' lang='lat' dir='ltr'><strong>proauuncnli</strong></span> <span class='ocrx_word' id='word_1_244' title='bbox 815 2800 889 2848; x_wconf 88' lang='lat' dir='ltr'><strong>nepas</strong></span> <span class='ocrx_word' id='word_1_245' title='bbox 899 2785 977 2848; x_wconf 88' lang='lat' dir='ltr'><strong>neptis</strong></span> <span class='ocrx_word' id='word_1_246' title='bbox 988 2783 1053 2835; x_wconf 77' lang='lat' dir='ltr'><strong>Iria.</strong></span> <span class='ocrx_word' id='word_1_247' title='bbox 1064 2785 1124 2834; x_wconf 69' lang='lat' dir='ltr'><strong>erici</strong></span> 
     </span>
     <span class='ocr_line' id='line_1_29' title="bbox 173 2848 1126 2919; baseline 0.002 -17"><span class='ocrx_word' id='word_1_248' title='bbox 173 2848 206 2918; x_wconf 94' lang='lat'><strong>¹¹)</strong></span> <span class='ocrx_word' id='word_1_249' title='bbox 221 2854 372 2903; x_wconf 89' lang='lat' dir='ltr'><strong>sobrinarum</strong></span> <span class='ocrx_word' id='word_1_250' title='bbox 387 2861 412 2902; x_wconf 87' lang='lat' dir='ltr'><strong>et</strong></span> <span class='ocrx_word' id='word_1_251' title='bbox 425 2855 575 2905; x_wconf 83' lang='lat' dir='ltr'><strong>sobrinarum</strong></span> <span class='ocrx_word' id='word_1_252' title='bbox 589 2857 632 2905; x_wconf 85' lang='lat' dir='ltr'><strong>titii</strong></span> <span class='ocrx_word' id='word_1_253' title='bbox 648 2854 684 2904; x_wconf 91' lang='lat' dir='ltr'><strong>uel</strong></span> <span class='ocrx_word' id='word_1_254' title='bbox 698 2854 760 2903; x_wconf 80' lang='lat' dir='ltr'><strong>tiliae</strong></span> <span class='ocrx_word' id='word_1_255' title='bbox 775 2854 838 2907; x_wconf 79' lang='lat' dir='ltr'><strong>leid.</strong></span> <span class='ocrx_word' id='word_1_256' title='bbox 854 2856 911 2905; x_wconf 82' lang='lat' dir='ltr'><strong>edd.</strong></span> <span class='ocrx_word' id='word_1_257' title='bbox 992 2850 1026 2919; x_wconf 79' lang='lat'><strong>1¹)</strong></span> <span class='ocrx_word' id='word_1_258' title='bbox 1042 2855 1126 2905; x_wconf 81' lang='lat' dir='ltr'><strong>[ratris</strong></span> 
     </span>
     <span class='ocr_line' id='line_1_30' title="bbox 169 2924 450 2974; baseline -0.004 -2"><span class='ocrx_word' id='word_1_259' title='bbox 169 2929 194 2972; x_wconf 89' lang='lat' dir='ltr'><strong>et</strong></span> <span class='ocrx_word' id='word_1_260' title='bbox 207 2925 298 2973; x_wconf 89' lang='lat' dir='ltr'><strong>sororis</strong></span> <span class='ocrx_word' id='word_1_261' title='bbox 314 2924 377 2974; x_wconf 84' lang='lat' dir='ltr'><strong>Isid.</strong></span> <span class='ocrx_word' id='word_1_262' title='bbox 393 2924 450 2973; x_wconf 82' lang='lat' dir='ltr'><strong>edd.</strong></span> 
     </span>
    </p>
   </div>
   <div class='ocr_carea' id='block_1_6' title="bbox 0 0 1194 4386">
    <p class='ocr_par' dir='ltr' id='par_1_6' title="bbox 0 0 1194 4386">
     <span class='ocr_line' id='line_1_31' title="bbox 0 0 1194 4386; baseline 0 1"><span class='ocrx_word' id='word_1_263' title='bbox 0 0 1194 4386; x_wconf 95' lang='lat' dir='ltr'><strong> </strong></span> 
     </span>
    </p>
   </div>
  </div>
 </body>
</html>
