2378 4386
57 39 1147 275 u

546 86 565 101 ιι.

389 572 455 610 svm
472 572 566 608 rurum
586 571 656 608 seur.
675 554 708 608 ΙΙ.
728 560 771 610 rt.
991 555 1056 619 485

108 702 220 760 liberum
246 693 340 776 parit.¹
392 698 420 760 2.
451 694 497 759 ²Si
525 700 607 759 libera
636 703 789 776 conceperit
813 711 845 758 ct
869 701 962 759 ancilla
990 702 1058 759 iacta

108 787 260 861 pepererit,
283 785 395 842 liberum
419 787 504 859 parit:
527 785 553 841 id
577 787 646 842 enim
670 786 748 842 iauor
770 785 902 842 libertatis
925 789 1056 860 exposcit.

107 865 137 927 8.
161 864 207 925 ³Si
223 869 316 926 ancilla
332 871 495 942 conceperit,
513 879 540 925 et
555 868 643 925 medlo
659 878 780 944 tempore
795 870 978 941 manumissa,
992 867 1058 927 sed⁴

109 970 203 1009 rursus
219 952 289 1011 iacta
304 953 397 1010 ancilla
412 955 556 1026 pepererit,
572 951 686 1008 liberum
703 953 789 1026 parlt;
805 954 890 1010 media
906 955 976 1011 enlm
992 961 1058 1010 tem·

109 1053 174 1111 pora
190 1036 304 1093 libertati
319 1037 459 1111 prodesse,
475 1051 530 1091 non
545 1051 643 1091 nocere
659 1037 739 1092 etiam
751 1046 876 1109 possunt.
910 1035 940 1093 4.
959 1031 1012 1093 ⁶131
1028 1054 1059 1093 ea

110 1121 220 1177 muliero
236 1129 331 1191 natus,
347 1136 416 1193 quae
431 1135 462 1174 es
478 1134 557 1174 causa
573 1117 770 1176 fideicommissi
786 1122 936 1177 manumitti
955 1120 1058 1192 debuit,

109 1206 132 1259 si
154 1213 216 1277 post
237 1221 337 1261 moram
360 1203 477 1259 libertati
494 1202 589 1259 iactam
610 1211 751 1271 nascatur,
773 1203 908 1277 ingenuus
930 1206 1059 1261 nascitur.

109 1285 137 1346 b.
153 1287 179 1343 Si
195 1289 291 1344 mulier
306 1288 423 1343 diuortio
440 1286 510 1341 iacto
526 1284 664 1358 grauidam
679 1301 709 1340 se
724 1286 800 1355 sciat,
811 1287 880 1342 intra
895 1287 1060 1343 tricesimum

111 1370 180 1427 diem
197 1373 256 1427 uiro
271 1371 429 1429 denuntiare
444 1367 523 1424 debet
540 1367 582 1424 uel
604 1370 675 1440 patri
690 1369 765 1438 eius,
787 1378 817 1425 ut
832 1368 864 1424 ad
881 1376 1003 1426 uentrem
1018 1371 1059 1426 ln·

111 1455 277 1528 spiciendum
294 1452 547 1524 obseruandumque
562 1450 689 1507 custodes
711 1453 832 1508 mittant:
854 1453 920 1526 'quo
941 1446 1061 1509 omisso⁸

111 1546 217 1610 partum
233 1537 353 1592 mulieris
368 1533 523 1590 omnimodo
538 1542 675 1607 coguntur
689 1551 847 1609 agnoscere.
877 1533 907 1594 6.
924 1528 971 1593 'Si
985 1553 1060 1611 prae·

111 1629 238 1693 gnantem
262 1635 291 1674 se
317 1618 386 1674 ’csse
411 1611 525 1674 muller⁸
551 1634 605 1673 non
631 1618 846 1692 denuntiauerit,
870 1620 913 1676 uel
934 1620 1061 1678 custodes
1110 1680 1114 1689 ,

113 1704 215 1757 uentris
240 1704 336 1758 missos
362 1718 416 1759 nou
441 1700 589 1771 admiserit,
617 1701 732 1758 liberum
753 1697 824 1758 'est⁹
851 1705 920 1777 patri
942 1702 986 1761 uel
1009 1721 1060 1761 auo

111 1794 204 1841 natum
220 1801 273 1843 non
290 1785 369 1842 alere.
401 1794 520 1842 ceterum
537 1785 703 1859 negligentia
718 1788 820 1858 matris,
835 1788 979 1862 quominus
994 1805 1060 1845 suus

111 1870 180 1944 patri
197 1870 339 1940 necessit,
356 1867 451 1926 obesse
466 1886 520 1925 non
537 1868 624 1925 debet.
660 1864 687 1925 7.
712 1862 770 1925 ¹⁰Si
786 1869 882 1927 mulier
900 1887 930 1926 se
952 1888 985 1928 es
999 1872 1061 1929 uiro

111 1962 303 2027 praegnantem
323 1947 456 2028 'neget,¹¹
481 1953 648 2027 permittitur
669 1955 764 2010 marlto
785 1964 907 2011 uentrem
929 1955 1061 2029 Inspicere

111 2044 140 2092 et
162 2038 251 2093 uentri
272 2037 400 2094 custodes
424 2037 495 2095 dare.
533 2035 562 2097 8.
586 2037 686 2094 Venter
710 2039 852 2111 inspicitur
872 2054 921 2112 per
942 2041 1062 2114 quinque

112 2114 311 2189 obstetrices,¹²
332 2129 360 2176 et
375 2121 447 2193 quod
462 2121 573 2176 maxima
593 2137 655 2195 pars
670 2135 761 2177 earum
776 2121 991 2194 denuntiauerlt,
1011 2140 1061 2199 pro

113 2220 178 2260 nero
198 2203 321 2263 habetur.
357 2199 388 2260 s.
408 2195 624 2274 ¹³0bstctricem,
640 2219 708 2277 quae
718 2214 823 2278 partum
834 2206 949 2265 alienum
960 2206 1062 2280 attulit,

113 2294 145 2342 ut
158 2289 273 2361 supponi
289 2288 387 2361 possit,
402 2303 506 2343 summo
522 2287 655 2360 supplicio
670 2285 740 2344 aibci
756 2289 866 2363 placuit.

57 2388 99 2437 tes]
240 2442 245 2450 Ι
265 2365 310 2446 [L.
328 2370 358 2427 4.
382 2371 419 2427 Ι).
436 2373 471 2426 dc
486 2386 604 2444 apnosc.
620 2379 647 2428 et
662 2374 700 2431 at.
715 2373 762 2429 tro.
778 2367 844 2449 (25,
860 2367 904 2454 3).

261 2454 293 2514 L.
308 2453 357 2511 34.
380 2455 416 2510 D.
432 2457 467 2511 dc
482 2456 576 2525 adopt.
593 2447 637 2530 (1,
654 2450 709 2528 7)]

186 2699 205 2766 ¹)
221 2700 269 2752 Ed.
281 2701 364 2750 Ilaen.
378 2701 452 2750 addit
466 2715 500 2749 ex
509 2701 646 2763 permultis
662 2699 739 2749 cad:
753 2699 777 2748 ld
792 2701 854 2748 enlm
869 2700 936 2749 latior
946 2700 1061 2751 libertatis

112 2773 227 2836 exposcit.
279 2768 298 2835 ²)
315 2771 353 2834 Cf.
368 2771 398 2822 L.
414 2783 433 2822 o.
449 2772 472 2831 ξ.
487 2782 508 2820 2.
528 2771 559 2819 D.
574 2771 688 2819 deaiatu
703 2770 767 2818 born.
783 2768 813 2834 (1,
828 2769 859 2834 o).
912 2767 987 2834 ⁸)Cf.
997 2770 1029 2819 L.
1039 2783 1060 2823 o.

111 2844 136 2906 fl.
150 2854 171 2894 s.
190 2841 223 2892 1).
238 2843 293 2891 eorl.
305 2857 348 2905 pr.
364 2840 384 2889 I.
401 2841 432 2889 de
446 2842 530 2905 lupen.
548 2840 579 2903 (t,
592 2839 623 2904 4).
680 2836 702 2905 ⁴)
717 2840 860 2888 manumissa
880 2840 912 2888 sit
927 2839 989 2889 cdd.
1003 2842 1061 2890 edat.

114 2912 135 2976 ι)
152 2912 190 2974 Cf.
206 2911 237 2960 J..
254 2925 273 2962 1.
288 2914 311 2973 ἕ.
327 2923 346 2961 t.
366 2911 398 2958 1).
413 2910 444 2959 de
457 2912 513 2959 auis
527 2918 551 2959 et
565 2912 613 2974 lep.
629 2909 673 2972 (aa,
688 2908 732 2977 te).
750 2909 783 2960 L.
798 2920 824 2960 os
834 2926 877 2973 pr.
899 2909 929 2959 D.
944 2910 1061 2973 defidet'·

112 2997 198 3035 comm.
214 2982 257 3031 lib.
272 2980 317 3047 (to,
331 2981 362 3044 o).
381 2980 412 3028 1..
428 2992 448 3031 s.
470 2980 494 3029 O.
510 2981 566 3030 eod.
581 2979 653 3046 (t,t).
704 2977 725 3046 θ)
739 2979 785 3030 Sic
801 2979 862 3030 cdd.
877 2992 897 3032 o.
907 2993 928 3032 8.
939 2992 973 3032 ta.
983 2992 1016 3033 tu.
1027 2993 1061 3033 st.

112 3053 169 3103 Alii
183 3054 272 3101 omisso
287 3054 325 3100 uel
339 3051 460 3099 amissum.
488 3049 542 3099 Sed
554 3051 640 3115 quibus
655 3052 736 3099 missis
750 3066 785 3101 ear
798 3049 947 3114 quibusdam
964 3051 1025 3103 cad.
1038 3059 1063 3103 et

113 3121 227 3186 Interpr.
242 3123 313 3182 edd,
333 3121 399 3169 unde
413 3119 510 3169 Sedult.
530 3121 678 3170 emendabat
696 3122 781 3185 qulbus
800 3136 846 3170 non
860 3121 949 3171 missis.
977 3121 1063 3180 Mater

113 3209 172 3242 nam
186 3208 232 3255 quo
247 3193 335 3240 omisso
351 3193 425 3240 etiarn
440 3197 492 3239 est:
506 3192 613 3253 insuper
625 3190 713 3240 babitu
728 3192 934 3252 denunciatione,
945 3199 973 3242 ut
982 3208 1063 3257 neque

108 3270 326 3327 protestarentur,
341 3263 470 3310 mulierem
481 3269 666 3324 praepnantern
679 3277 713 3311 ex
727 3265 819 3313 marito
834 3278 884 3313 non
899 3277 969 3322 ease,
983 3278 1063 3328 neque

112 3334 232 3385 custodes
245 3335 373 3381 mitterent
377 3349 387 3388 ,·
406 3332 491 3394 itaque
506 3331 603 3380 dernurn
621 3347 707 3381 uerunt
720 3340 766 3394 est,
785 3333 854 3397 qnod
867 3333 976 3383 Paullus
990 3335 1062 3383 dicit.

114 3403 153 3466 Os.
168 3403 200 3451 l..
216 3415 235 3452 1.
251 3404 289 3464 §5-
305 3415 324 3452 1.
339 3414 359 3452 s.
374 3414 395 3451 s.
411 3413 444 3451 ιι.
459 3411 492 3450 ts.
508 3411 541 3450 ttt.
561 3400 592 3451 1).
608 3402 640 3450 de
654 3417 757 3466 apnosc.
775 3402 861 3468 (rus).
913 3401 933 3469 ¹)
950 3404 1031 3467 ffl-
1043 3417 1062 3454 1.

112 3475 151 3535 βξ.
166 3484 186 3523 s.
203 3485 235 3524 ts.
260 3472 291 3520 D.
311 3472 365 3522 eod.
444 3468 465 3534 ι)
484 3470 568 3519 muller
587 3485 641 3519 esse
656 3473 776 3536 plerique
797 3472 859 3522 Cdd.
878 3480 902 3522 et
920 3474 960 3522 ed.
979 3474 1062 3523 Haen.

115 3543 250 3592 Fortasse:
265 3557 318 3591 esse
333 3542 418 3590 mulier
432 3542 474 3589 cis.
527 3537 548 3603 ο)
564 3554 617 3588 esse
627 3556 678 3603 per
692 3557 806 3591 errarem
820 3543 859 3591 ed.
875 3542 907 3591 A.
975 3541 1007 3608 ¹⁰)
1024 3544 1062 3606 Cf.

112 3613 144 3662 L.
161 3627 172 3663 1
183 3629 227 3676 pr.
244 3613 274 3664 D.
289 3613 321 3661 ale
336 3614 427 3675 inspic.
444 3617 531 3659 uentre
545 3612 589 3670 (to,
599 3609 631 3674 t).
686 3608 718 3676 Η)
731 3611 777 3661 Sic
787 3614 906 3676 plerique
917 3612 979 3662 Cdd.
994 3621 1064 3675 negot

112 3684 169 3733 edd.
224 3680 257 3747 ¹²)
273 3682 329 3732 Non
340 3685 366 3730 in
375 3682 508 3745 superiori
517 3694 589 3737 earu,
599 3682 643 3728 cui
652 3687 705 3730 tres
714 3689 824 3731 statutae
833 3689 901 3740 sunt,
910 3683 958 3732 red
969 3685 994 3733 si
1003 3689 1064 3747 post

112 3760 216 3804 rnortern
230 3755 282 3802 oiri
296 3754 387 3801 mulier
400 3767 435 3801 ecc
448 3766 478 3801 eo
488 3757 675 3814 pracpnantern
689 3766 715 3800 ae
729 3752 836 3801 diamit.
857 3753 888 3800 1..
904 3765 924 3803 1.
939 3754 954 3813 ξ
978 3763 1010 3803 to.
1031 3752 1062 3800 D.

112 3824 168 3873 eod.
221 3819 254 3888 ¹³)
270 3823 354 3884 ΟΜ.
370 3836 389 3872 1.
416 3822 441 3871 G.
456 3821 492 3869 ad
505 3822 521 3868 l.
539 3820 614 3869 Corn.
628 3821 660 3869 de
679 3821 740 3882 sals.
756 3820 791 3883 (s,
806 3820 851 3885 st).
877 3821 999 3871 Philostr.
1019 3823 1062 3869 uit.

113 3893 233 3957 Apollon.
249 3905 270 3951 2,
284 3904 317 3944 so.
335 3893 364 3941 t..
380 3903 400 3942 s.
421 3891 452 3941 D.
468 3891 500 3938 de
516 3889 590 3938 Carb.
605 3891 643 3939 ed.
660 3889 705 3954 (tt,
720 3891 765 3954 to).
