2378 4386
156 624 198 683 20
499 629 527 663 nn
547 629 657 665 amaus
676 628 776 664 menno.

217 753 245 812 3.
269 755 306 811 Α.
332 754 392 810 Non
412 751 506 808 dubito
525 753 552 808 id
574 752 696 826 quidem;
718 752 766 808 sed
787 752 853 808 haec
872 754 921 808 lam
937 749 1014 826 (non)
1030 769 1062 808 er
1079 762 1114 822 te,

154 840 261 908 Quinte,
279 852 390 910 quaero,
411 852 506 891 uerum
522 852 554 891 ex
569 837 629 909 ipso
645 841 732 907 poeta,
749 837 824 891 tuine
839 851 935 890 uersus
951 837 1019 891 hanc
1034 853 1114 909 quer·

154 939 214 980 cum
229 921 361 991 sederint,
376 936 409 975 an
424 922 461 975 ita
476 918 576 975 iactum
591 918 624 975 de
640 919 731 989 llario,
747 927 777 975 ut
792 919 897 988 scribis,
913 920 1057 991 acceperis.

216 1003 348 1061 Morcus.
377 1001 558 1076 Respondebo
580 1002 629 1058 tibi
651 1003 784 1076 equidem,
806 1002 854 1056 sed
876 1019 930 1057 non
953 1012 1014 1057 ante
1037 1020 1115 1075 qnam

153 1089 216 1144 mihi
228 1096 259 1143 tu
274 1089 331 1160 ipse
342 1086 526 1161 responderis,
543 1088 642 1157 Attice,
658 1093 749 1142 corten
763 1080 838 1156 (non)
849 1084 959 1158 longea
975 1087 1029 1140 tuis
1045 1086 1115 1143 aedi·

153 1171 202 1227 bus
226 1169 392 1226 inambulans
414 1178 478 1245 post
499 1185 637 1226 excessum
659 1185 736 1224 suum
758 1167 888 1223 Romulus
909 1167 1025 1225 Proculo
1047 1169 1114 1227 lulio

152 1254 249 1310 dlxerit
270 1270 300 1309 se
320 1252 400 1310 deum
421 1269 481 1310 esse
497 1261 525 1308 et
540 1251 678 1321 Quirinum
695 1253 785 1308 uocari
800 1252 985 1325 templumque
1003 1253 1054 1309 sihi
1069 1254 1115 1310 de·

152 1337 235 1393 dicari
250 1338 277 1393 iu
293 1353 325 1393 eo
341 1337 402 1395 loco
419 1338 539 1407 iusserit,
555 1345 583 1393 et
598 1351 727 1392 uerumne
739 1336 784 1407 sit,
801 1343 831 1390 ut
843 1336 953 1391 Athenis
966 1353 1020 1392 non
1032 1337 1114 1409 longe

151 1422 216 1478 item
238 1429 314 1477 atua
328 1422 373 1478 illa
394 1423 503 1495 antiqua
522 1419 603 1475 domo
619 1418 765 1492 Orithyiam
781 1419 878 1492 Aquilo
898 1420 1056 1489 sustulerit;
1076 1424 1114 1477 sie

154 1507 225 1562 enim
240 1515 282 1562 est
297 1506 434 1563 traditum.

215 1589 246 1648 4.
270 1591 304 1647 A.
327 1589 461 1658 Quorsum
476 1585 583 1644 tandem
598 1595 644 1641 aut
659 1602 707 1641 cur
722 1587 757 1640 ita
773 1588 897 1660 quaerisi

216 1673 258 1728 M.
280 1674 351 1731 Nihil
366 1689 441 1745 sane,
456 1673 508 1727 nisi
519 1685 552 1725 ue
564 1670 641 1724 nimis
653 1668 798 1743 diligenter
810 1671 929 1745 inquiras
947 1674 974 1728 in
988 1689 1028 1744 ea,
1046 1689 1113 1746 quae

154 1757 208 1813 isto
225 1756 306 1813 modo
322 1758 465 1814 memoriae
480 1755 534 1809 sint
549 1751 665 1826 prodita.

216 1841 251 1897 A.
275 1843 355 1914 htqui
372 1838 454 1894 multa
473 1845 639 1909 quaeruntur
654 1838 682 1893 in
697 1837 787 1908 llario,
813 1837 908 1895 lictane
923 1856 955 1894 an
972 1856 1035 1896 uera
1049 1842 1113 1908 sint,

154 1933 181 1980 et
196 1942 210 1980 a
225 1940 280 1980 non
295 1923 385 1991 nullis,
408 1919 480 1992 quod
502 1928 529 1975 et
544 1921 571 1975 in
586 1924 688 1977 recenti
704 1924 829 1978 memoria
845 1931 872 1977 et
887 1925 913 1977 in
929 1926 1049 1995 Arpinati
1065 1924 1113 1979 ho·

154 2008 225 2062 mine
241 2020 359 2075 uersere,
375 2004 475 2059 ueritas
492 2020 506 2058 a
523 2012 550 2059 te
565 2004 728 2076 postulatur.

215 2087 255 2149 M.
280 2086 312 2142 Et
334 2103 376 2142 me
399 2087 509 2142 hercule
531 2103 584 2161 ego
608 2104 649 2143 me
672 2090 750 2160 cupio
773 2105 828 2143 non
845 2088 998 2160 urendaeem
1013 2091 1112 2161 putam,

152 2172 200 2227 sed
217 2181 305 2228 tamen
321 2167 398 2242 (non)
415 2170 482 2225 nulli
497 2172 556 2240 isti,
580 2171 639 2226 Tite
654 2182 764 2242 noster,
785 2172 885 2227 iaciunt
906 2173 1044 2244 imperite,
1067 2176 1112 2246 qui

151 2258 180 2313 in
195 2258 249 2314 isto
264 2253 384 2329 periculo
399 2269 455 2309 non
470 2262 501 2309 ut
515 2251 554 2328 (α)
570 2260 666 2328 poeta,
686 2254 734 2310 sed
749 2264 808 2311 uta
825 2264 895 2312 teste
911 2256 1051 2310 ueritatem
1067 2273 1112 2311 ex-

151 2342 243 2412 igan13
259 2355 308 2394 nec
322 2336 427 2409 dubim,
444 2339 508 2410 quin
520 2339 589 2394 idem
601 2347 628 2394 et
640 2356 700 2395 cum
712 2337 806 2413 Egeria
817 2339 990 2395 conlocutum
1002 2339 1112 2396 Numam

152 2428 179 2477 et
194 2422 227 2478 ab
241 2421 328 2495 aquila
343 2421 489 2495 Tarquinio
504 2425 606 2498 apicem
620 2424 767 2496 inpositum
782 2431 888 2496 putent.

214 2502 240 2562 o.
264 2503 296 2571 Q.
317 2504 450 2579 intellego
467 2515 504 2577 te,
521 2507 612 2573 irater,
627 2507 690 2563 alias
705 2509 731 2562 iu
747 2507 861 2565 historia
876 2508 951 2581 leges
967 2507 1112 2564 obseruan-

151 2588 197 2644 das
213 2597 318 2662 putare,
335 2588 399 2645 alias
414 2592 442 2645 in
457 2597 589 2665 poemate.

214 2672 256 2729 M.
280 2671 383 2747 Quippe
399 2690 459 2732 cum
475 2677 502 2732 in
517 2675 562 2731 illa
578 2671 692 2751 (omnio)
709 2675 742 2730 ad
754 2678 906 2747 ueritatem,
921 2675 1028 2747 Quinte,
1044 2676 1113 2733 reie-

150 2764 255 2832 rantur‚
270 2758 298 2813 in
313 2758 366 2816 hoe
381 2760 413 2815 ad
429 2759 635 2816 delectationem
650 2760 791 2832 pleraque:
815 2776 976 2832 quamquam
995 2769 1023 2816 et
1042 2759 1112 2832 apud

151 2837 330 2912 Herodotum,
347 2852 450 2915 patrem
466 2843 604 2909 historiae,
621 2850 649 2897 et
663 2840 733 2913 apud
744 2841 947 2915 Theopompum
959 2851 1023 2898 sunt
1034 2845 1112 2898 innu-

150 2923 291 2980 merabiles
307 2924 421 2981 fabulae.

193 3013 196 3018 '
214 3006 246 3064 ll.
269 3009 302 3064 Α.
326 3007 417 3063 Teneo
433 3024 511 3081 quam
527 3007 649 3080 optabam
666 3009 833 3063 occasionem
849 3023 937 3080 neque
954 3010 1083 3067 omittam.

214 3091 254 3152 M.
278 3090 362 3159 Quam
377 3089 588 3163 candentiae?

215 3178 250 3233 Α.
273 3175 431 3232 Postulatur
446 3191 461 3230 a
476 3184 503 3230 te
517 3177 569 3231 iam
585 3175 630 3230 diu
652 3174 696 3230 uel
719 3173 855 3247 flagitatur
877 3174 967 3247 potius
983 3173 1111 3239 historia;

151 3261 191 3315 sic
205 3262 276 3317 enim
291 3267 395 3334 putant,
411 3265 438 3314 te
453 3259 524 3315 illam
541 3266 673 3314 tractante
687 3257 758 3313 effici
772 3273 861 3331 posse,
878 3265 909 3313 ut
922 3259 950 3313 in
966 3258 1019 3313 hoc
1032 3259 1112 3313 etlam

152 3360 253 3418 genere
269 3343 393 3400 Graeciae
407 3344 474 3398 nihil
490 3343 626 3399 cedamus.
656 3349 738 3415 atque
753 3352 783 3396 ut
797 3341 898 3412 audias,
915 3341 977 3414 quid
991 3357 1043 3413 ego
1054 3343 1113 3415 ipse

152 3431 277 3497 sentiam,
293 3443 349 3483 non
364 3426 451 3482 solum
467 3428 531 3482 mihi
547 3426 647 3483 uideris
662 3441 757 3481 eorum
772 3424 880 3495 studiis,
895 3425 941 3498 qui
956 3424 1055 3481 litteris
1066 3425 1113 3481 de·

152 3511 296 3585 lectantur,
318 3511 365 3566 sed
387 3512 466 3566 etiam
487 3511 587 3584 patriae
609 3508 706 3565 debere
726 3510 778 3565 hoc
798 3525 909 3580 munus,
930 3516 1020 3579 ntea,
1044 3526 1112 3583 quae

152 3593 228 3648 salua
243 3610 292 3666 per
307 3602 335 3649 te
350 3601 401 3663 est,
417 3610 466 3667 per
481 3604 509 3649 te
523 3592 639 3649 eundem
654 3595 690 3648 sit
702 3601 814 3661 ornata;
830 3591 906 3648 ahest
917 3594 986 3648 enim
1000 3594 1113 3649 historia

151 3675 250 3731 litteris
272 3678 384 3749 nostris,
408 3687 438 3734 nt
460 3684 487 3733 et
509 3679 567 3750 ipse
588 3676 719 3750 intellego
739 3685 766 3733 et
788 3694 820 3733 ex
835 3686 863 3732 te
877 3693 1007 3752 persaepe
1022 3678 1111 3734 audio.

151 3767 231 3831 potes
243 3769 332 3817 autem
344 3768 375 3816 tu
383 3761 508 3834 prolecto
520 3763 585 3816 satis
597 3761 684 3818 iacere
695 3763 722 3817 in
734 3778 775 3830 ea,
791 3763 889 3835 quippe
908 3778 968 3818 eum
984 3763 1021 3817 sit
1033 3779 1112 3836 opus,

153 3852 182 3898 ut
206 3844 253 3900 tihi
277 3844 384 3918 quidem
407 3845 493 3901 uideri
515 3844 600 3917 solet,
630 3861 712 3900 unum
741 3846 793 3901 hoc
821 3847 968 3901 oratorium
991 3849 1111 3902 maxime.

151 3922 178 3987 6.
202 3945 281 4002 quam
297 3928 331 3986 ob
346 3945 403 3986 rem
418 3927 577 4002 adgredere,
598 3945 770 4002 quaesumus,
791 3938 818 3986 et
833 3946 909 3986 sume
923 3929 956 3985 ad
972 3932 1041 3987 hanc
1055 3948 1113 3988 rem
