2378 4386
189 202 212 211 ..

19 35 1111 358 Β

102 597 161 661 lib
312 618 409 654 resono
428 618 482 655 rvr.
500 618 562 655 noar.
581 618 666 655 varic.
685 607 838 656 tun-232.

101 741 227 822 nepotis¹
250 748 360 803 tutelam
381 746 566 805 administrare
581 747 789 822 conpellendum
810 750 979 825 priuilegio
1005 750 1081 810 'sub

101 824 219 899 ninum,²
240 847 328 904 neque
344 831 455 903 pupilli,
478 834 524 903 qui
547 848 579 886 ex
595 832 648 888 filia
663 834 769 904 patroni
787 834 882 902 uenit,
910 838 980 907 quia
999 853 1081 894 uaca-

101 915 175 970 tione
190 923 303 986 praeter
317 913 417 970 liberos
432 922 625 988 patronorum,
649 917 694 988 qui
712 931 760 988 pcr
776 915 889 972 uirilem
913 935 1017 976 sexum
1033 921 1078 977 de·

101 995 243 1064 scendunt,
259 995 348 1053 liberti
364 997 501 1055 iruuntur.

163 1074 231 1137 225.
254 1079 330 1138 item.
359 1080 393 1137 Et
407 1081 474 1138 baec
489 1083 600 1155 quidem
622 1081 655 1137 de
670 1097 720 1151 eo,
742 1083 785 1137 cui
808 1081 983 1142 beneficium
1000 1087 1077 1144 datae

100 1160 233 1219 libertatis
248 1163 403 1236 exprobrari
419 1172 519 1238 potest.
563 1157 678 1237 alioqui³
700 1179 874 1239 nequaquam
901 1169 1076 1227 credendum

101 1253 154 1318 est,
176 1249 201 1302 ei
216 1247 388 1321 priuilegium
403 1246 528 1317 ablatum,
551 1251 594 1306 cui
617 1247 822 1305 fideicommissa
843 1249 969 1308 libertas
985 1255 1075 1310 soluta

101 1339 152 1391 est.
189 1346 249 1386 nam
271 1333 298 1387 in
314 1339 373 1388 toto
397 1331 454 1387 iore
476 1334 535 1388 iure
557 1334 737 1388 manumissor
757 1333 896 1389 eiusmodi
919 1336 993 1393 nihil
1009 1339 1075 1394 iuris

102 1411 153 1486 (ut)
175 1422 305 1486 patronus
328 1414 458 1470 aduersus
480 1431 623 1489 personam
646 1416 726 1470 modo
754 1413 846 1472 liberti
874 1423 1071 1492 consequitur,

102 1497 166 1553 licet
181 1497 208 1553 in
223 1496 301 1554 bonis
317 1501 374 1554 eius
390 1501 496 1572 patroni
511 1500 554 1554 ius
569 1508 709 1566 exerceam
732 1506 858 1571 excepto,
884 1502 967 1575 quod
988 1506 1019 1561 in
1033 1507 1072 1560 ius

103 1597 203 1638 uocare
217 1590 360 1654 patronum
375 1583 479 1638 iniussu
494 1583 628 1655 praetoris
642 1599 697 1639 non
712 1580 815 1637 debeat.
833 1575 838 1658 l

0 1650 101 1722 niu]
166 1659 235 1721 226.
259 1657 353 1722 ⁴ltem.
390 1664 434 1721 lus
455 1665 596 1722 anulorum
619 1666 792 1739 ingenuitatis
814 1667 971 1741 imaginem
997 1687 1072 1745 prae·

13 1807 80 1846 m
103 1755 167 1817 stat,
182 1746 258 1803 saluo
274 1749 333 1804 iure
347 1757 523 1822 patronorum
539 1751 701 1822 patronique
716 1747 875 1805 liberorum.

16 1851 37 1887 c.
47 1851 76 1887 rr.
165 1824 231 1891 tui.
257 1830 366 1887 Paullus
388 1831 457 1888 libro
479 1842 556 1888 serto
580 1832 771 1899 Quaestionum
793 1831 845 1887 sub
867 1833 984 1893 rubrica
1006 1830 1067 1914 (de)

16 1892 229 1988 mmingitimis
245 1915 348 1972 tutelis.
385 1913 558 1989 ‘Apollinaris
573 1909 694 1972 Paullo.l
729 1914 784 1970 buo
805 1925 873 1971 sunt
890 1917 969 1990 Titii,
992 1929 1069 1994 pater

102 2007 130 2056 et
152 1997 236 2055 iilius:
259 1999 337 2054 datus
360 2007 401 2054 est
423 2008 500 2056 tutor
515 1999 612 2070 Titius,
635 2015 685 2055 neo
707 2006 828 2071 apparet,
851 1998 887 2056 de
904 2017 963 2074 quo
979 2006 1066 2059 sensit

102 2091 231 2151 testator3
254 2098 363 2155 quaero,
388 2082 452 2155 quitl
475 2085 510 2137 sit
531 2080 633 2137 iurisi'
676 2081 840 2153 Respondit:
863 2083 890 2138 is
915 2085 997 2141 datus
1013 2096 1065 2154 est,

102 2182 182 2239 quem
197 2166 259 2221 dare
274 2181 313 2228 se,
331 2172 444 2220 testator
459 2167 553 2220 sensit.
589 2168 611 2221 si
627 2166 653 2221 id
668 2182 723 2222 non
739 2165 865 2237 adparet,
886 2183 943 2224 non
957 2170 1001 2223 ins
1016 2169 1064 2223 de·

102 2248 168 2319 licit,
184 2249 231 2304 sed
246 2247 386 2321 probatio:
408 2263 476 2321 ergo
493 2257 588 2304 neuter
601 2258 642 2304 est
658 2258 741 2304 tutor.
769 2247 827 2303 Hoc
842 2253 1010 2324 rescriptum
1021 2258 1065 2306 est

100 2333 129 2387 in
144 2331 236 2387 Sticho
252 2331 424 2399 manumisso,
446 2332 468 2384 si
484 2329 538 2386 duo
553 2334 609 2387 sint
623 2332 717 2402 Stichi,
740 2340 767 2387 et
781 2333 935 2404 incertum,
959 2335 995 2391 de
1011 2351 1066 2408 quo

103 2421 219 2470 testator
233 2405 385 2486 senserit3⁶
408 2413 451 2469 uel
466 2416 490 2468 si
505 2412 613 2471 Erotem
629 2416 770 2487 legauerit,
791 2416 837 2488 qui
853 2415 949 2489 plures
968 2418 1065 2475 eodem

100 2496 209 2552 nomine
238 2495 331 2553 habuit
358 2490 483 2554 seruos.⁷
527 2497 604 2565 Quod
626 2500 654 2554 in
677 2500 791 2554 nummis
819 2497 920 2571 legatis
946 2517 1007 2558 non
1030 2503 1065 2558 ita

101 2578 216 2654 placuit:
239 2582 332 2637 sinon
348 2583 459 2654 adparet
474 2582 616 2653 noluntas,
638 2581 665 2637 id
681 2591 820 2655 acceptum
836 2590 896 2653 est,
920 2585 1000 2658 quod
1017 2587 1111 2656 mima

101 2679 153 2720 nns
171 2659 239 2721 est⁸

164 2744 234 2807 228.
272 2750 422 2806 Antoninus
445 2749 543 2805 Granio
567 2749 683 2806 Firmino
713 2740 819 2805 miiiti.⁹
865 2747 924 2804 ‘Ex
952 2750 1065 2809 duobus

101 2832 248 2903 tutoribus,
272 2835 317 2904 qui
339 2831 404 2889 ’non
426 2832 577 2906 specialiter
591 2835 618 2888 in
634 2833 722 2889 locum
740 2825 888 2888 excusati¹⁰
911 2833 970 2889 dati
987 2845 1062 2906 sunt,

177 3033 196 3101 ¹)
214 3036 277 3085 Num
293 3037 348 3099 filio
360 3037 462 3097 filiaeve
476 3042 605 3099 patronae
624 3042 719 3084 inuisam
738 3041 895 3097 potronatus
915 3037 980 3085 iuro
1001 3039 1065 3088 duta

101 3115 183 3157 erant.
206 3106 337 3164 Gaiana.
387 3103 408 3170 ²)
424 3106 465 3156 Ita
480 3105 527 3154 Vl.
575 3103 596 3170 ⁸)
611 3104 734 3169 Sequitur
744 3105 775 3153 L.
786 3116 819 3154 at.
835 3104 866 3152 Ι).
877 3103 902 3152 i.
914 3112 932 3153 i.
984 3106 1008 3173 ⁴)
1024 3109 1062 3170 Cf.

101 3178 133 3226 L.
149 3191 182 3229 lt.
198 3179 219 3239 ξ.
234 3188 253 3228 i.
274 3177 305 3226 L.
320 3189 353 3227 tt.
375 3177 396 3237 ξ.
411 3188 431 3226 s.
454 3175 485 3224 D.
500 3177 525 3226 ir.
540 3183 557 3224 i.
631 3174 653 3240 ι)
667 3175 790 3238 Sequitur
804 3175 835 3224 L.
850 3186 884 3225 tu.
905 3175 938 3223 1).
954 3177 990 3226 de
1005 3186 1064 3228 tesi.

101 3254 146 3296 tui.
162 3251 205 3310 (ro,
221 3248 242 3310 2)
259 3261 335 3310 nsque
350 3247 385 3294 nd
399 3245 476 3294 uerbo
494 3253 577 3294 neuter
596 3254 632 3295 est
652 3253 721 3294 tutor.
796 3241 816 3308 ο)
833 3244 871 3307 Gs.
889 3244 968 3293 Poui.
985 3246 1013 3296 S.
1031 3247 1062 3296 R.

100 3329 157 3375 ss.
176 3320 200 3378 §-
215 3329 247 3367 18.
272 3316 303 3363 L.
319 3326 344 3365 10
355 3331 398 3377 pr.
418 3315 449 3362 L.
465 3327 498 3364 it.
519 3315 549 3363 D.
565 3317 597 3364 de
611 3315 663 3364 reb.
679 3314 737 3366 dub.
758 3313 853 3379 (emt).
873 3313 904 3362 L.
921 3327 956 3365 81.
982 3317 1066 3368 ude

101 3403 208 3435 manum.
224 3392 279 3433 issi.
295 3383 339 3448 (to,
354 3382 385 3445 t).
439 3380 513 3447 ²)Cf.
528 3384 560 3432 L.
575 3396 608 3435 tit.
624 3388 647 3446 S.
663 3398 683 3435 1.
699 3385 730 3433 L.
746 3396 779 3435 st.
795 3386 818 3445 ξ.
834 3396 853 3433 1.
875 3383 908 3431 D.
925 3385 957 3433 de
973 3389 1025 3451 lep.
1041 3401 1063 3438 1.

102 3454 123 3520 ε)
140 3456 177 3517 Cf.
193 3454 224 3502 L.
240 3465 273 3503 te.
298 3453 329 3502 Ι).
349 3453 381 3501 de
399 3455 447 3517 lep.
466 3465 486 3504 a.
560 3451 582 3520 β)
602 3454 658 3504 Hoc
677 3457 844 3517 rescriptum,
864 3453 1064 3518 subscriptione

101 3537 202 3584 careus,
215 3525 272 3572 item
283 3539 317 3572 em
328 3524 503 3573 antecedentis
511 3522 567 3573 lou
579 3524 645 3574 libro
656 3524 693 3588 (ui
703 3526 742 3586 ἐξ.
753 3536 799 3576 1⁶⁸.
810 3524 867 3587 159.)
877 3525 981 3585 referri
985 3535 1062 3589 puto,

101 3609 132 3642 uc
146 3595 249 3642 iunicum
263 3594 310 3643 boc
325 3596 398 3642 titulo
413 3596 447 3643 sr't
461 3596 627 3657 rescriptum,
647 3596 715 3658 quod
728 3609 774 3644 suo
794 3595 893 3643 nomine
911 3595 1062 3655 reseratur.

102 3664 165 3713 Post
178 3663 271 3712 obitum
281 3663 371 3713 Seueri
385 3664 503 3714 Paullum
516 3663 680 3724 Quaestiones
690 3666 835 3727 scripsisse,
846 3669 920 3726 potet
930 3679 965 3713 em
980 3664 1014 3714 J..
1028 3678 1062 3716 18.

101 3734 132 3782 D.
148 3734 183 3782 nd
197 3737 289 3783 munio.
306 3734 353 3799 (oo,
370 3734 399 3800 1).
431 3735 568 3785 Caracallo
586 3742 611 3784 et
631 3734 694 3784 Geta
714 3741 828 3783 mortuus
847 3735 1014 3798 iuteiiipendi
1033 3738 1063 3784 in

100 3805 131 3853 L.
147 3814 180 3856 tii.
200 3805 232 3852 D.
247 3805 400 3855 demonum.
416 3813 471 3855 tesi.
486 3805 531 3870 (to,
544 3805 575 3866 t).
631 3799 664 3869 10)
679 3807 695 3853 ι’.
711 3819 732 3853 c.
748 3819 798 3853 non
814 3807 859 3863 ito,
873 3811 908 3859 ut,
923 3805 970 3866 qui
982 3811 1061 3860 esset,

100 3883 285 3933 excusaretur,
304 3884 327 3924 et
341 3877 434 3925 deinde
449 3879 475 3924 in
490 3878 545 3925 eius
560 3878 641 3924 locum
656 3875 683 3923 iri
697 3875 836 3931 durentur,
852 3875 939 3936 itaque
953 3872 1062 3923 babenti

85 3941 216 4005 'tutorem
232 3947 338 4011 ideoque
353 3948 488 3995 inutiliter.
507 3945 538 3994 L.
555 3957 586 3998 ιο.
603 3945 634 3994 Ι).
650 3945 681 3994 de
696 3951 741 3993 tui.
756 3951 781 3993 et
795 3958 850 3994 cur.
865 3944 919 3992 dat.
934 3944 980 4010 (to,
999 3943 1033 4010 t).
