2378 4386
153 538 216 604 584
364 557 593 594 nomannorum
611 556 708 594 nunu.
728 539 774 592 xl.
794 544 889 594 e-tt.

153 688 236 758 tinet,
258 685 340 742 hodie
360 683 479 741 ’cessicia
495 684 597 742 tutela¹
619 702 674 742 non
696 684 835 759 procedit,
851 685 978 759 quoniam
992 687 1109 757 permis·

152 785 213 827 sum
228 771 329 825 eratin
344 770 404 825 iure
418 769 514 826 cedere
530 770 641 826 tutelam
656 770 813 825 feminarum
829 776 942 839 nutum,
958 784 1014 825 uon
1025 770 1109 826 etiam
1120 772 1177 822 [⁴⁸⁸]

153 851 350 921 masculorum
374 851 530 909 feminarum
552 862 640 910 autem
663 853 795 926 legitimas
819 852 917 909 tutelas
940 852 983 908 lex
998 852 1109 912 Claudia

153 938 275 1007 sustulit,
293 944 403 1008 excepta
418 935 503 993 tutela
517 945 703 1010 patronorum.

217 1014 265 1074 ²9.
294 1019 425 1092 Legitima
452 1020 537 1076 tutela
559 1023 654 1095 capitis
676 1019 854 1077 diminutione
875 1020 1017 1076 amittitur.
1062 1015 1109 1079 10.

152 1103 252 1178 Capitis
268 1096 445 1159 minutionis³
458 1106 562 1176 species
578 1111 643 1161 sunt
660 1113 726 1175 tres,
743 1105 864 1175 maxima,
875 1103 972 1172 media,
988 1104 1108 1162 minima.

151 1185 185 1246 ll.
208 1186 320 1244 Maxima
335 1187 430 1261 eapitis
446 1186 587 1245 diminutio
603 1197 655 1261 est,
670 1203 812 1261 perquam
828 1197 856 1243 et
870 1189 966 1244 ciuitas
984 1194 1011 1243 et
1026 1186 1109 1244 iiber·

152 1280 194 1328 tue
208 1272 350 1340 amittitur,
367 1270 452 1327 ueluti
467 1288 527 1328 cum
538 1274 664 1329 incensus
680 1270 775 1344 aliquis
788 1273 913 1342 uenient,
929 1278 976 1326 aut
991 1270 1109 1341 'mulien

152 1349 241 1429 quod⁴
255 1355 343 1413 alieno
354 1371 436 1412 seruo
451 1371 481 1410 se
492 1357 619 1427 iunxerit,
634 1355 808 1413 denuntiante
820 1354 929 1410 domino
941 1358 1001 1411 eius
1012 1355 1110 1412 anciila

151 1438 222 1498 iacta
236 1439 320 1495 inerit
334 1454 367 1495 ex
382 1447 491 1495 senatus
507 1440 634 1497 consulto
650 1438 803 1495 Claudiano.
847 1434 888 1496 12.
912 1437 995 1493 diedia
1011 1439 1109 1511 capitis

152 1523 294 1579 diminutio
310 1522 422 1594 dicitur,
445 1538 594 1597 perquam,
610 1523 668 1579 sola
684 1523 794 1579 ciuitate
809 1524 921 1591 amissa,
939 1520 1050 1576 libertas
1064 1538 1109 1578 re·

152 1608 268 1677 tinctur3
285 1605 357 1677 quod
373 1605 403 1662 fit
418 1608 446 1662 in
461 1622 505 1677 eo,
519 1608 562 1662 cui
577 1623 645 1680 aqua
661 1614 689 1662 et
705 1606 761 1678 igni
776 1605 957 1665 interdicitur.
994 1600 1039 1663 ta.
1061 1603 1108 1659 ‘ir-

152 1690 223 1746 nima
237 1690 331 1762 capitis
346 1689 488 1747 diminutio
503 1696 560 1758 est,
580 1707 629 1763 per
648 1706 744 1763 quam,
768 1697 795 1745 et
811 1691 919 1745 deitate
934 1695 961 1743 et
981 1688 1057 1743 liber.
1072 1710 1077 1737 ι
1095 1724 1099 1737 .

151 1770 237 1844 salua,
252 1780 340 1829 status
352 1773 487 1829 dumtaxat
501 1773 617 1830 hominis
632 1781 765 1847 mutatum
783 1773 857 1846 quod
872 1772 902 1828 tit
917 1771 1016 1845 adopu«
1030 1790 1058 1825 nt
1081 1802 1109 1829 μ.

152 1858 180 1912 in
195 1872 301 1913 manum
317 1858 512 1914 conuentione.

215 1936 262 1998 14.
284 1939 457 1997 Testamento
480 1955 588 2013 quoque
613 1941 769 1996 nominatim
799 1949 904 1997 tutores
926 1938 979 1994 dati
1012 1940 1106 1995 ,retir-

151 2032 259 2082 tuantur
285 2023 378 2080 eadem
406 2023 467 2096 lege
490 2023 631 2079 duodecim
660 2023 810 2081 tabularum
839 2025 881 2080 his
910 2021 1016 2079 uerbi:
1047 2024 1106 2078 ‘uti

151 2107 266 2182 legassit
285 2100 387 2179 super⁵
407 2107 520 2178 pecunia
542 2106 664 2164 tuteiaue
680 2123 745 2164 suae
766 2109 822 2178 rei,
843 2109 880 2164 ita
895 2109 937 2163 ius
953 2106 1036 2163 csto’:
1057 2112 1104 2179 qni

153 2198 258 2247 tutores
280 2189 365 2246 datioi
386 2188 563 2262 appellantur.
606 2189 646 2248 tt.
669 2192 704 2261 (A
722 2184 923 2265 porentidue)⁶
942 2189 1104 2246 deri-testa-

151 2279 243 2330 mento
267 2282 373 2328 tutores
396 2281 512 2345 possunt
533 2273 638 2345 liberis,
667 2279 713 2348 qui
735 2277 762 2330 in
785 2282 920 2348 potestate
941 2280 1015 2332 sunt.
1060 2269 1105 2332 tu.

152 2349 341 2412 ⁷testamento
363 2364 468 2413 tutores
483 2357 539 2414 dari
558 2369 673 2431 possunt
692 2360 735 2432 hi,
755 2375 816 2415 eum
832 2357 930 2432 quidus
952 2360 1107 2414 testator-oti

46 2438 264 2509 195miacieudi
286 2440 328 2495 ius
351 2448 408 2510 est,
435 2450 541 2514 praeter
564 2439 567 2518 i
592 2441 714 2498 Latinum
736 2442 890 2510 lunianum3
914 2456 974 2496 nam
997 2440 1107 2497 Latinus

151 2522 231 2580 babet
246 2523 354 2597 quidem
371 2527 523 2582 testamenti
545 2526 700 2598 factionem,
720 2526 768 2581 sed
784 2534 872 2582 tamen
888 2533 964 2580 tutor
979 2523 1035 2579 dari
1051 2540 1107 2580 non

150 2614 261 2682 potest3
283 2607 310 2665 id
326 2609 397 2665 eninr
419 2609 462 2666 lex
476 2610 551 2666 lunia
566 2611 701 2684 prohibet.
744 2605 783 2666 tt.
807 2609 835 2665 Si
850 2611 936 2683 capite
956 2607 1107 2665 diminutus

151 2685 253 2749 tuertt⁸
276 2700 352 2751 tutor
374 2702 535 2751 testamento
558 2694 653 2764 datus,
675 2709 729 2749 non
750 2693 848 2748 amittit
869 2691 995 2765 tutelam3
1018 2691 1067 2748 sed
1083 2694 1107 2748 si

151 2775 315 2833 abdicauerit
338 2793 368 2834 se
396 2779 496 2850 tutela,
524 2777 621 2834 desinit
650 2792 710 2832 esse
737 2769 841 2834 tutor.⁹
887 2774 1008 2832 abdicare
1037 2772 1105 2849 ’(εε)

151 2854 264 2916 tutela¹⁰
278 2869 321 2917 est
335 2861 433 2932 dicere,
450 2861 522 2917 nolle
533 2876 563 2917 se
575 2869 693 2917 tutorem
705 2877 779 2928 esse;
796 2862 823 2937 in
834 2861 892 2916 iure
904 2858 1000 2916 cedere
1016 2867 1105 2914 autem

150 3011 362 3021 u-——.-—--

225 3112 245 3178 1)
260 3117 324 3165 cessi
338 3116 425 3164 atutela
444 3114 502 3163 Vat.
518 3117 596 3165 cessio
611 3118 697 3166 tnteiae
712 3133 746 3166 ex
759 3115 909 3180 Scdillinpii
923 3119 955 3178 ej.
971 3114 1010 3164 ed.
1024 3112 1071 3178 Bp.

153 3181 234 3249 ¹)Ad
247 3185 286 3245 ἐξ.
301 3196 384 3236 o-to.
399 3186 434 3246 cf.
452 3184 508 3234 dat.
520 3199 540 3241 r,
551 3197 671 3239 rte-me.
719 3184 740 3252 Β)
757 3187 822 3236 Cave
836 3186 1018 3249 corripendum
1028 3190 1106 3247 putes

152 3255 328 3314 diminutionis;
347 3255 468 3303 similiter
487 3257 513 3303 in
532 3271 585 3306 voc.
601 3258 723 3307 dimidiae
743 3264 768 3307 et
781 3258 879 3306 mediae
894 3258 982 3319 portis
1001 3257 1107 3304 cariore

151 3330 220 3374 amat
238 3322 364 3386 Ulpium
377 3326 446 3374 uelut
458 3335 493 3383 eo,
508 3337 528 3375 t.
547 3337 581 3385 ee,
597 3340 616 3376 r.
682 3325 704 3393 ⁴)
719 3328 752 3390 qd
767 3328 852 3376 mutiet·
871 3327 928 3376 Vot.
945 3326 1007 3390 quod
1022 3325 1108 3374 mulier

151 3394 208 3443 edd.
261 3391 282 3458 ⁶)
297 3394 385 3444 semilis
401 3396 475 3445 addit
488 3395 536 3461 Bp.
551 3397 590 3447 ed.
618 3396 671 3447 Sed
688 3399 739 3447 oid.
756 3397 847 3447 Iidem.
864 3397 931 3447 Mus.
948 3398 970 3458 s.
989 3396 1105 3458 durispr.

156 3463 217 3514 VII.
228 3479 256 3527 p.
267 3475 301 3516 ot.
353 3461 375 3530 ι)
389 3465 520 3529 Suppieoi.
542 3467 580 3531 Os.
592 3467 646 3518 Ftl.
658 3484 685 3531 p.
696 3478 743 3519 tte.
765 3467 822 3517 Gai.
834 3482 854 3527 1,
866 3480 912 3519 tu.
928 3467 973 3514 Fr.
988 3466 1047 3515 Vot.
1057 3475 1106 3517 229.

153 3531 174 3598 ⁷)
190 3534 228 3598 Cf.
244 3535 276 3584 L.
291 3546 325 3586 nr.
349 3536 382 3586 D.
397 3538 429 3586 de
443 3545 498 3587 test.
514 3545 559 3587 ter.
574 3537 620 3604 (eo,
635 3538 665 3604 r).
692 3538 748 3588 Gai.
764 3551 784 3594 t,
799 3549 833 3588 ee.
859 3538 902 3586 Pr.
923 3537 981 3586 Vnt.
996 3548 1042 3587 rte.
1059 3547 1106 3586 ros.

150 3615 198 3657 221.
214 3632 247 3643 -
262 3606 340 3668 Infra
354 3619 389 3666 20,
403 3620 424 3660 8.
502 3605 523 3674 ⁸)
537 3607 579 3658 Sc.
594 3611 697 3659 minimo
717 3610 812 3672 capitis
830 3609 1012 3661 diminutione;
1031 3614 1058 3654 ut
1073 3605 1106 3654 L.

151 3687 163 3728 't
174 3691 218 3739 pr.
239 3676 270 3725 D.
286 3677 318 3727 de
333 3694 389 3742 cop.
404 3680 464 3729 mira.
479 3679 512 3744 (o,
522 3678 553 3743 t).
575 3680 613 3743 Cf.
628 3681 651 3741 ὃ.
661 3691 683 3729 4.
702 3678 724 3728 I.
740 3678 807 3743 quid.
822 3679 887 3729 mod.
903 3685 947 3726 rat.
960 3679 1006 3739 fin.
1017 3676 1048 3740 (1,
1060 3676 1105 3740 28).

152 3741 228 3812 β)0[’.
245 3746 297 3798 Cic.
312 3749 348 3798 od
361 3748 440 3800 Atrio.
455 3761 476 3809 o,
491 3761 511 3800 1.
531 3752 585 3812 §.e
639 3746 734 3814 ¹⁰)adt.
750 3748 933 3814 (corriperet.)
953 3746 1012 3799 Vat.
1027 3754 1106 3795 autem

151 3817 209 3870 edd.
235 3816 330 3869 Sedet
351 3820 422 3869 tutela
443 3819 623 3877 desideratur,
644 3827 669 3869 et
689 3821 788 3883 duplex
808 3827 885 3868 autem
907 3817 1030 3881 offendit:
1054 3813 1104 3865 ‘sc’

147 3890 230 3951 periit
239 3897 349 3954 propter
364 3889 495 3939 abdica-re.

61 4022 102 4064 h
