2378 4386
392 536 428 570 on
446 534 567 572 morsus.
586 534 755 572 sucurre.
1011 529 1052 587 83

90 665 149 720 sine
164 677 280 735 corpore
295 663 383 718 animo
398 662 510 736 uigente
525 662 615 718 diuina
628 664 684 719 uita
696 670 753 731 est;
770 677 853 717 seusu
864 670 974 719 carente
986 662 1053 720 nihil

89 747 215 821 proiecto
230 753 274 802 est
287 744 369 801 mali?
386 774 425 785 -
442 743 558 802 iactant.
574 748 659 803 instit.
676 746 731 803 diu.
748 745 778 817 3,
796 746 846 817 19,
862 745 891 802 2.

152 826 180 888 2.
207 829 301 886 Cicero
322 829 356 885 de
376 828 483 902 iegibus
504 823 616 886 tertio:¹
653 827 715 897 ‘Qui
734 829 838 904 poterit
860 831 949 886 socios
972 832 1052 901 tueri,

89 917 112 971 si
131 914 259 971 dilectum
280 929 370 970 rerum
389 913 495 969 utilium
516 922 543 969 ct
562 913 696 970 inutilium
718 930 773 970 uon
789 911 927 971 habebut’
944 945 985 954 -
1000 914 1053 970 iia·

90 998 166 1057 erob.
183 996 216 1054 de
232 997 316 1054 differ.
332 1005 361 1053 et
375 1014 433 1053 soc.
450 997 542 1055 Gracci
558 995 615 1053 bat.
631 1015 659 1071 q.
676 995 753 1054 uerbi
765 998 814 1068 17,
831 998 860 1060 6.
876 1006 904 1054 et
914 1005 985 1058 auct.
998 1001 1051 1056 inc.

90 1082 124 1140 de
139 1081 224 1138 uerbo
239 1080 269 1153 5,
285 1081 314 1138 6.
576 1106 580 1110 ·

152 1161 181 1224 8.
201 1166 278 1222 Nunc
295 1173 384 1221 autem
400 1163 461 1220 matt
476 1173 543 1222 sunt
556 1166 729 1238 ignoratione
743 1166 811 1222 recti
826 1183 858 1222 ac
872 1165 946 1222 boni.
979 1166 1053 1240 quod

94 1249 200 1322 quidem
213 1248 307 1306 Cicero
328 1249 410 1304 uidit:
432 1247 574 1322 disputans
596 1250 666 1304 euim
681 1249 715 1305 de
730 1243 862 1323 iegibus‚³
878 1248 961 1306 ‘sicut
975 1249 1052 1321 uun’,

91 1335 194 1406 iuquit,
216 1328 374 1406 ‘eademque
396 1340 492 1388 natura
515 1332 631 1387 muudus
654 1332 777 1388 omnibus
800 1333 920 1407 partibus
936 1336 1007 1389 inter
1022 1351 1052 1390 se

91 1415 305 1492 congruentibus
320 1416 447 1471 cohaeret
462 1417 615 1486 renititur,
631 1417 671 1472 sic
686 1432 779 1472 omnes
795 1417 917 1472 homiues
933 1419 1006 1472 inter
1023 1433 1053 1472 se

90 1508 188 1557 natura
210 1499 328 1562 contusi,
351 1500 487 1571 pronitate
507 1499 682 1570 dissentiunt,
706 1515 756 1555 nec
770 1515 800 1555 se
815 1500 981 1574 intellegunt
993 1516 1053 1556 esse

90 1584 311 1657 consanguineos
329 1588 358 1635 et
377 1580 513 1637 subiectos
529 1598 622 1639 omues
638 1583 689 1638 sub
706 1598 784 1638 unam
800 1583 967 1656 eandemque
982 1590 1053 1640 tute·

89 1666 159 1724 iam:
176 1664 250 1739 quod
265 1664 289 1718 st
303 1671 452 1733 teneretur,
473 1664 584 1721 deorum
599 1666 723 1739 proiecto
742 1667 823 1722 uitam
839 1667 961 1724 homines
977 1669 1052 1725 uiue·

89 1750 178 1806 rent!
196 1777 232 1788 -
250 1745 370 1804 Lactant.
387 1748 470 1803 instit
483 1747 539 1806 diu.
554 1748 583 1820 5,
600 1750 630 1821 8,
649 1751 696 1808 10.

152 1830 182 1892 4.
205 1831 276 1888 Sunt
298 1831 344 1904 qui
365 1833 516 1902 aestiment,
536 1833 590 1891 hoc
609 1833 723 1891 uerbum
746 1833 924 1891 ‘umbracula'
940 1834 1052 1909 Virgilio

90 1927 200 1974 auctore
221 1916 409 1989 conpositum,
430 1933 490 1972 cum
508 1917 594 1974 Varro
677 1920 772 1973 dixerit
795 1961 843 1977 ...
864 1928 893 1976 et
912 1919 1005 1975 Cicero
1025 1920 1053 1975 iu

91 2003 185 2074 quinto
202 2000 235 2057 de
245 1999 373 2074 iegibus:
394 1998 485 2056 ‘Visne
501 2001 595 2076 igitur,
612 2005 737 2075 quoniam
754 2003 795 2059 sol
814 2002 952 2076 paululum
968 2020 982 2057 a
998 2019 1053 2058 me·

91 2085 156 2141 ridie
170 2087 224 2141 iam
234 2083 355 2140 deuexus
371 2084 481 2141 uidetur
495 2084 648 2158 nequedum
664 2089 729 2141 satis
745 2085 776 2141 ab
792 2087 832 2142 his
845 2087 961 2142 noueilis
975 2086 1052 2143 arbo·

90 2161 180 2224 ribus³
195 2169 283 2224 omnis
298 2168 343 2224 bic
355 2165 432 2225 locus
445 2180 583 2241 opacatur,
599 2164 806 2225 descendamus⁴
819 2170 852 2225 ad
863 2167 944 2225 Lirim
955 2186 1051 2241 eaque,

92 2267 160 2324 quae
181 2260 302 2324 restant,
323 2252 352 2307 in
374 2251 428 2307 iliis
450 2252 572 2308 aiuorum
595 2252 756 2309 umbraculis
780 2253 991 2328 persequamur?
1012 2283 1050 2292 -

92 2333 206 2391 iiacrob.
223 2333 277 2391 Sat.
294 2335 324 2407 6,
339 2333 371 2406 t,
387 2334 416 2393 8.

152 2414 180 2478 6.
201 2417 326 2493 iiagnuur
348 2417 441 2475 Cicero
469 2418 607 2493 audaxque
635 2421 776 2476 consilium
798 2425 951 2496 suscepisse
973 2423 1052 2478 Grae-

93 2503 157 2559 ciam
178 2501 258 2572 dicit,
281 2501 354 2576 quod
369 2502 529 2577 Cupidinum
550 2511 578 2558 et
593 2505 721 2559 Amorum
740 2505 882 2561 simulacra
897 2508 923 2560 iu
940 2522 1051 2579 gymna-

94 2588 139 2642 siis
154 2593 350 2644 consecrasset.
381 2586 505 2642 adulatus
524 2594 565 2642 est
582 2585 708 2641 uidelicet
723 2589 811 2643 Attico
826 2596 854 2642 et
868 2590 951 2643 irrisit
966 2589 1052 2643 bomi-

93 2686 152 2726 nem
174 2669 339 2726 familiarem.
372 2668 430 2726 Nou
452 2671 522 2726 enim
543 2669 611 2724 illud
632 2685 758 2741 maguum
779 2679 826 2724 aut
841 2671 949 2725 omniuo
965 2672 1053 2725 consi·

94 2752 158 2808 lium
172 2752 315 2810 dicendum
330 2752 394 2825 suit,
409 2753 457 2810 sed
472 2752 670 2827 impudicorum
685 2752 822 2808 bominum
844 2752 949 2827 perdita
963 2759 992 2808 et
1006 2753 1052 2809 de·

93 2837 198 2909 plorata
217 2839 349 2910 nequitia,
372 2838 420 2910 qui
441 2835 541 2893 liberos
563 2853 640 2907 suos,
662 2852 731 2911 quos
754 2837 861 2893 erudire
883 2833 915 2893 ud
939 2837 1052 2894 honesta

91 2919 229 2993 deberent,
250 2923 452 2994 prostituerunt
467 2918 570 2978 libidini
587 2922 753 2978 iuuentutis:
777 2938 791 2976 a
814 2920 911 2995 quibus
934 2920 1052 2997 iiagitio·

90 3021 148 3061 rum
164 3005 246 3075 deos,
269 3013 297 3060 et
311 3007 338 3059 in
354 3005 408 3060 iliis
422 3006 593 3078 potissimum
608 3004 692 3076 locis,
714 3005 758 3061 ubi
774 3005 845 3061 nuda
861 3021 976 3080 corpora
991 3025 1051 3064 cor·

162 3150 182 3216 ¹)
197 3154 226 3201 in
240 3151 289 3210 dis,
304 3158 332 3199 ut
346 3151 412 3200 idem
425 3159 495 3201 recte
509 3152 621 3210 iudicat,
636 3168 702 3216 quoe
715 3160 775 3202 unte
788 3169 810 3203 c.
825 3165 846 3204 s.
862 3155 1052 3204 interciderunt

90 3222 288 3286 spectabantque
306 3220 343 3270 od
361 3223 439 3286 Iegem
455 3224 526 3271 ilium
540 3223 613 3271 sociis
628 3231 742 3286 percocto
757 3225 788 3288 (u,
802 3235 823 3282 a,
837 3223 862 3288 t)
877 3226 1051 3288 interpreten-

90 3294 154 3343 dum.
186 3289 208 3359 ¹)
223 3299 325 3357 quarto,
340 3298 368 3340 ut
377 3299 451 3356 puto,
466 3291 543 3350 libro,
558 3295 586 3342 in
600 3308 649 3357 quo
664 3294 696 3343 de
707 3295 812 3343 iudiciis
817 3297 960 3359 poenisque
970 3296 1051 3345 disse-

90 3366 173 3414 ruisse
187 3364 299 3413 oidetur.
329 3361 402 3412 Certe
416 3363 573 3413 Lactantius
586 3379 617 3413 ea
631 3366 719 3428 affert,
734 3365 777 3413 ubi
791 3365 823 3413 dc
837 3364 936 3430 iegibus
946 3369 1051 3428 poenis·

90 3449 135 3498 que
149 3436 207 3500 cpit
221 3448 272 3482 non
287 3435 451 3492 necessariis,
465 3437 489 3484 si
503 3449 588 3485 omnes
602 3437 658 3484 ocri
667 3435 710 3484 dei
719 3437 798 3500 tegern
807 3443 984 3499 sequerentur.
1005 3435 1051 3484 Εἰ-

90 3505 143 3554 dem
157 3504 226 3554 libro
240 3503 304 3552 dccc
319 3502 461 3568 Augustini
475 3504 517 3568 (de
532 3505 580 3554 cic.
591 3505 634 3554 dei
643 3517 677 3560 21,
688 3504 724 3569 ιι)
739 3505 899 3570 assignanda
910 3506 1009 3568 forent,
1028 3507 1052 3554 si

90 3577 190 3625 omnino
205 3574 235 3624 id
248 3573 317 3638 quod
329 3576 416 3638 affert,
430 3590 464 3624 esc
478 3574 555 3624 libris
568 3576 600 3624 de
615 3574 826 3640 legibuspetitum
836 3590 890 3624 ess·
905 3583 976 3625 certo
991 3591 1051 3625 con·

89 3650 177 3697 uaros.
205 3644 265 3695 Octo
275 3658 360 3706 genera
371 3660 500 3709 poenarum
515 3647 539 3694 in
549 3647 639 3707 legibus
651 3661 705 3695 esse
716 3647 800 3695 scribit
809 3645 911 3695 Tullius:
931 3646 1051 3705 damnum,

90 3716 192 3778 uincula,
211 3714 320 3776 uerbere,
336 3716 456 3778 talionem,
471 3717 631 3777 ignominium,
647 3717 763 3778 exsilium,
778 3724 887 3776 mortem,
902 3716 1050 3764 seruitutem.

91 3780 226 3851 'Marum
240 3787 332 3836 mentio
345 3787 419 3847 facta
433 3801 488 3837 esse
501 3788 604 3836 uidetur
618 3788 784 3849 disputatum
798 3788 849 3834 ium
863 3786 895 3833 de
914 3783 1052 3832 liberorum

87 3858 249 3910 educatione.
280 3853 302 3921 ⁴)
317 3855 362 3904 Eo>
380 3855 491 3906 Vabtcni
505 3860 537 3918 φ’.
553 3857 711 3906 descendatur
730 3853 847 3905 Macrob.

804 3937 841 3988 6*
