2378 4386
319 520 384 558 rem
402 519 497 559 ramur
515 519 586 557 rm.
604 500 638 555 V.
657 507 699 558 20.
718 508 761 558 21.
951 502 1016 567 549

323 667 386 709 ΤΠ.
401 668 452 711 11.
481 666 523 709 DE
538 665 760 710 rhounnrentts.

131 756 175 822 ¹1.
197 760 328 819 ’incendia
344 762 366 818 si
388 755 454 836 qui²
475 764 502 819 iu
522 761 622 837 oppido
642 760 786 836 praedandi
807 775 885 818 causa
905 760 1017 835 iaciunt,

67 838 221 923 ¹(focile)³
236 848 324 919 capite
339 847 498 920 pumuntur.
542 843 570 903 2.
594 845 643 914 Qui
659 861 746 906 casnm
762 853 808 902 aut
823 845 916 903 uillam
931 847 1018 902 inimi·

67 932 188 988 citiarum
212 932 296 1005 gratia
319 930 511 1000 incenderunt,
533 930 689 986 humiliores
711 930 739 985 io
760 930 895 987 metallum
922 939 968 987 aut
990 932 1018 988 lu

67 1031 136 1090 opus
151 1013 288 1088 publicum
304 1014 478 1084 damnantur,
494 1015 663 1069 honestiores
678 1014 705 1068 in
720 1012 833 1069 insulam
849 1012 1017 1089 relegantur.

67 1096 95 1157 ³.
123 1098 242 1155 Fortuita
271 1098 390 1154 incendia
413 1100 445 1154 ’si
467 1090 581 1171 iniquo⁴
611 1114 674 1155 casu
697 1098 770 1153 uenti
801 1097 904 1154 lerente
930 1093 1017 1155 ’slue⁵

66 1183 169 1239 incuria
191 1183 282 1257 ignem
305 1184 485 1256 supponentis
508 1180 539 1236 ad
562 1197 650 1255 usque
678 1182 759 1236 ulcinl
785 1196 866 1253 agros
888 1181 1015 1252 euaduut,

66 1260 147 1339 ’leil⁶
167 1268 190 1323 si
206 1283 238 1322 er
260 1258 326 1321 'eis⁷
350 1282 429 1338 sepes
452 1265 494 1320 uel
518 1266 595 1320 uinea
618 1263 661 1320 uel
684 1263 772 1319 oliuae
794 1263 837 1319 uei
864 1263 1018 1321 fructiferae

68 1349 177 1407 arbores
193 1358 406 1416 concrementur,
423 1349 514 1403 datum
530 1346 654 1403 damnum
677 1348 861 1403 aestimatione
877 1350 1016 1409 sarciatur.

66 1430 97 1490 4.
121 1433 298 1489 Commissum
315 1449 380 1488 uero
396 1447 549 1502 seruorum,
565 1433 587 1487 si
603 1431 711 1487 domino
723 1431 857 1496 uideatur,
871 1447 956 1488 noxae
970 1431 1016 1488 de-

67 1517 168 1574 ditione
184 1508 333 1571 'sarcitur.⁸
361 1512 390 1572 o.
406 1515 530 1571 llessium
546 1531 609 1571 sane
620 1513 769 1588 perdolum
781 1515 937 1571 incensores
950 1511 1017 1584 (uel)

68 1602 206 1657 uinearum
222 1599 390 1655 oliuarumue
405 1608 452 1655 aut
467 1600 493 1654 in
509 1599 645 1655 metallum
668 1597 825 1656 humiliores
847 1599 1017 1670 damnantur,

68 1692 114 1739 aut
129 1683 299 1738 honestiores
314 1684 342 1739 in
357 1681 471 1738 insulam
486 1683 651 1757 releguntur.
691 1681 719 1746 6,
740 1675 812 1749 ⁰(iul
826 1692 909 1740 noctu
925 1681 1018 1741 lructl·

68 1768 138 1825 leros
153 1765 264 1822 arbores
279 1782 359 1822 manu
375 1767 443 1824 iacta
458 1767 619 1838 ceciderint,
640 1766 671 1823 ad
694 1778 800 1842 tempus
816 1766 975 1842 plerumque
990 1769 1018 1824 io

68 1867 138 1925 opus
157 1849 294 1925 publicum
315 1852 490 1922 damnantur,
512 1859 559 1908 aut
578 1853 748 1909 honestiores
769 1850 894 1908 damnum
919 1852 1018 1909 sarcire

10 1951 55 1999 roa]
68 1944 205 2010 coguntur
221 1933 265 1990 uel
280 1936 353 1991 curia
369 1935 565 1991 submouentur
578 1935 622 1992 uel
638 1935 801 2008 relegantur.

126 2107 189 2148 rte.
205 2104 269 2148 xxi.
298 2105 340 2146 nii
355 2104 638 2149 VATICINATORIBVS
654 2107 695 2148 ET
709 2104 953 2148 launoii-mors·

130 2197 157 2258 1.
182 2193 424 2271 ¹⁰Vaticlnatores‚
440 2202 485 2272 qul
501 2199 595 2257 sedeo
616 2200 711 2274 plenos
726 2200 896 2269 assimulant,
917 2200 1017 2260 idcirco

69 2286 179 2342 ciuitate
194 2284 291 2358 expelli
306 2284 421 2359 placuit,
443 2301 475 2340 ne
496 2283 611 2340 humano
626 2284 785 2341 credulitate
806 2284 907 2359 publici
928 2302 1017 2343 mores

70 2368 102 2425 ad
119 2385 193 2443 spem
209 2368 320 2424 alicuius
337 2369 375 2424 rei
391 2379 645 2442 corrumperentur,
662 2368 705 2424 uel
721 2377 795 2425 certe
810 2385 841 2425 er
857 2386 889 2427 eo
905 2370 1018 2445 popula·

70 2469 113 2509 res
129 2453 209 2509 animi
226 2451 408 2508 turbarentur.
444 2450 560 2524 ideoque
576 2455 661 2526 primo
681 2450 795 2508 lustihus
818 2455 888 2509 eaesi
907 2455 1018 2510 ciuitate

70 2536 225 2610 pelluntur3
241 2544 445 2609 perseuerantes
460 2543 549 2591 autem
563 2537 592 2593 ln
604 2536 708 2591 uincula
720 2533 827 2609 publica
838 2538 1019 2593 coniiciuntur

69 2630 114 2676 aut
136 2622 163 2676 in
185 2620 299 2676 insulam
322 2619 500 2694 deportantur
523 2617 565 2674 uel
588 2629 660 2675 certe
680 2618 846 2691 relegantur.
883 2612 911 2675 2.
937 2612 1019 2687 ¹¹Qu

70 2721 154 2760 nouas
174 2714 202 2760 et
224 2719 273 2760 usu
289 2703 332 2760 uel
354 2704 458 2760 ratione
480 2704 630 2776 incognitas
650 2701 796 2775 religiones
812 2701 964 2774 inducunt,
987 2719 1019 2759 ex

69 2786 166 2860 qulbus
180 2788 259 2844 anlml
281 2788 418 2845 hominurn
442 2795 617 2856 moueantur,
641 2786 812 2842 honestiores
831 2785 1019 2861 deportamur,

70 2870 224 2928 humiliores
239 2873 326 2945 capite
341 2875 499 2946 puniuntur.
535 2867 562 2928 8.
582 2863 666 2938 ¹²Qui
681 2869 714 2927 de
729 2869 816 2926 salute
831 2871 960 2944 principis
975 2869 1020 2927 uel

69 2954 102 3010 de
117 2971 219 3012 summa
235 2955 396 3030 reipublicae
412 2958 622 3025 mathematicos,
639 2955 748 3023 ariolos,
764 2954 936 3028 haruspices,
951 2955 1020 3011 uati·

69 3040 202 3097 cinatores
224 3040 357 3111 consulit,
379 3056 439 3097 cum
456 3057 506 3114 eo,
528 3045 574 3114 qul
589 3038 775 3115 responderit,
797 3040 883 3112 capite
899 3041 1020 3113 punitur.

69 3120 97 3182 4.
124 3116 213 3180 ¹³Non
230 3133 333 3181 tantum
349 3125 512 3181 diuinatione
536 3126 612 3198 quis,
634 3122 682 3181 sed
702 3125 760 3198 lpse
781 3123 892 3180 scientia
907 3123 1021 3198 eiusque

145 3299 193 3350 ii..
217 3300 281 3351 XX.
321 3298 341 3367 ¹)
360 3303 398 3364 ἐξ.
418 3314 486 3354 1-1.
506 3318 541 3352 eae
561 3303 604 3353 Cd.
629 3303 686 3353 Vee.
721 3301 863 3353 Praetereo
885 3304 1022 3353 extentio

71 3370 159 3422 Collot.
170 3383 204 3429 11,
214 3384 235 3423 t.
246 3382 266 3422 1.
278 3384 308 3431 1.,
323 3371 366 3422 udi
379 3373 430 3422 oid.
446 3380 542 3423 notaio.
590 3371 611 3438 ⁸)
626 3373 768 3424 incendiarii
782 3374 821 3437 qui
835 3372 892 3437 quid
908 3372 951 3422 ed.
963 3373 1020 3423 edu.

69 3437 91 3507 ⁸)
105 3441 150 3491 Ex
166 3442 256 3493 Collot.
308 3441 330 3509 ⁴)
344 3456 403 3506 quae
420 3442 463 3492 cd.
479 3444 536 3492 edd.
588 3442 610 3509 ⁶)
624 3445 661 3492 uel
675 3444 717 3493 od.
729 3444 786 3493 edd.
838 3441 860 3508 ⁸)
875 3443 1021 3493 EorGoilai.

70 3509 91 3578 ²)
107 3513 196 3562 Collat.
212 3528 240 3562 eo
257 3513 301 3563 cd.
316 3514 374 3563 edd.
439 3510 460 3578 ⁸)
477 3512 565 3562 Collat.
586 3516 702 3563 sarciutur
717 3514 761 3563 Cd.
776 3514 833 3564 edd.
899 3509 919 3578 ⁹)
936 3513 973 3576 Os.
988 3513 1021 3563 L.

71 3580 140 3633 Rom
156 3581 335 3649 Burp.1eliu.

143 3653 191 3704 Pit.
212 3654 290 3704 XXI.
331 3650 413 3720 ¹⁰)Cf.
426 3653 589 3712 Collatum.
605 3655 645 3715 56.
655 3666 715 3705 80⁶.
731 3679 764 3690 -
782 3653 898 3718 Gothosr.
913 3653 988 3702 adh.
999 3665 1021 3704 1.

72 3722 116 3773 ih.
134 3722 447 3789 0.uematefiets(e,1r).
515 3720 548 3790 ¹¹)
564 3723 601 3786 Cf.
619 3724 707 3774 Cullot.
723 3734 756 3780 15,
771 3735 792 3774 a.
806 3725 830 3786 fl.
845 3733 865 3774 1.
932 3719 965 3786 ¹⁸)
982 3722 1021 3785 Cs-

70 3793 160 3845 Oollat.
176 3805 244 3853 11,1.
260 3797 282 3858 5.
293 3807 313 3847 a.
338 3794 443 3844 Terinil.
458 3795 526 3856 apol.
537 3804 570 3845 so.
586 3793 635 3842 Iul.
647 3794 725 3842 dlrm.
737 3792 817 3844 Moth.
828 3802 849 3854 1,
864 3794 908 3841 ult.
923 3789 1021 3841 Soron.

68 3862 127 3914 dtas.
142 3867 204 3915 ecci.
220 3876 241 3924 a,
255 3875 289 3917 ro.
343 3862 377 3929 ¹⁸)
393 3864 430 3926 Os.
447 3863 536 3912 Cottae.
552 3874 586 3920 ro,
600 3874 620 3912 a.
636 3865 658 3924 ξ.
674 3874 694 3912 e.
