2378 4386
374 562 434 597 carr
454 563 556 598 rssrrr.
574 542 610 598 ΙΙ.
630 547 739 598 hai-59.
975 542 1038 608 233
1128 612 1131 617 ,

73 700 122 762 64.
135 701 222 770 Quare
238 711 327 759 autem
344 703 406 761 'hoc
421 720 484 761 casu
496 699 595 762 etiam¹
612 704 664 761 soii
680 720 770 760 rerum
786 719 873 761 annua
888 703 1039 759 constituta

74 789 108 843 sit
131 789 276 862 usucapio,
300 787 346 844 iiia
362 790 430 845 ratio
446 798 498 861 est,
522 788 595 864 quod
617 789 681 846 oiim
702 804 793 844 rerum
815 786 1039 844 hereditariamm

73 874 248 945 possessione
263 865 370 931 ἰιιῑὶιιῑ2
385 874 458 947 ipsae
473 875 639 931 hereditates
654 875 766 947 usucapi
782 871 972 944 credebantur,
988 873 1039 928 sci-

75 955 137 1014 licet
159 974 244 1014 auno:
267 958 310 1015 ies
333 958 404 1015 enim
424 974 471 1015 xrr
491 959 642 1016 tabularum
664 959 716 1015 soii
740 957 848 1031 quidem
871 974 915 1014 res
929 957 1040 1014 hiennio

75 1044 186 1117 usucapi
208 1044 305 1115 iussit,
326 1052 433 1101 ceteras
456 1060 523 1100 uero
548 1059 634 1099 anno:
657 1059 724 1117 crgo
747 1043 883 1101 hereditas
898 1043 926 1098 in
941 1043 1040 1098 ceteris

76 1128 156 1184 rebus
172 1126 314 1185 uidebatur
330 1143 400 1198 csse,
417 1129 480 1201 quia
496 1127 548 1184 soii
565 1144 619 1183 non
635 1135 678 1182 est
690 1127 788 1200 'neque
809 1127 960 1200 corporalis
981 1127 1040 1200 qui·

76 1212 138 1266 dem
159 1205 234 1269 est2³
254 1204 307 1290 (et)
323 1212 446 1286 quamuis
469 1221 563 1285 postea
579 1209 712 1267 creditum
727 1213 772 1280 sit,
789 1213 860 1284 ipsas
876 1211 1040 1267 hereditates

79 1298 187 1371 usucapi
202 1313 257 1354 non
273 1313 366 1370 posse,
383 1305 472 1353 tamen
488 1298 516 1351 in
532 1293 655 1351 omnibus
671 1295 754 1351 nehus
767 1295 946 1365 hereditariis,
962 1297 1040 1351 etiam

77 1395 144 1453 quae
154 1380 215 1438 soio
229 1390 368 1451 tenentur,
383 1396 471 1436 annua
486 1381 615 1453 usucapio
631 1380 770 1437 remansit.
794 1376 840 1437 65.
852 1378 939 1444 Quare
952 1386 1042 1434 autem

76 1466 185 1522 omnino
209 1472 264 1521 tam
286 1463 400 1537 inproba
424 1466 562 1537 possessio
578 1472 606 1519 et
627 1465 757 1537 usucapio
779 1478 908 1519 concessa
930 1464 975 1533 sit,
998 1461 1043 1518 iiia

76 1550 143 1607 ratio
165 1558 225 1619 est,
247 1549 321 1622 quod
342 1549 492 1607 uoluerunt
514 1556 620 1604 ueteres
641 1549 773 1604 maturius
789 1545 952 1603 hereditates
966 1545 1043 1619 adiri,

76 1642 106 1690 ut
122 1640 229 1702 essent,
245 1634 291 1703 qui
307 1648 382 1688 sacra
398 1631 529 1703 iacerent,
550 1647 667 1705 quorum
688 1631 741 1688 illis
758 1630 924 1706 temporibus
939 1647 1044 1688 summa

76 1716 236 1774 obseruatio
253 1713 313 1788 suit,
329 1714 367 1773 ’et
383 1710 433 1773 ut⁴
447 1717 598 1775 creditores
612 1715 758 1789 haberent,
779 1733 794 1772 a
814 1732 869 1790 quo
884 1732 964 1773 suurn
978 1732 1043 1777 con-

76 1808 270 1875 sequerentur.
309 1795 358 1861 56.
381 1801 452 1859 Haec
474 1811 564 1859 antam
593 1804 697 1876 species
725 1802 908 1876 possessionis
930 1810 957 1857 ct
981 1818 1044 1857 usu·

78 1887 202 1960 capionis
216 1887 296 1943 etiam
311 1886 445 1943 lucratiua
461 1894 589 1945 uocatur:
605 1903 665 1943 nam
681 1888 770 1943 sciens
781 1888 897 1961 quisque
909 1902 966 1941 rem
982 1885 1044 1941 alie·

78 1988 139 2028 nam
155 1970 298 2029 lucrifacit.
334 1967 381 2030 67.
395 1970 448 2028 Sed
463 1971 516 2029 hoc
532 1981 654 2046 tempore
674 1966 755 2029 ’iam⁶
771 1988 826 2028 non
842 1979 885 2027 est
900 1970 1043 2028 iucratitra:

80 2072 139 2111 nam
160 2072 193 2112 ex
214 2053 386 2114 'auctoritate
400 2051 480 2114 diei⁶
499 2056 623 2114 Hadriani
642 2065 753 2115 senatus
769 2055 928 2114 consultum
944 2054 1044 2113 iactum

81 2149 191 2212 est‚·ut
208 2140 275 2197 tales
292 2143 474 2215 usucapioncs
489 2150 700 2211 tensamentum
723 2150 751 2198 et
773 2142 834 2198 ideo
850 2148 944 2216 potest
966 2140 1044 2198 heres

82 2224 114 2279 ab
130 2241 174 2295 eo,
189 2226 235 2299 qui
249 2241 305 2281 rem
318 2228 453 2301 usucepst,
470 2226 646 2283 hereditatem
658 2226 776 2300 petendo
789 2227 900 2300 perinde
916 2241 973 2282 eam
988 2241 1045 2283 rem

82 2311 222 2383 consequi,
237 2319 319 2382 atque
335 2312 357 2367 si
373 2321 503 2385 usucapta
518 2329 573 2368 non
595 2319 677 2371 esset.
712 2309 762 2370 ds.
780 2307 865 2390 (Suo)
882 2319 909 2368 et
928 2306 933 2387 Ι
952 2326 1046 2370 neces·
1058 2309 1100 2361 68·

82 2395 153 2450 sario
170 2403 257 2450 tamen
270 2394 369 2451 herede
380 2404 487 2452 extante
503 2389 596 2452 ’nihii'
611 2398 671 2470 ipso
684 2399 743 2453 iure
755 2414 805 2472 pro
817 2396 917 2453 herede
934 2397 1045 2471 usucapi

82 2485 184 2550 potest.
217 2475 265 2537 69.
279 2480 376 2538 Adhuc
399 2482 480 2538 etiam
496 2496 528 2537 es
549 2481 610 2539 aliis
633 2483 720 2539 causis
743 2483 831 2539 sciens
854 2478 970 2556 quisque
990 2497 1047 2538 rem

157 2609 176 2678 ¹)
187 2614 259 2662 etiam
268 2614 314 2664 hoc
324 2629 382 2664 casu
395 2614 420 2664 0.
460 2610 531 2679 'isui
543 2614 568 2664 0.
575 2631 628 2679 pro
639 2616 688 2665 dut.
727 2611 814 2680 ¹)quia
825 2631 901 2678 neque
914 2613 1047 2676 corporalis

83 2690 120 2732 est
140 2683 166 2733 0.
195 2687 296 2735 scilicet
314 2692 376 2736 notu
395 2686 426 2750 qd
445 2693 572 2751 corrupta
591 2693 616 2734 et
638 2688 807 2749 transposita.
843 2701 890 2736 nec
912 2699 950 2733 me
968 2689 1048 2733 mouet

83 2757 225 2821 exemplum
239 2756 271 2805 L.
286 2767 320 2807 to.
340 2759 363 2821 ὃ.
379 2769 399 2808 e.
419 2757 452 2807 D.
464 2757 528 2819 fam.
543 2773 597 2806 erc.
612 2756 657 2823 (ιο,
672 2755 710 2821 s)‚·
732 2755 814 2805 Gaius
832 2755 957 2805 eiusmodi
975 2768 1049 2817 repe-

84 2826 199 2875 titionem
213 2843 235 2877 v.
251 2828 305 2892 quia
320 2829 391 2877 uitat.
407 2829 442 2891 ef.
458 2841 479 2890 s,
494 2838 540 2879 105.
580 2826 602 2896 ⁴)
616 2836 642 2877 ut
656 2835 694 2879 est
704 2827 730 2877 C.
769 2823 791 2893 ⁵)
806 2827 882 2876 etiam
894 2826 919 2875 0.
934 2825 993 2874 edd.
1010 2824 1048 2889 Cf.

86 2895 210 2945 zeitschr.
223 2899 244 2960 s.
258 2899 345 2963 pescle.
361 2898 432 2948 RW.
452 2898 530 2948 XIV.
541 2916 569 2964 p.
580 2911 628 2951 trs.
680 2896 897 2964 ⁶)hauctoritatcm
914 2897 939 2947 C.
955 2896 989 2963 (m
1003 2910 1049 2946 ear·

79 2974 182 3032 punctu
201 2966 256 3035 V'i)
270 2971 412 3019 auctoritate
426 2971 485 3020 edd.
507 2970 545 3036 Cf.
562 2971 685 3022 Zer’tschr.
697 2974 713 3020 l.
725 2980 840 3036 aptit.
898 2964 919 3036 7)
933 2967 978 3019 Ea
997 2965 1049 3020 W.

88 3037 174 3098 Quare
188 3037 242 3090 ium
255 3042 418 3090 statuendum
432 3041 576 3103 videbatur,
592 3044 667 3094 initio
682 3044 716 3107 δι’,
730 3042 755 3092 h.
770 3058 792 3092 e.
807 3043 834 3090 t'n
849 3042 902 3105 fine
912 3057 940 3106 p.
956 3053 990 3094 st.
1006 3041 1050 3091 ubi

84 3112 141 3161 sota
155 3126 208 3161 vox
227 3119 251 3160 et
265 3119 326 3176 post
344 3120 383 3161 eet
396 3129 465 3162 nunc
480 3113 552 3175 ferri
566 3130 617 3164 non
632 3122 719 3179 potest
732 3113 819 3179 (etium
836 3114 977 3163 omiserunt
990 3114 1049 3163 edd.

86 3181 175 3233 Potest.
191 3189 215 3231 et
225 3181 320 3250 stud),
335 3190 394 3232 ante
408 3184 475 3234 dane
486 3199 571 3235 nocem
580 3187 711 3236 excidisse
721 3192 745 3235 et
753 3184 921 3250 supplendum
931 3200 986 3234 esse
996 3200 1049 3247 sao,

83 3253 243 3317 quodetiam
264 3255 330 3303 iuris
345 3256 413 3305 ratio
427 3256 548 3315 admittit,
563 3258 612 3307 imo
627 3259 717 3321 potius
728 3257 839 3323 tiopitat.
869 3256 907 3318 Os.
925 3256 1049 3306 Zeitschr.

80 3324 102 3387 s.
116 3324 204 3391 pescd.
220 3324 293 3374 RW.
311 3324 389 3374 XIV.
404 3341 432 3389 p.
449 3337 487 3377 iot
500 3342 553 3392 seq.
586 3328 726 3378 Excidisse
740 3336 823 3377 autem
835 3335 900 3391 puto
915 3328 1050 3390 nonsatis

83 3396 131 3445 sed
144 3397 255 3447 consilio
269 3411 304 3445 ex
317 3409 338 3460 s,
352 3407 400 3447 itti.
424 3399 620 3463 interpolantes,
639 3401 671 3449 de
690 3414 739 3466 quo
758 3401 814 3449 Ioco
829 3397 938 3447 videtui
953 3404 1049 3448 notate.

95 3532 105 3542 =
156 3500 182 3573 §-
198 3505 241 3556 hh.
263 3503 302 3567 Cf.
319 3503 372 3553 Cic.
387 3503 508 3569 deiepid.
523 3516 544 3568 8,
560 3518 650 3570 resep.
665 3521 718 3570 pro
734 3506 804 3556 Mur.
820 3517 854 3556 12.
879 3504 945 3553 Fest.
961 3521 984 3553 o.
1001 3503 1050 3553 lte-

84 3577 214 3642 iipiosum.
228 3574 319 3627 Sacer.
330 3590 359 3638 p.
374 3586 422 3627 sse.
436 3587 483 3627 sia.
509 3576 586 3626 Paul.
601 3588 623 3640 t,
637 3588 657 3627 a.
676 3579 700 3639 ἢ.
715 3589 735 3629 a.
813 3571 838 3643 ξ.
855 3577 897 3626 66.
915 3575 954 3637 Cf.
969 3575 1000 3623 L.
1016 3586 1049 3625 rr.

84 3644 431 3712 §.1.D.desurt.(sr,r).
456 3646 488 3696 1,.
503 3658 524 3697 s.
543 3651 566 3709 5.
582 3661 602 3698 1.
622 3648 654 3698 D.
669 3663 723 3712 pro
740 3648 834 3697 herede
853 3645 898 3711 (ss,
913 3644 944 3710 s).
969 3644 1001 3694 L.
1015 3655 1050 3695 ss.

85 3720 107 3781 ξ.
124 3731 145 3770 ι.
161 3718 193 3766 D.
213 3718 246 3767 de
265 3733 353 3781 usurp.
373 3714 423 3783 (tr,
442 3716 475 3783 a).
547 3715 573 3787 ᾖ.
589 3720 631 3770 tt.
653 3719 691 3781 Cf.
706 3719 738 3768 L.
756 3732 767 3769 r
783 3734 827 3781 pr.
847 3718 879 3766 t).
899 3730 974 3781 paor.
994 3715 1050 3766 don.

85 3787 131 3855 (ts,
146 3788 179 3855 a).
199 3789 232 3838 L.
247 3801 273 3840 it
283 3804 327 3852 pr.
343 3788 375 3836 D.
390 3805 425 3838 ear
439 3788 506 3853 quib.
522 3806 593 3839 caus.
609 3792 667 3839 mai.
684 3790 715 3854 (t,
728 3787 760 3854 o).
817 3784 843 3855 ᾖ.
859 3789 901 3838 58.
919 3786 958 3848 Cs’.
973 3797 994 3847 s,
1004 3795 1051 3834 tul.

86 3860 118 3909 L.
134 3871 154 3911 2.
177 3860 202 3910 C.
219 3876 272 3925 pro
290 3859 345 3909 her.
365 3858 402 3923 (t,
421 3860 465 3924 ss).
538 3856 582 3929 ἓξ
602 3862 645 3911 69.
661 3862 704 3911 60.
725 3860 764 3921 Os.
778 3857 867 3907 Boetia.
888 3858 914 3904 in
938 3854 999 3916 Tap.
1018 3864 1051 3902 to.

83 3947 111 3996 p.
126 3943 167 3983 ato
180 3930 250 3981 Bait.
266 3930 362 3981 Isidos.
380 3928 424 3980 Or.
439 3941 460 3981 c.
475 3941 508 3981 th.
529 3934 568 3994 ἕξ.
583 3943 617 3983 sa.
632 3942 666 3981 so.
698 3930 748 3978 die.
761 3942 813 3990 pro
829 3926 925 3974 Flacco
934 3934 969 3972 tir.
984 3925 1007 3982 ὅ.
1017 3932 1052 3972 ti.
