2378 4386
173 560 237 626 666
379 578 440 613 oros.
460 579 492 613 er
509 577 572 613 sort.
591 577 681 613 narn
700 577 808 612 contar.
829 560 874 613 VI.
895 567 918 613 t.

174 725 224 766 nec
239 724 380 764 nouercam
397 706 557 780 aliquando,
580 708 645 763 citra
668 724 778 779 poenam
802 709 896 764 incesti
915 722 1023 763 uxorem
1039 707 1133 763 dicere

174 793 252 866 iicet3
272 793 341 847 sicut
357 792 537 861 necomitam,
553 799 599 846 aut
615 800 793 848 materteram.
831 791 883 846 Sed
900 793 945 864 qui
961 785 1131 868 ’((ιΠίηερηι)Ι

175 875 217 930 uei
233 883 375 948 cognatam
387 882 481 931 contra
497 874 668 930 interdictum
681 874 796 945 iuuerit,
812 876 924 930 remisso
940 874 1046 930 mulieri
1063 873 1132 930 iuris

172 974 283 1028 errore,
305 959 363 1031 ipse
384 973 497 1031 poenam
519 957 644 1013 adulterii
668 957 728 1031 lege
745 958 808 1013 ioiia
830 960 947 1032 patitur,
971 974 1026 1013 non
1049 960 1134 1014 etiam

172 1035 276 1102 ducta.²

238 1124 303 1200 Ksp.
326 1124 368 1183 tv,
412 1124 653 1199 Gregorianus
675 1125 766 1182 libro
789 1128 912 1199 quinto
936 1124 998 1180 sub
1022 1126 1132 1182 tituio

177 1209 211 1267 de
243 1210 377 1284 nuptiis
411 1209 603 1283 exemplum
637 1210 817 1265 literarum
849 1209 1062 1265 Diocletiani
1096 1218 1133 1265 et

173 1292 371 1350 Maximiani
393 1288 515 1367 im'pp.³
540 1293 642 1349 talem
664 1294 947 1349 coniunctionem
969 1293 1134 1364 grauiter

174 1379 296 1452 punire
329 1386 581 1435 commemorat.
626 1376 781 1449 Exemplum
809 1376 889 1433 edicti
919 1375 1074 1432 itiocietiani
1104 1387 1132 1433 et

174 1462 333 1519 'iiauirniani
356 1454 604 1517 nobilissimorum⁴
625 1463 775 1517 Caesarum.
811 1458 836 1518 1.
861 1459 990 1527 Quoniam
1013 1461 1065 1532 piis
1088 1477 1188 1525 repe

174 1545 333 1619 ligiosisque
355 1544 489 1600 mentibus
511 1546 613 1601 nostris
628 1561 672 1615 ca,
695 1561 764 1617 quae
779 1544 902 1600 Romanis
925 1542 1033 1616 legibus
1056 1553 1132 1600 caste

174 1637 322 1701 sancteque
337 1636 401 1683 sunt
413 1629 571 1698 constituta,
588 1628 750 1684 ueneraiiiia
765 1630 878 1683 manime
893 1627 1031 1698 uidentur,
1047 1635 1132 1701 atque

174 1720 283 1768 aeterna
298 1712 431 1784 reiigione
452 1711 591 1778 seruanda,
614 1707 799 1766 ’dissimulari5
822 1727 865 1777 ea,
890 1727 957 1784 quae
980 1727 994 1765 a
1018 1711 1132 1783 quibus·

173 1796 234 1851 darn
257 1797 283 1851 in
307 1794 482 1869 praeteritum
505 1793 605 1849 nefarie
627 1794 782 1868 incestaque
804 1796 946 1851 commissa
967 1803 1045 1864 sunt,
1074 1812 1131 1851 non

176 1888 304 1954 oportere
326 1879 474 1935 credimus:
497 1870 574 1953 '(imo
596 1871 636 1952 si)
658 1871 741 1950 quae⁰
763 1879 806 1934 uei
821 1879 970 1935 cohibentia
986 1887 1060 1948 sont,
1084 1879 1130 1935 uei

176 1965 254 2019 etiarn
271 1961 444 2031 uindicanda,
469 1963 611 2033 insurgere
626 1976 676 2016 nos
692 1961 830 2035 disciplina
850 1972 1006 2018 nostrorum
1022 1972 1131 2036 tempo·

175 2063 235 2102 rum
258 2047 425 2104 cohortatur.
470 2044 507 2100 ita
522 2044 594 2099 enim
610 2052 637 2099 et
651 2046 726 2119 ipsos
746 2046 911 2102 immortates
926 2046 991 2102 deos
1007 2045 1129 2101 iiornano

177 2131 295 2200 nomini,
317 2138 348 2184 ut
369 2144 477 2200 semper
498 2127 618 2198 inerunt,
643 2128 764 2185 fauentes
780 2138 861 2202 atque
877 2131 996 2203 piacatos
1018 2128 1129 2184 tuturos

175 2228 235 2269 essa
250 2227 304 2267 non
320 2209 430 2265 dubium
445 2219 503 2280 cst,
525 2212 548 2266 si
569 2221 683 2268 cunctos
698 2212 749 2268 suit
764 2215 875 2287 imperio
891 2222 985 2270 nostro
1000 2205 1129 2286 agentes⁷

175 2298 243 2368 piam
260 2293 466 2366 religiosamque
488 2288 594 2350 'uitam8
610 2304 637 2351 et
658 2290 784 2352 ’castum⁹
807 2300 833 2353 in
850 2297 973 2354 omnibus
988 2290 1132 2353 'morem¹⁰

173 2377 264 2433 coiere
286 2374 487 2450 ’perspexerint
514 2373 689 2438 assuetum¹¹
733 2376 760 2436 2.
783 2381 811 2436 tn
835 2397 889 2455 quo
911 2382 937 2436 iai
961 2383 1042 2436 etiam
1065 2398 1130 2455 pro·

176 2458 321 2515 uidendum
338 2476 416 2533 quam
432 2463 543 2519 manime
558 2479 618 2519 esse
633 2466 801 2536 censuimus,
825 2471 854 2520 ut
873 2466 1051 2520 matrimoniis
1066 2464 1130 2521 reli·

248 2642 269 2711 ι)
284 2645 392 2696 Addidi.
412 2647 433 2695 si
449 2662 505 2697 uero
521 2651 553 2712 φ’.
570 2648 638 2699 Part.
660 2650 698 2712 Os.
713 2648 745 2698 L.
760 2661 794 2700 ott.
813 2649 845 2697 Ι).
861 2650 893 2698 de
907 2651 958 2700 ior.
972 2650 1024 2700 dot.
1040 2649 1086 2715 (tto,
1096 2651 1129 2717 a).

176 2712 197 2782 ²)
217 2716 256 2780 Cf.
277 2716 309 2767 L.
329 2729 362 2767 11.
384 2719 406 2778 ξ.
427 2730 447 2768 1.
474 2718 505 2767 h.
525 2730 559 2771 88.
583 2721 623 2780 §5-
642 2731 662 2770 t.
682 2733 702 2770 4.
722 2732 741 2770 t.
766 2720 797 2768 Ι).
818 2721 854 2769 ad
871 2722 918 2783 lep.
934 2719 983 2768 lut.
999 2722 1031 2769 de
1046 2723 1129 2772 adult.

173 2786 219 2854 (es,
233 2787 257 2852 s)
340 2783 360 2854 ³)
380 2787 439 2836 Viti.
455 2788 563 2841 Hacnei.
581 2789 625 2838 Gr.
642 2790 668 2840 0.
684 2805 711 2852 p.
726 2801 760 2841 aa.
775 2792 798 2851 ξ.
813 2800 834 2842 o.
849 2789 925 2838 iunius
938 2791 1018 2839 edicti
1031 2800 1131 2843 mutata

173 2864 261 2908 exstat
274 2858 306 2907 Is,
322 2869 356 2908 rt.
380 2858 405 2907 C.
421 2859 452 2908 de
466 2867 536 2922 nupt.
552 2858 586 2924 (s,
606 2857 637 2925 t).
710 2856 731 2923 ⁴)
745 2859 871 2922 Suspicor·
889 2861 1037 2924 tepentium:
1056 2863 1131 2913 itari·

174 2928 246 2978 miani
261 2929 306 2977 ΑΛ.
321 2943 349 2977 ac
364 2928 574 2979 nobilissimorum.
635 2925 655 2994 ⁶)
671 2930 820 2979 dissimulare
837 2931 899 2980 cad.
914 2931 971 2979 edd.
1038 2928 1060 2997 ο)
1075 2949 1130 2984 cum

176 2998 237 3050 cau.
252 2998 315 3064 (seii)
331 3013 384 3047 com
399 3000 438 3048 ed.
452 2999 493 3048 Bt.
509 3001 556 3048 imo
571 3000 591 3049 si
607 3008 668 3063 post
681 3000 812 3050 croti-imus
830 2999 861 3050 ab
874 3002 1068 3052 similitudinem
1082 3020 1129 3053 ex-

174 3069 282 3129 cidisse,
297 3070 390 3118 deinde
404 3084 464 3132 quae
479 3072 505 3120 in
520 3084 574 3119 cum
595 3078 714 3119 inuictum
733 3079 849 3135 apparet.
923 3069 943 3136 ²)
959 3072 1005 3120 Sic
1024 3073 1070 3124 Ve.
1086 3075 1129 3124 ha·

173 3139 257 3188 hentes
281 3139 323 3187 Vi.
347 3146 429 3199 gentes
448 3138 478 3188 B.
507 3140 566 3190 Hac
584 3141 620 3189 ad
637 3155 737 3190 sensum
756 3156 806 3190 raon
825 3144 921 3204 inepte,
943 3158 999 3191 cum
1018 3159 1054 3193 ear
1075 3153 1129 3196 tota

173 3209 257 3259 edicta
271 3210 380 3257 maxime
394 3210 418 3268 ξ.
432 3210 500 3270 etin.
512 3217 610 3271 patent,
625 3211 654 3258 td
662 3212 822 3273 potissimam
833 3220 923 3277 pentes
937 3214 1049 3263 nondum
1064 3217 1128 3265 ciri·

173 3284 225 3327 tate
240 3277 356 3326 Romano
375 3278 485 3327 donatas
505 3281 667 3341 spectavisse.
741 3278 762 3345 8)
777 3290 800 3330 et
814 3284 917 3345 quietam
931 3282 961 3331 B.
984 3291 1008 3332 et
1022 3286 1128 3348 quietem

177 3347 223 3396 Ve.
238 3347 342 3408 quietam
361 3346 402 3394 Vi.
417 3347 456 3396 ed.
471 3346 511 3397 Bi.
540 3348 571 3397 In
586 3349 677 3413 quibua
691 3358 715 3399 et
728 3367 750 3415 q.
766 3367 800 3400 ecc
813 3355 965 3416 repetitione
979 3355 1128 3405 ultimarum

173 3419 317 3466 litterarum
328 3417 510 3479 praecedentia
520 3421 590 3468 uocis
601 3423 626 3469 in
634 3422 686 3483 fine
696 3428 798 3471 notatae
808 3424 910 3485 prodiit
915 3440 925 3479 ‚·
938 3424 1043 3486 quietam
1053 3426 1128 3475 uitam

173 3501 242 3544 uero,
252 3486 313 3535 hinc
324 3489 403 3549 piane
413 3489 532 3547 alienant,
543 3489 587 3539 nbi
595 3490 628 3540 de
637 3493 736 3554 pietate
746 3499 771 3541 et
779 3495 906 3557 retipione
916 3496 943 3542 in
954 3498 1128 3546 matrimoniis

173 3557 326 3620 copulandis
340 3559 437 3622 opiter,
450 3559 557 3610 librarii
570 3575 605 3610 ex
618 3574 629 3611 1
649 3560 709 3610 tina.
725 3574 746 3623 2,
760 3574 780 3613 t.
796 3565 932 3615 intrusere.
998 3562 1019 3630 ⁹)
1035 3573 1127 3616 castam

174 3627 236 3676 cad.
252 3626 308 3676 edd.
376 3624 409 3694 ¹⁰)
423 3644 489 3680 more
505 3630 567 3680 cad.
582 3631 640 3680 edd.
707 3628 739 3696 ¹¹)
754 3635 945 3696 perspexerimus
963 3635 1037 3684 uitem
1056 3637 1128 3700 (uitia

177 3696 234 3762 Ve.)
250 3697 384 3749 Camedd.
415 3700 452 3764 Os.
468 3701 514 3750 stt.
530 3713 555 3760 t,
568 3713 616 3753 ott.
645 3699 756 3751 ‘issuero
775 3703 830 3752 heiti
850 3704 878 3752 de
898 3701 984 3753 more'
1014 3706 1127 3757 Assueto

172 3770 322 3818 contrarius
336 3785 388 3820 mos
402 3786 437 3820 ex
449 3774 575 3822 scatentia
591 3775 773 3835 imperatorum
791 3781 829 3823 eat
843 3781 893 3823 tam
907 3774 1036 3824 barbarus
1050 3792 1128 3841 quom

174 3838 343 3890 Christianus.
368 3841 430 3904 piam
445 3842 635 3906 religiosamque,
649 3843 752 3907 quietam
767 3851 790 3891 et
804 3853 894 3893 castam
905 3846 927 3893 in
938 3846 1048 3895 omnibus
1059 3860 1128 3897 more

172 3909 251 3959 colere
266 3911 456 3977 perspexerimus
471 3914 542 3963 uitam
557 3912 597 3963 Bi.
612 3912 651 3962 ed.
