2378 4386
149 552 213 610 120
496 559 519 594 c.
537 557 632 594 ornare
650 558 752 594 cremo.

147 686 250 743 scribit.
278 685 305 741 id
329 685 416 757 ipsum
432 682 524 756 Capito
540 685 631 739 Ateius
654 685 681 737 iu
702 682 783 753 libro,
806 698 885 755 quem
908 682 941 739 de
958 681 1047 740 oilicio
1063 701 1106 741 se-

147 771 254 826 natorio
269 768 432 840 composuit,
453 767 584 838 scriptum
606 765 726 838 reliquit.
759 765 786 820 in
803 765 897 821 eodem
914 766 983 823 libro
999 767 1105 841 Capito·

146 853 188 908 nis
209 850 235 905 id
258 866 367 924 quoque
388 851 518 923 scriptum
540 857 595 904 est:
626 847 687 920 ‘C.',
710 850 806 922 inquit,
831 847 940 905 ‘Caesar
959 852 1054 907 consui
1070 852 1103 907 ti.

146 936 273 990 Catonem
295 935 455 989 sententiam
478 933 595 1006 rogauit.
628 932 690 989 Cato
713 949 783 1002 rem,
814 949 882 1006 quae
904 934 1103 1007 consulebatur,

84 1030 90 1041 '
147 1018 273 1091 quoniam
295 1033 350 1072 uon
372 1015 540 1089 erepublica
556 1014 706 1085 uidebatur,
730 1016 822 1090 perfici
838 1016 955 1074 nolebat.
990 1018 1052 1074 Eius
1066 1021 1105 1075 rei

146 1099 283 1157 ducendae
305 1100 392 1173 gratia
415 1100 496 1172 longa
513 1100 635 1156 oratione
650 1099 778 1156 utebatur
791 1100 977 1174 eximebatque
992 1101 1105 1158 dicendo
1170 1167 1175 1177 ,

146 1185 225 1239 diem.
259 1181 321 1238 Erat
344 1184 413 1238 enim
436 1185 478 1238 ius
500 1186 630 1255 senatori,
653 1192 683 1239 ut
698 1185 858 1239 sententiam
874 1193 987 1257 rogatus
1002 1186 1105 1242 diceret

147 1274 219 1338 ente,
242 1265 368 1340 quicquid
392 1267 475 1323 uellet
490 1267 555 1323 aliae
570 1269 609 1323 rei
625 1274 652 1323 et
667 1267 755 1341 quoad
773 1266 864 1324 uellet.
899 1268 995 1324 Caesar
1010 1270 1156 1324 consulite]

145 1350 279 1407 uiatorem
303 1352 411 1406 uocauit
432 1367 558 1425 eumque.
582 1367 641 1407 eum
658 1350 737 1407 linem
753 1366 807 1407 non
824 1351 934 1423 iaceret,
957 1352 1051 1425 prendi
1067 1352 1107 1406 lo·

147 1441 273 1507 quentem
296 1435 373 1490 etin
396 1451 530 1491 carcerem
552 1435 614 1492 duci
636 1435 723 1490 iussit.
757 1433 871 1490 Senatus
894 1437 1063 1491 consurrexit
1079 1443 1107 1490 et

146 1516 364 1592 prosequebatur
386 1517 513 1574 Catonem
537 1520 565 1574 iu
587 1534 729 1575 carcerem.
764 1517 840 1588 llac’,
868 1520 967 1593 iuquit,
996 1516 1126 1595 inuidia,

146 1601 227 1671 iacta,
250 1600 346 1657 Caesar
361 1602 465 1657 destitit
481 1610 508 1659 et
523 1603 592 1658 mitti
609 1602 736 1658 Catonem
752 1601 853 1657 iussit’.
871 1632 906 1643 -
924 1601 992 1659 Geli.
1008 1600 1038 1673 4,
1057 1601 1106 1658 10.

147 1684 194 1757 sc.
212 1683 303 1741 5-e.

505 1791 747 1864 Epistolarum.

211 1890 254 1952 19.
279 1894 307 1950 in
331 1891 442 1966 quadarn
466 1890 581 1964 epistola
596 1891 666 1946 meti
682 1891 818 1965 Capitonis
834 1893 964 1965 scriptum
979 1893 1107 1968 legimus,

147 1977 298 2034 Labeonem
314 1976 457 2031 Antistium
474 1975 565 2047 legum
581 1981 661 2048 atque
677 1990 781 2030 morum
794 1975 888 2048 popuii
902 1975 1013 2031 liomani
1029 1979 1107 2033 iuris·

148 2078 201 2135 que
217 2060 304 2117 ciuilis
319 2059 428 2115 doctum
444 2060 564 2132 apprime
579 2058 673 2115 luisse.
697 2055 760 2112 ‘Sed
777 2056 916 2131 agitabat'‚
931 2060 1029 2131 inquit,
1045 2061 1106 2115 ‘ho-

147 2146 246 2201 minem
262 2143 370 2200 libertas
386 2143 514 2217 quaedam
530 2142 610 2197 nimia
625 2150 705 2214 atque
721 2157 828 2212 uecors,
844 2142 942 2214 ’usque
958 2141 1036 2211 adeo,
1051 2137 1104 2215 ut,¹

147 2228 211 2285 diuo
228 2231 353 2300 Augusto
374 2229 425 2281 iam
447 2227 569 2299 principe
592 2232 619 2281 et
641 2224 831 2297 rempublicam
848 2224 997 2296 obtinente,
1019 2234 1106 2282 ratum

147 2322 235 2369 tamen
251 2326 419 2385 pensumque
435 2309 502 2365 nihii
518 2308 638 2380 haberet,
661 2308 713 2364 nisi
729 2308 800 2382 quod
816 2309 915 2364 iustum
931 2316 1108 2383 sanctumque

147 2412 207 2452 esse
222 2397 248 2450 in
260 2393 385 2449 Romanis
401 2392 604 2466 antiquitatibus
620 2391 757 2466 legisset’,
774 2409 804 2449 ae
818 2393 915 2449 deinde
927 2400 1026 2464 narrat,
1042 2393 1106 2467 quid

146 2478 217 2535 idem
232 2476 321 2532 Labeo
342 2493 391 2550 per
406 2479 536 2532 uiatorem
552 2493 566 2530 a
581 2477 696 2533 tribunis
712 2475 782 2550 plebi
798 2483 911 2534 uocatus
927 2476 1106 2549 responderit.

147 2562 225 2617 ‘Cum
241 2577 255 2616 a
271 2560 406 2632 muliere’,
421 2562 518 2634 inquit,
534 2559 658 2634 ‘quadam
675 2559 875 2634 tribuniplebis
891 2562 1033 2616 aduersum
1046 2576 1106 2616 eum

147 2646 211 2702 aditi
234 2647 274 2701 ’iu
290 2638 458 2700 Gallianum²
480 2644 512 2700 ad
534 2660 594 2701 eum
617 2646 761 2714 misissent,
786 2654 815 2700 ut
838 2647 943 2701 ueniret
958 2652 986 2700 et
1002 2644 1107 2700 mulieri

147 2729 334 2804 responderet,
357 2730 435 2784 iussit
458 2745 529 2799 enm,
553 2731 598 2801 qui
621 2730 720 2784 missus
743 2737 810 2799 erat,
833 2727 921 2784 redire
944 2736 970 2782 et
993 2729 1107 2783 tribunis

148 2814 247 2885 dicere,
270 2815 312 2867 ius
335 2829 382 2868 eos
405 2828 459 2867 uon
481 2811 579 2867 babere
601 2828 689 2883 neque
704 2827 733 2866 se
749 2828 836 2883 neque
851 2812 931 2867 alium
947 2826 1107 2884 quemquam

148 2896 272 2963 uocandi,
296 2897 422 2967 quoniam
438 2893 558 2948 moribus
574 2896 703 2948 maiorum
719 2893 819 2949 tribuni
835 2894 920 2966 plebis
936 2896 1106 2967 prensionem

148 2977 291 3045 baberent,
315 2978 483 3030 uocationem
506 2991 560 3030 non
584 2974 725 3031 habereut:
748 2993 829 3049 posse
850 2978 936 3050 igitur
951 2994 998 3033 eos
1014 2979 1107 3032 uenire

147 3068 175 3117 et
191 3059 285 3133 prendi
301 3073 330 3113 se
345 3058 449 3128 iubere,
465 3057 511 3112 sed
528 3058 642 3112 uocandi
658 3058 794 3114 absentem
809 3061 851 3114 lus
867 3077 922 3116 nou
937 3057 1108 3116 habere'.-

148 3143 215 3200 cerr.
235 3140 414 3214 13,12.ss.
435 3139 524 3196 1-4.

335 3265 377 3323 En
399 3268 551 3323 incertis
573 3264 678 3322 libris
701 3267 752 3322 vei
776 3258 923 3329 aliunde.

210 3357 261 3418 20.
285 3355 447 3418 ³Sinistrum
466 3361 493 3415 in
509 3357 671 3432 auspicando
686 3358 838 3433 significare
854 3362 890 3415 ait
905 3361 999 3416 Ateius
1014 3359 1108 3435 Capito

148 3445 248 3501 laetum
272 3453 299 3501 et
321 3459 482 3517 prosperum
505 3444 667 3516 auspicium:
695 3452 722 3498 at
744 3443 890 3513 silentium,
913 3443 959 3500 ubi
982 3444 1109 3499 duntaxat

222 3577 242 3643 ¹)
256 3579 302 3629 Sic
316 3582 374 3628 edd.
391 3582 567 3644 antiquiorem·
585 3586 695 3642 tanquam
715 3595 796 3629 eorum
815 3580 854 3628 ed.
869 3579 959 3628 Hertz.
989 3575 1058 3641 ’με
1072 3578 1106 3642 cj.

147 3651 252 3700 Hertzr'i
266 3651 292 3697 in
307 3649 431 3711 ledros.
448 3652 523 3699 class.
540 3649 634 3698 Pitiot.
649 3659 708 3700 tuot.
715 3665 742 3712 p.
756 3661 802 3700 214.
825 3648 955 3696 Gellianum
969 3648 1026 3696 edd.
1037 3648 1109 3698 Situs

147 3728 205 3772 eret
226 3718 361 3768 Gallienus
372 3720 472 3780 fundus
486 3720 512 3767 in
528 3721 631 3768 ciuitate
640 3717 802 3768 Boebiororn.
828 3717 865 3778 Cf.
877 3717 908 3765 h.
917 3730 936 3766 2.
952 3719 1017 3777 §.et
1033 3718 1065 3766 D.
1077 3720 1109 3768 de

147 3793 215 3856 erip.
232 3791 283 3839 inr.
303 3787 335 3853 (1,
349 3787 380 3853 2).
407 3785 482 3853 ¹¹)Ex
492 3789 531 3851 [ν.
546 3801 580 3840 so.
596 3801 629 3840 21.
645 3790 704 3837 licei
719 3790 855 3844 coniicerm,
874 3787 1018 3850 Capitonem
1034 3791 1109 3837 etium

146 3863 178 3912 de
194 3863 251 3910 iore
266 3860 390 3924 aupurnie'
403 3860 547 3922 scripsisse.
576 3858 666 3909 Libris
680 3859 736 3907 eius
749 3858 785 3906 od
794 3857 931 3906 Etruscam
944 3857 1109 3922 disciplinam
