2378 4386
401 587 437 622 on
454 585 567 622 memes
584 586 663 621 amsa
676 586 718 622 111.
999 578 1038 635 69

78 710 206 767 domum
234 728 307 768 cum
333 711 435 770 laude
464 708 650 770 redeunto.
699 712 749 767 rei
779 727 862 768 suae
889 727 975 786 orgo
1002 728 1041 767 ne

78 797 154 866 quis
177 794 322 868 legatus
344 805 431 854 esto.
842 857 845 860 .

140 877 262 934 Plebes
293 897 377 953 quos
404 897 466 955 pro
495 898 529 937 se
557 889 681 938 contra
709 882 775 937 uim
802 879 925 936 auxilii
954 896 1040 954 ergo

79 961 192 1018 decem
220 966 385 1036 creassit,
415 966 443 1020 ei
472 965 708 1021 tribunicius
731 972 852 1033 sunto,
880 962 1041 1037 quodque

80 1047 102 1100 ii
124 1046 694 1121 prohibessintquodqueplebem
710 1049 1040 1121 rogassint‚ratum

79 1138 168 1185 osto:
196 1133 378 1206 sanctique
407 1141 510 1187 sunto
532 1124 653 1204 neqoe¹
677 1131 812 1205 plebem
835 1129 950 1186 orbam
973 1133 1041 1187 tri·

78 1211 182 1269 bunis
203 1215 444 1287 relinquunto.

141 1293 189 1354 10.
222 1297 341 1354 Omnes
374 1301 607 1372 magistratus
634 1300 826 1372 auspicium
853 1298 1040 1355 iudicium·

79 1397 143 1454 que
176 1379 340 1452 habento,
374 1399 481 1454 exque
511 1383 540 1437 is
567 1391 711 1437 senatus
743 1390 831 1437 esto.
881 1383 955 1436 eius
984 1380 1041 1436 de·

79 1473 171 1520 creta
193 1474 266 1520 rata
288 1474 409 1535 sunto,
439 1473 491 1520 ast
518 1459 591 1536 (εἰ)2
613 1471 773 1537 potestas
802 1480 862 1536 par
888 1464 1042 1520 maiorue

77 1547 315 1620 probibessit,
342 1548 541 1619 perscripta
567 1553 739 1602 seruanto.
783 1546 812 1601 is
842 1544 925 1601 ordo
951 1547 1041 1603 uitio

78 1638 219 1697 bacato,
242 1632 372 1684 ceteris
395 1630 567 1701 specimen
590 1637 673 1684 esto.

146 1711 283 1768 Creatio
311 1714 589 1786 magistratuum,
626 1712 753 1768 iudicia
781 1713 915 1787 populi,
947 1715 1041 1780 iussa

76 1797 194 1854 uetita
218 1812 290 1851 cum
312 1798 569 1867 comissantes,
593 1789 781 1871 sutfragia³
807 1798 1041 1871 optumatibus

79 1890 176 1949 nota,
192 1879 286 1953 plebi
301 1879 411 1936 libera
427 1889 541 1937 sunto.

143 1965 186 2024 Ν.
209 1964 372 2037 Astquid
395 1966 479 2036 erit,
504 1965 593 2039 quod
609 1973 702 2021 entra
718 1968 947 2040 magistratus
962 1984 1041 2025 coe·

80 2050 149 2104 rari
174 2065 275 2105 ocsus
301 2051 362 2120 sit,
392 2050 447 2122 qui
475 2059 596 2106 coerct
617 2047 769 2124 populus
792 2060 912 2108 creato
941 2055 1040 2125 eique

80 2132 414 2192 inscoerandidato.

143 2215 612 2292 Cumpopulopatribusqnc
633 2217 759 2291 agendi
782 2221 836 2274 ius
859 2226 936 2274 estc
959 2234 1041 2274 con·

82 2298 166 2363 suli,
194 2302 368 2372 praetori,
402 2304 570 2375 magistro
600 2302 723 2375 populi
746 2303 970 2375 equitumque
992 2303 1041 2358 ei·

81 2398 163 2457 que,
185 2399 279 2455 quem
301 2394 420 2458 patres
437 2384 1041 2458 produntconsulumrogandorum

80 2483 179 2540 οπεος
211 2463 392 2538 tribunis‚⁴
420 2485 507 2541 quos
535 2467 600 2523 sibi
627 2466 748 2541 plebes
777 2463 965 2540 creassit,⁵
987 2473 1041 2524 ins

81 2557 157 2607 osto
184 2567 255 2607 cum
282 2551 438 2626 patribus
467 2551 605 2623 agendi:
637 2546 812 2623 idemqne⁰
839 2551 878 2604 ad
906 2551 1041 2622 plebem

81 2634 171 2709 quod
194 2651 295 2691 ossus
317 2638 387 2691 erit
409 2635 561 2691 ierunto.

145 2716 235 2785 Quae
264 2735 336 2776 cum
364 2718 495 2792 populo
524 2731 680 2791 quaeque
702 2717 734 2770 in
756 2713 914 2788 patribus
936 2730 1042 2789 agen·

82 2809 154 2863 tur,
176 2802 305 2860 modica
326 2811 441 2858 sunto.
498 2861 506 2876 ,

144 2881 185 2944 ll.
209 2885 385 2957 Senatori,
417 2889 473 2959 qui
506 2901 571 2943 nec
604 2885 732 2959 aderit,
765 2893 823 2940 aut
852 2899 953 2940 causa
984 2892 1043 2941 aut

79 2968 182 3043 culpa
205 2979 295 3026 osto:
318 2970 396 3027 loco
417 2978 563 3026 senator
584 2980 618 3026 et
646 2968 744 3025 modo
773 2976 892 3039 orato,
918 2985 1042 3027 causas

79 3054 203 3128 populi
226 3061 357 3111 teneto.

144 3136 198 3194 Vis
220 3141 254 3193 in
276 3136 408 3211 populo
436 3137 566 3194 abesto.
609 3154 668 3211 par
695 3139 851 3193 maiorue
879 3145 1041 3210 potestas

79 3221 158 3295 plus
191 3222 319 3278 ualeto.
368 3231 423 3277 ast
456 3222 538 3295 quid
570 3220 793 3277 turbassitur
824 3223 858 3277 in
891 3222 1039 3293 agendo,

79 3305 175 3361 iraus
197 3307 329 3361 actoris
352 3313 440 3361 esto.
484 3308 710 3362 intercessor
736 3307 788 3361 rei
816 3305 920 3361 maiae
948 3306 1041 3360 saiu-

78 3391 170 3445 taris
193 3391 283 3446 ciuis
305 3397 392 3445 esto.

144 3471 208 3541 Qui
229 3480 348 3546 agent,
370 3475 526 3548 auspicia
548 3481 731 3544 sescento,
754 3474 877 3546 auguri
901 3471 1040 3546 publico

78 3564 244 3632 parento,
279 3557 501 3632 promulgata
531 3559 715 3630 proposita
748 3559 781 3613 in
818 3557 951 3611 aerario
988 3571 1041 3610 co·

154 3760 174 3827 ¹)
188 3777 248 3812 ncne
267 3761 323 3811 AB
334 3762 373 3812 ed.
386 3762 416 3812 V.
455 3759 528 3823 ²)ast
542 3760 598 3810 ΑΒ
609 3762 649 3811 ed.
665 3760 696 3810 V.
735 3758 756 3825 ⁵)
775 3761 887 3819 suffragio
905 3759 1041 3807 cosciacen-

78 3845 119 3885 tut·
133 3832 283 3883 ABedst.
322 3831 343 3896 ⁴)
363 3834 511 3896 tribunisque
529 3831 554 3880 B
571 3833 628 3881 edd.
667 3828 689 3893 ⁶)
705 3831 766 3880 Cum
784 3829 868 3880 Balsio
885 3827 984 3889 scripti
1001 3839 1041 3874 ro·

77 3906 156 3968 gessit
169 3903 225 3953 AB
236 3903 295 3953 edd.
333 3900 354 3968 ⁶)
369 3918 414 3968 que
427 3904 478 3952 buc
492 3904 612 3952 revocavi
626 3901 660 3963 es.
677 3906 727 3948 not.
743 3913 764 3948 a.
