2378 4386
870 94 874 105 ι

692 139 713 147 ..ι
731 131 796 142 Μ’*
841 119 897 132 ‘a

409 521 466 558 esu
484 522 575 558 ruane.
595 503 628 557 11.
649 510 797 561 utu—220.
1011 512 1073 578 271

123 668 189 709 casu
204 667 236 706 ex
251 658 362 706 senatus
382 650 508 706 consulto
528 649 681 708 confirmari
700 643 836 726 legatum,
857 669 916 709 nam
937 669 970 709 ex
986 654 1074 710 uerbis

124 737 204 792 etiem
221 735 273 791 hoc
287 751 352 791 casu
367 734 495 805 accidere,
512 744 543 790 ut
558 736 616 790 iure
631 735 703 792 ciuiii
715 737 810 792 inutile
823 738 858 792 sit
871 736 999 810 legatum,
1012 737 1074 794 r‘nde

124 818 290 875 manifestam
318 833 395 885 esse,
424 818 497 890 quod
525 818 609 874 eidem
638 819 698 875 aliis
727 820 816 876 uerbis
838 829 911 877 recte
932 815 1073 895 ’legetur,¹

125 904 200 959 uelut
220 902 282 976 ’per
298 901 520 972 uindicatioaem,
541 918 589 975 per
608 901 820 976 damnationem,
841 904 946 960 sinendi
961 898 1074 972 modo;²

124 996 189 1044 tunc
204 994 293 1043 autem
309 987 376 1042 uitio
392 984 649 1059 persotmelegatum
666 1004 719 1043 non
731 988 831 1058 ualere,
847 1004 907 1044 cum
919 991 943 1044 ei
955 988 1074 1063 legatum

125 1072 170 1143 sit,
193 1072 236 1126 cui
252 1070 326 1126 nulio
342 1069 423 1125 modo
438 1069 522 1142 legari
541 1068 638 1143 possit.
663 1071 738 1127 ueiut
759 1073 915 1146 peregrino,
938 1089 998 1128 cum
1019 1089 1074 1146 quo

125 1155 279 1212 testamenti
302 1153 381 1209 tactio
401 1169 456 1209 non
478 1155 522 1209 sit.
567 1170 621 1226 quo
644 1154 721 1226 piane
743 1172 807 1212 casu
822 1163 932 1228 senatus
947 1156 1073 1212 consulto

125 1238 203 1294 locus
218 1254 272 1294 non
287 1246 338 1293 est.
376 1231 440 1293 210.
464 1236 529 1292 item
545 1239 631 1292 nostri
651 1230 839 1312 praeceptores
861 1240 934 1312 quod
950 1241 986 1295 ita
1001 1240 1073 1313 iega-

127 1330 184 1378 turn
199 1329 251 1393 est,
267 1320 340 1377 nulia
355 1313 466 1395 ’(αἱίοι)8
483 1322 585 1377 ratione
601 1329 697 1394 putant
712 1338 793 1395 posse
804 1324 932 1394 consequi
944 1339 1016 1391 eum,
1032 1325 1074 1378 cui

125 1407 161 1462 ita
176 1405 258 1461 suerit
273 1406 401 1478 legatum,
417 1400 529 1477 ’quom⁴
545 1404 643 1461 iudicio
659 1405 774 1461 familiae
790 1405 980 1476 erciscundae,
1002 1405 1075 1478 quod

125 1489 197 1545 inter
212 1487 326 1544 heredes
341 1488 374 1543 de
389 1488 537 1544 hereditate
549 1488 715 1559 erciscunda,
731 1489 756 1544 id
769 1498 812 1545 est
822 1488 977 1558 diuidundo,
993 1491 1076 1562 accipi

126 1573 211 1632 solet:
235 1570 325 1633 oiiicio
341 1572 410 1626 enim
426 1570 522 1628 iudicis
538 1571 564 1626 id
576 1573 719 1640 contineri,
735 1581 764 1628 ut
779 1566 832 1628 'eii
847 1572 920 1646 quod
936 1589 984 1645 per
999 1589 1075 1645 prae·

126 1657 279 1728 ceptionem
292 1654 411 1728 legatum
427 1663 479 1727 est,
492 1654 665 1714 adiudieetur.
703 1652 774 1714 220.
796 1655 870 1713 Unde
881 1656 1074 1731 intellegimus,

126 1738 192 1794 nihii
208 1737 283 1795 aliud
296 1737 440 1795 secuudum
455 1746 611 1795 nostrorum
632 1750 835 1813 praeceptorum
858 1742 1010 1813 opinionem
1028 1756 1075 1813 per

126 1824 342 1897 praeceptionem
353 1821 438 1895 legari
450 1839 540 1895 posse,
553 1824 603 1878 nisi
619 1824 692 1896 quod
704 1826 843 1880 testatoris
855 1826 903 1880 sit:
920 1823 993 1879 uuila
1005 1826 1074 1879 enim

126 1907 175 1962 alin
190 1922 250 1978 res,
265 1922 344 1980 quam
367 1906 537 1977 hereditaria,
554 1906 697 1964 deducitur
712 1911 739 1964 in
754 1908 806 1964 hoc
821 1907 962 1964 iudicium:
984 1908 1075 1978 itaque

127 1992 150 2046 si
165 2007 218 2046 non
234 2006 308 2046 suam
325 2005 382 2046 rem
403 2005 435 2045 eo
457 1989 537 2045 modo
560 1999 675 2046 testator
695 1992 841 2065 iegauerit,
861 1993 866 2061 Ι
885 1993 943 2046 iure
967 1990 1073 2063 quidem
1087 2008 1145 2056 111,

127 2073 197 2129 ciuili
212 2073 306 2130 inutiie
321 2075 374 2128 erit
388 2072 523 2147 legatum
544 2073 591 2129 sed
612 2091 642 2129 er
664 2083 772 2131 senatus
794 2073 919 2131 consulto
935 2071 1075 2130 confirma·

126 2157 206 2214 ditur.
240 2158 329 2231 aliquo
346 2166 434 2213 tamen
448 2173 512 2213 casu
527 2159 606 2212 etiem
622 2157 732 2213 alienam
748 2175 803 2214 rem
817 2157 895 2232 (per)
910 2159 1076 2231 praeceptio·

128 2257 188 2296 nem
203 2241 286 2314 legari
302 2257 383 2314 posse
403 2240 537 2297 intentur:
560 2239 644 2296 ueiuti
665 2243 688 2296 si
712 2244 771 2316 quis
787 2259 845 2299 eam
860 2258 917 2299 rem
934 2241 1077 2316 iegaaterit,

75 2332 208 2396 retiquam
228 2324 354 2381 creditori
380 2322 488 2380 iiduciae
510 2339 589 2379 causa
610 2327 740 2398 mancipio
761 2325 879 2394 dederit;
902 2342 961 2382 nam
986 2324 1076 2382 oideio

128 2406 222 2463 iudicis
237 2408 384 2464 coheredes
400 2410 461 2481 cogi
476 2423 556 2481 posse
571 2410 721 2464 existimant
736 2402 834 2466 ’solutu
849 2412 961 2484 pecunia
978 2404 1074 2466 iuere⁶

128 2507 186 2556 eam
214 2508 284 2554 rem,
313 2499 344 2548 ut
373 2493 460 2565 possit
488 2493 649 2564 praecipere
681 2496 720 2562 is,
751 2494 794 2548 cui
818 2495 854 2548 ita
883 2493 1002 2566 legatum
1031 2495 1076 2549 sit.

200 2683 220 2752 ¹)
235 2686 325 2747 legatur
340 2685 365 2735 0.
380 2686 437 2736 edd.
513 2681 533 2748 ²)
548 2683 592 2732 Bra
608 2683 699 2733 (idacii.
714 2684 753 2733 ed.
778 2684 809 2733 In
826 2683 851 2732 C.
862 2691 923 2747 post
941 2698 985 2745 per
999 2684 1078 2733 uindi-

128 2756 245 2805 cetionem
263 2757 370 2805 additur
388 2765 420 2805 et.
452 2755 618 2816 Quamobrem
636 2753 741 2802 Luciam.
757 2770 778 2802 a.
798 2767 842 2815 per
860 2753 1033 2802 damnationem
1055 2762 1079 2804 et

130 2841 172 2888 per
192 2827 374 2875 uindicationem
392 2842 443 2890 pro
464 2826 628 2889 interpolatio
648 2823 768 2874 habuerit
793 2823 909 2889 (poterat
932 2825 998 2874 enim
1022 2826 1078 2876 ioco

130 2897 232 2945 iliorum
245 2898 320 2945 etiam
334 2897 426 2945 sinendi
441 2894 530 2960 modo),
541 2911 592 2945 non
607 2895 730 2959 inteltipo.
756 2903 779 2943 et
793 2896 868 2943 ancia
878 2896 938 2943 inat
950 2892 996 2959 Bp.
1007 2896 1045 2944 ed.
1057 2907 1078 2948 5.

131 2962 152 3031 8)
167 2966 273 3024 Addidi,
288 2983 344 3016 cum
358 2967 487 3016 exciderit
498 2974 607 3029 propter
621 2965 705 3014 n-uiia.
763 2963 784 3031 ⁴)
799 2964 861 3030 quod
878 2964 903 3014 0.
919 2962 1030 3030 (factum
1044 2982 1078 3016 ex

129 3051 165 3101 q.‚
179 3044 316 3101 postquam
336 3037 379 3085 aiio
399 3036 546 3100 interierat)
567 3032 790 3100 ‘(praeter)qunm’
807 3036 846 3085 ed.
862 3035 909 3101 By.
925 3036 986 3085 uuila
1002 3037 1077 3104 (alia)

130 3123 271 3170 ...quiam
285 3107 324 3156 ed.
342 3107 387 3171 Bp.
401 3119 422 3159 o.
480 3105 501 3171 ⁶)
521 3106 547 3155 V
548 3102 570 3139 ⁸²
583 3122 633 3156 non
648 3114 671 3154 et
685 3108 742 3155 edd.
803 3103 824 3171 ⁰)
839 3107 938 3155 soiutam
953 3110 1077 3170 pecuniam

129 3178 222 3226 soluere
232 3178 267 3234 0,,
282 3185 310 3225 ut
323 3185 457 3240 appareat,
468 3177 605 3226 ttorarmm
615 3191 666 3225 eam
681 3192 731 3227 rem
746 3177 923 3241 adaequantia
937 3179 1078 3228 tradentem

125 3249 263 3310 pecaniam
277 3255 388 3296 mutuam
397 3249 483 3296 datam
493 3246 615 3312 (solutam)
626 3248 703 3296 reddi
712 3247 828 3313 (soluere)
839 3250 996 3298 intellexisse
1008 3250 1079 3297 ideo-

129 3333 175 3381 que
189 3333 224 3366 ear
238 3319 303 3366 luere
314 3318 410 3379 secisse
424 3319 526 3366 soluere.
557 3316 609 3367 Nec
628 3333 665 3366 me
679 3325 771 3374 mouet,
793 3318 861 3382 qaod
875 3320 988 3382 praedes
1000 3334 1079 3381 prae-

129 3389 222 3452 diaque
236 3390 315 3437 solerti
328 3391 461 3452 solataque
471 3388 602 3437 dicantar.
626 3388 702 3436 soiuta
718 3390 817 3451 pecunia
828 3389 921 3437 soluere
932 3390 990 3438 edd.
1003 3384 1078 3455 [so]i·

129 3473 184 3507 uere
199 3458 239 3508 ed.
255 3457 302 3522 Bp.
317 3468 338 3509 5.

131 3565 341 3573 ——--.——-

199 3629 224 3701 ξ.
239 3635 299 3684 219.
321 3633 359 3695 Cf.
378 3633 487 3696 tteopo.
502 3636 518 3682 l.
535 3649 555 3683 e.
573 3633 652 3682 Poair
663 3645 683 3690 o,
698 3644 718 3682 a.
733 3634 756 3695 ξ.
772 3645 791 3682 1.
815 3633 903 3696 Ilipab.
919 3645 952 3683 ae.
967 3634 990 3693 ὅ.
1005 3644 1026 3680 1.
1046 3629 1078 3677 D.

127 3703 189 3764 sam.
204 3718 256 3753 erc.
272 3703 357 3768 (nomi
378 3704 409 3752 L.
425 3716 457 3754 rr.
473 3707 495 3765 §-
506 3716 526 3754 r.
545 3703 578 3751 D.
589 3703 620 3752 de
635 3705 682 3766 tep.
694 3715 714 3752 t.
765 3698 789 3769 ξ.
800 3704 860 3752 220.
882 3703 919 3763 Cf.
935 3701 989 3764 tltp.
1001 3712 1033 3755 m,
1046 3710 1078 3746 ιι.

129 3787 209 3837 capra
224 3776 245 3835 ξ.
262 3786 308 3825 nst.
324 3774 355 3821 L.
370 3786 403 3826 m.
424 3775 455 3823 D.
468 3775 530 3836 fam.
546 3789 598 3821 erc.
613 3773 658 3836 (ιο,
673 3770 704 3836 s).
725 3772 800 3821 Paut.
815 3784 836 3833 a,
850 3783 870 3823 a.
890 3773 913 3832 ξ.
929 3782 949 3820 o.
969 3770 1000 3818 L.
1015 3779 1035 3818 a.
1052 3766 1078 3815 G.

130 3843 163 3895 de,
171 3845 258 3907 fideic.
274 3842 305 3910 (a,
319 3844 363 3910 tt).
384 3841 495 3911 iiduciae]
511 3844 545 3906 cf.
561 3856 581 3900 u,
596 3855 629 3894 ou.
