2378 4386
360 544 473 581 enasrvs
491 543 606 580 rancore
624 543 780 583 nrcmrnraus.
986 538 1048 597 109
1132 572 1140 585 .

153 665 183 727 6.
206 669 259 726 Sed
280 677 308 727 et
327 669 392 727 deos
414 673 598 728 conserenteis
619 672 676 745 pari
699 688 773 729 more
792 688 823 728 ac
838 671 1050 729 dissimulatione

92 764 235 826 taceamus,
251 770 319 827 quos
336 771 395 811 curn
411 757 509 811 ceteris
524 754 616 812 scribit
632 754 742 812 Flaccus
757 757 907 812 inhumani
923 758 999 830 penis
1014 757 1050 811 sl·

92 837 267 895 militudinem
289 855 383 895 uersos
407 838 529 896 obruisse
548 856 578 896 se
599 841 696 909 cineri,
723 842 767 912 qui
787 839 838 895 sub
858 840 940 896 ollula
962 841 1050 896 inerat

92 922 178 978 iactus
199 930 338 979 extorum:
362 940 441 996 quem
462 940 521 979 curn
537 923 666 997 Tanaquil
686 924 837 979 dimoueret
852 923 974 980 Etruriae
995 924 1048 979 dis·

92 1004 250 1078 ciplinarum
272 1008 365 1080 perita,
388 1009 538 1064 surrexisse
558 1024 588 1063 se
604 1007 669 1063 deos
685 1017 713 1064 et
728 1007 819 1063 neruis
836 1006 996 1065 obduruisse
1009 1006 1049 1063 di-

93 1090 171 1144 uinis.
202 1088 392 1147 corniculanae
414 1091 476 1147 inde
490 1092 664 1165 imperatrisse
681 1093 813 1165 captiuae,
829 1099 859 1147 ut
873 1092 1048 1167 intelligeret,

92 1174 138 1245 qui
153 1172 201 1230 sibi
217 1167 279 1229 res¹
294 1174 410 1231 uellent:
435 1173 563 1231 Ocrisiam
578 1174 810 1246 prudentissimam
826 1174 969 1231 ioeminarn
981 1176 1049 1231 ‹tiul-

93 1271 143 1312 nos
158 1257 303 1314 inseruisse
319 1259 445 1331 genitali:
461 1259 621 1332 explicuisse
638 1268 726 1313 motus
740 1267 838 1316 certos.
869 1260 943 1315 'lunc
958 1266 1049 1316 sancta

42 1347 119 1399 tutet
138 1339 270 1396 feruentia
289 1343 400 1398 numina
422 1343 476 1397 nim
497 1343 635 1397 uomuisse
655 1339 749 1397 Lucilii
769 1358 798 1397 ac
818 1357 910 1414 regem
925 1341 1049 1398 Seruium

91 1432 181 1481 natum
196 1440 257 1481 esse
272 1423 432 1485 Romanum.
447 1455 489 1466 -
504 1423 604 1480 Arnoh.
621 1423 651 1492 5,
668 1423 717 1481 18.

153 1537 180 1598 7.
204 1541 319 1596 Granius
344 1540 451 1612 quidem
471 1542 508 1596 ait
530 1536 578 1612 (sc.
592 1540 658 1594 ricas
674 1548 702 1595 et
717 1535 825 1613 riculae)
847 1555 907 1595 esse
922 1538 1050 1597 muliebre

88 1624 229 1698 cingulum
246 1623 352 1696 capitis,
369 1639 423 1695 quo
439 1638 488 1695 pro
505 1624 572 1678 uitta
588 1621 731 1679 Flaminica
745 1621 909 1679 redimiatur.
921 1652 962 1664 -
976 1623 1049 1681 test.

90 1727 116 1764 v.
131 1708 210 1762 llicae
225 1724 252 1780 p.
269 1705 341 1762 277.

153 1822 182 1880 8.
208 1820 238 1898 (l)
263 1816 404 1879 'Flaccus²
419 1820 519 1894 scribit,
536 1821 645 1880 Numam
656 1822 828 1897 Pompilium,
839 1840 900 1880 cum
912 1840 987 1882 sacra
999 1823 1050 1881 llo·

91 1910 173 1966 manis
196 1907 336 1976 conderet,
360 1915 425 1963 uoto
447 1907 614 1981 impetrasse,
637 1916 667 1964 ut
689 1923 782 1964 omnes
804 1908 840 1965 dii
862 1907 958 1965 ialsum
979 1910 1049 1965 iura·

93 2001 209 2050 mentum
227 1990 405 2048 uindicarent.
422 2021 462 2031 —
478 1991 593 2049 Gramm.
610 1992 661 2048 inc.
678 1991 762 2066 gloss.
778 1991 810 2049 ad
826 1994 892 2050 den.
911 1993 961 2068 12,
978 1991 1048 2052 234.
1122 1994 1128 2003 '

91 2092 123 2132 aa
138 2077 226 2134 Barth.
242 2075 350 2132 advers.
367 2073 415 2146 33,
434 2074 483 2133 13.

387 2293 430 2350 lle
455 2295 533 2350 inre
559 2293 751 2368 Papiriano.

155 2422 185 2483 P.
208 2426 238 2483 ln
258 2425 400 2501 Papiriano
430 2429 499 2483 onim
522 2429 581 2484 iure
602 2428 742 2485 euidenter
764 2428 878 2485 relatum
901 2438 960 2502 est,
989 2445 1050 2486 arae

93 2511 178 2568 uicem
193 2519 329 2586 praestare
345 2526 426 2584 posse
442 2526 558 2566 mensam
570 2511 696 2569 dicatam:
720 2509 1049 2585 ‘uttnremp10’,nqutc

92 2594 213 2651 ‘lunonis
228 2592 395 2668 Populoniae
415 2601 529 2668 augusta
551 2610 642 2648 mensa
662 2602 715 2650 esi.
744 2610 857 2667 namque
873 2597 900 2649 in
916 2595 983 2649 ionis
999 2594 1049 2651 alia

94 2695 220 2735 uasorum
234 2685 298 2734 sunt
313 2687 341 2735 et
356 2694 446 2734 sacrae
462 2676 649 2750 supellectilis,
662 2677 712 2732 alla
728 2686 956 2734 ornamentorum.
983 2693 1050 2750 quae

94 2778 220 2818 uasorum
235 2771 310 2834 sunt,
325 2763 497 2818 instrumenti
512 2763 596 2816 instar
607 2759 715 2835 habent,
734 2758 830 2833 quibos
845 2757 975 2816 sacrificia
987 2776 1050 2817 con·

93 2842 228 2903 ilciuntur.
258 2862 372 2920 quarum
392 2861 483 2901 rerum
504 2845 651 2918 principem
673 2845 762 2901 locum
778 2842 883 2899 obtinet
898 2860 1000 2916 mensa,
1022 2847 1050 2901 in

93 2944 145 3004 qua
160 2929 254 3003 epulae
269 2929 465 3002 libationesque
480 2937 507 2984 et
521 2930 606 3001 stipes
616 2936 794 3003 reponuntur.
817 2936 972 2984 ornamenta
984 2945 1049 2989 uero

92 3023 157 3070 sunt
171 3014 271 3088 clypei,
291 3030 408 3070 coronae
423 3021 450 3068 et
465 3011 650 3068 huiuscemodi
665 3013 783 3072 (lutearia.
814 3030 901 3087 neque
916 3014 986 3070 enim
1002 3013 1050 3071 do·

95 3099 168 3154 naria
187 3097 347 3154 dedicantur
367 3112 400 3153 eo
415 3104 549 3169 tempore,
570 3112 624 3170 quo
640 3095 747 3153 delubra
763 3106 919 3167 sacrantur3
940 3107 968 3154 at
983 3114 1049 3155 uero

93 3196 182 3238 mensa
204 3180 349 3254 arulacque
365 3181 458 3237 eodem
475 3180 527 3252 dle,
550 3196 604 3253 quo
620 3180 697 3236 aedes
714 3182 797 3255 ipsae,
818 3180 933 3238 dedicari
948 3182 1047 3238 solent.

94 3264 162 3321 unde
178 3281 270 3321 mensa
285 3265 337 3321 hoc
352 3266 405 3321 ritu
420 3264 541 3320 dedicata
562 3266 589 3320 in
611 3264 710 3338 templo
727 3282 788 3321 arae
804 3282 881 3321 nsum
897 3274 925 3322 et
940 3266 1048 3340 religio·

93 3363 153 3406 nem
169 3349 276 3405 obtinet
290 3348 463 3422 puluinarls’.
480 3378 520 3388 —
536 3347 650 3407 llacrob.
663 3348 720 3406 Sat.
737 3348 767 3417 3,
785 3349 832 3404 11.
851 3341 878 3422 §ss
895 3348 922 3405 5.

94 3495 293 3506 ——o-—n

164 3578 184 3646 ¹)
203 3580 232 3630 V
229 3579 314 3630 idetur
328 3581 460 3644 legendum
469 3580 526 3644 qnid
536 3581 581 3629 sibi
592 3581 635 3630 rei.
655 3576 679 3645 ²)
689 3580 760 3628 Elaos
774 3578 1049 3632 edd.aorreaett1urti‚·

93 3649 137 3700 sed
149 3658 175 3701 et
188 3652 226 3701 ita
240 3652 365 3700 incertum
378 3658 424 3713 est,
438 3666 472 3700 on
489 3650 603 3699 Granius
615 3651 664 3701 doc
679 3652 705 3699 ia
721 3650 923 3713 indipitomantis
941 3648 1048 3696 dixerit.

99 3719 218 3771 Verrium
237 3720 367 3780 maccam,
381 3722 413 3771 de
427 3736 475 3786 qno
495 3720 640 3770 Dirlssenus
654 3721 785 3784 cogitauit,
800 3720 877 3768 nolim
897 3719 1048 3781 intelligere.

95 3788 131 3840 oe
143 3792 192 3855 lais,
203 3806 268 3856 quoe
282 3793 381 3842 cneius
394 3793 501 3855 scriptio
514 3797 660 3854 supersunt,
676 3790 711 3851 cs.
727 3789 823 3838 Miller
833 3788 868 3836 ud
879 3786 945 3835 Fest.
959 3784 1049 3846 Praei.

91 3874 118 3921 ρ.
132 3862 182 3912 lllll
196 3877 248 3926 sep.
