2378 4386
680 131 727 139 ,,-

344 567 402 602 orn
420 567 512 604 rusum
532 548 568 601 ΙΙ.
588 554 629 603 79.
649 555 761 605 til-bd.
967 550 1030 616 237

77 709 148 754 tuam
164 713 236 769 esse,
251 695 404 755 neccoloas
415 699 532 771 pretium
545 695 660 767 tabulae,
670 699 774 771 poterls
785 713 835 772 per
845 701 1031 774 exceptionem
1079 704 1083 711 '

77 783 131 840 doll
151 781 213 838 mali
229 782 412 849 summoueri3
433 788 461 836 ot
480 782 504 837 si
525 790 554 837 tu
569 782 725 855 possideas,
741 797 911 856 consequens
927 791 985 854 est,
1000 792 1032 841 ut

79 866 150 923 utilis
165 866 232 923 mibi
243 867 313 922 actio
324 863 470 921 aduersum
481 872 508 921 te
519 863 576 921 darl
589 865 703 940 debeot3
721 881 851 939 quoram
864 868 915 923 nisi
926 866 1031 925 soluam

10 957 68 1007 [162]
79 953 215 1024 inpensam
231 952 368 1023 picturae,
390 951 492 1024 poteris
507 965 549 1006 me
571 965 619 1023 per
634 951 820 1023 enoepuooem
841 951 896 1008 doli
911 949 973 1009 mali
988 966 1031 1009 re-

78 1034 193 1109 pellere,
208 1035 305 1108 utique
319 1035 343 1090 si
358 1031 428 1090 bono
444 1030 496 1089 fide
517 1049 660 1106 possessor
674 1035 768 1090 tueris.
796 1033 866 1092 illud
879 1035 964 1110 pelam
978 1045 1031 1107 est,

79 1117 151 1192 quod
170 1120 231 1175 siue
249 1126 284 1174 tu
302 1117 485 1192 subripuisses
504 1116 620 1174 tabulam
639 1119 699 1174 siue
720 1117 806 1187 alius,
824 1122 947 1193 conpetit
967 1120 1031 1177 mibi

80 1203 143 1258 lorti
158 1204 238 1259 aotlo.

141 1282 188 1343 79.
215 1287 245 1343 ln
266 1285 325 1342 eliis
346 1302 455 1359 quoquo
474 1284 615 1358 speciebus
634 1284 762 1342 naturalis
783 1289 853 1343 ratio
868 1288 1031 1361 requiritur:

78 1370 192 1444 proinde
206 1373 231 1426 ei
241 1385 275 1425 ex
286 1371 348 1426 uuir
359 1363 425 1444 (out
437 1372 520 1426 olibis
529 1377 580 1427 out
591 1363 691 1445 spicio)
703 1371 770 1425 mels
783 1372 873 1426 uinum
885 1379 932 1425 out
943 1365 1032 1427 oleum

79 1463 125 1510 eut
147 1454 313 1511 trumentum
337 1454 444 1524 leceris,
460 1455 615 1526 quaeritur,
639 1462 729 1509 utrum
744 1469 833 1509 meum
847 1454 884 1510 sit
898 1453 925 1510 ld
940 1455 1032 1511 uinum

77 1546 126 1594 aut
147 1538 237 1594 oleum
257 1546 302 1594 ant
329 1537 508 1606 trumentum,
537 1554 570 1593 an
596 1545 682 1598 tuum.
720 1539 785 1593 item
805 1555 829 1593 sr
849 1552 881 1594 er
901 1553 966 1593 auro
987 1548 1033 1594 aut

79 1631 194 1694 argento
209 1637 269 1678 meo
286 1638 332 1677 uas
348 1621 456 1694 aliquod
468 1621 574 1691 leceris,
590 1621 635 1677 uel
647 1637 679 1677 ex
691 1620 788 1677 tabulis
801 1624 867 1677 meis
880 1637 974 1678 nauem
986 1629 1033 1678 aut

79 1706 222 1762 armarium
243 1716 289 1762 aut
310 1704 468 1762 subsellium
491 1704 681 1777 fabricaueris‚
710 1707 776 1761 item
797 1707 821 1761 si
842 1722 875 1762 ex
896 1706 954 1763 lona
976 1721 1033 1764 men

78 1791 273 1846 uestimentum
294 1789 406 1858 leceris,
427 1788 472 1845 uel
494 1791 516 1845 si
540 1806 571 1846 en
595 1791 659 1846 uino
682 1798 709 1846 et
732 1789 812 1846 melle
834 1805 894 1846 meo
916 1790 1033 1847 mulsum

80 1874 186 1939 leceris,
208 1876 267 1929 siue
281 1890 313 1930 ex
336 1872 536 1929 medicamentis
551 1876 617 1929 mels
633 1873 807 1948 emplastrum
829 1883 875 1930 aut
890 1873 1033 1946 collyrium

79 1958 186 2029 leceris,
194 1952 366 2031 (quaeritur,
379 1965 474 2014 utrum
485 1965 563 2014 tuum
572 1962 608 2014 sit
617 1961 656 2029 id,
668 1959 745 2030 quod
753 1974 793 2015 ex
803 1973 863 2015 meo
875 1954 1032 2031 effecerim)

81 2058 113 2098 an
128 2057 227 2099 meum.
258 2040 370 2109 Quidem
392 2043 528 2097 materiam
550 2049 578 2098 et
594 2042 769 2098 substantiam
785 2042 957 2115 spectandam
972 2058 1032 2099 esse

79 2134 193 2200 putant,
212 2124 313 2195 idest,
333 2134 364 2181 ut
383 2127 459 2181 cuius
475 2128 584 2181 materia
603 2128 648 2196 sit,
663 2126 735 2182 illius
751 2134 777 2183 et
793 2142 852 2197 res,
875 2142 943 2200 quae
965 2125 1032 2182 lacta

79 2211 127 2280 slt,
140 2209 266 2267 uideatur
281 2226 351 2281 esse,
366 2209 447 2281 idque
463 2211 574 2267 maxime
589 2209 690 2283 placuit
705 2210 802 2266 Sabino
818 2220 846 2267 et
860 2212 968 2285 Cessio;
990 2210 1033 2266 alii

81 2309 148 2350 uero
163 2297 224 2351 eius
238 2310 298 2350 rem
312 2309 371 2349 esse
386 2301 493 2367 putant,
509 2296 554 2366 qni
567 2295 670 2364 lecerit,
687 2294 768 2367 idque
783 2297 895 2351 monime
910 2295 1033 2351 diuersae

81 2378 189 2435 scholae
203 2378 359 2434 auctoribus
376 2379 463 2433 uisum
479 2386 534 2433 est:
548 2371 552 2454 Ι
565 2377 612 2434 sed
628 2394 689 2434 eum
702 2395 820 2451 quoque,
834 2382 909 2435 ouius
922 2380 1033 2436 motoria
1043 2389 1084 2438 73.

81 2470 109 2520 et
133 2461 283 2519 substantia
309 2461 408 2531 luerit,
435 2460 501 2516 lurti
526 2461 655 2518 aduersus
681 2478 759 2529 enin,
789 2465 834 2536 qui
857 2463 1033 2536 subripuerit,

82 2545 180 2603 babere
195 2548 346 2614 actionem
360 2561 410 2603 nec
425 2545 514 2601 minus
530 2544 662 2602 aduersus
674 2544 788 2601 eundem
800 2545 999 2602 condictionem
1010 2549 1034 2602 ei

81 2639 249 2704 competere,
263 2632 329 2704 quio
341 2631 474 2687 extinctae
486 2645 539 2698 res,
555 2628 618 2685 licet
630 2628 758 2684 uindicari
771 2644 826 2685 noo
837 2631 954 2701 possint,
971 2645 1034 2684 oon·

82 2715 134 2770 dici
149 2723 237 2771 tamen
252 2714 357 2770 iuribus
372 2724 400 2770 et
415 2712 573 2787 quibusdam
589 2712 648 2768 aliis
663 2711 866 2785 possessoribus
882 2720 1006 2784 possunt.

144 2793 193 2856 62.
216 2793 333 2855 ¹ncctdtt
348 2797 501 2872 aliquando,
518 2804 548 2853 ut
563 2798 608 2869 qui
621 2795 747 2851 dominus
762 2797 808 2865 sit,
823 2793 980 2851 alienandae
995 2798 1034 2853 rel

83 2889 243 2955 potestatem
270 2898 323 2938 non
346 2883 458 2951 lrabeat,
480 2890 508 2938 et
530 2883 576 2954 qui
602 2881 725 2936 dontinus
745 2896 800 2936 non
820 2881 871 2947 sit,
892 2877 897 2949 Ι
916 2882 1034 2937 alienare
1045 2891 1087 2941 69.

83 2966 177 3039 possit
209 2962 257 3025 63.
277 2965 340 3022 Nam
357 2966 446 3022 dotnle
462 2965 601 3039 praedium
623 2967 735 3021 moritus
757 2965 840 3021 inuito
856 2963 971 3021 muliere
986 2982 1035 3040 per

83 3049 170 3125 legem
186 3050 279 3107 luliam
296 3050 455 3124 prohibetur
469 3048 595 3122 alienare,
607 3051 731 3123 quemuis
746 3050 831 3125 ipsius
847 3053 882 3105 sit
901 3049 944 3106 uel
960 3066 1033 3107 man·

82 3135 199 3208 cipetum
221 3137 245 3192 ei
264 3135 336 3192 dotis
359 3150 439 3191 causa
460 3134 504 3191 uel
526 3137 554 3190 in
576 3137 634 3191 iure
660 3150 765 3191 cessum
793 3134 835 3191 uel
865 3144 1033 3209 usucaptum.

82 3219 158 3292 quod
178 3218 286 3293 quidem
309 3221 351 3274 ius
373 3227 463 3274 utrum
484 3218 516 3273 ad
532 3219 622 3276 ltolica
637 3227 740 3275 tantum
757 3218 879 3292 praedia,
901 3237 935 3275 an
955 3222 1033 3276 etiem

82 3303 114 3357 ad
130 3304 304 3376 prouincialin
320 3305 461 3376 pertinent,
484 3302 629 3361 dubitatur.
670 3298 719 3359 64.
743 3304 778 3359 lin
795 3303 903 3358 diuerso
920 3312 1034 3376 agnatus

155 3451 175 3520 ¹)
195 3455 233 3504 De
256 3455 304 3504 boc
322 3456 361 3515 ἐξ.
380 3466 475 3505 ce—ot.
500 3469 561 3504 vero
581 3457 637 3504 loco
658 3454 693 3516 os.
713 3462 763 3504 not.
784 3460 843 3502 onte
862 3455 884 3515 g.
904 3464 937 3504 oo.
957 3462 981 3503 et
1000 3455 1035 3503 od

82 3527 120 3589 §5-
135 3538 232 3578 eo-os.
248 3526 271 3586 5.
286 3536 307 3574 e.
327 3525 348 3573 I.
364 3523 432 3588 quib.
448 3526 524 3574 olion.
540 3527 582 3575 lic.
598 3525 629 3590 (e,
644 3524 675 3589 s).

82 3633 294 3642 ———

152 3681 178 3753 §-
194 3686 235 3735 79.
257 3684 295 3746 Cf.
306 3683 337 3732 t.
353 3695 373 3734 a.
387 3687 410 3746 §-
421 3696 441 3733 r.
457 3682 488 3731 D.
503 3686 541 3732 tit.
556 3686 599 3733 eit.
615 3685 637 3745 ἓ.
649 3694 682 3734 25.
702 3682 773 3733 Ltit.
785 3685 827 3732 cit.
839 3682 907 3746 Epir.
918 3694 938 3740 o,
950 3695 968 3732 1.
980 3684 1002 3744 §-
1013 3695 1033 3734 s.

81 3751 107 3823 §-
122 3758 164 3807 62.
181 3777 215 3798 ==
229 3770 269 3817 pr.
289 3754 310 3803 I.
330 3754 397 3819 quib.
418 3756 496 3803 alien.
516 3757 558 3803 lio.
577 3753 613 3816 (2,
632 3753 663 3818 8).
732 3750 757 3821 ξ
774 3757 814 3804 63.
831 3769 874 3815 pr.
891 3752 912 3800 1.
928 3755 970 3801 cit.
996 3751 1034 3813 Cf.

83 3826 158 3875 Poul.
174 3823 280 3883 2,21B.
300 3827 323 3886 §-
339 3837 359 3874 2.
410 3821 434 3892 ξ
447 3828 488 3874 ot.
511 3824 547 3886 Cf.
564 3825 615 3873 Cie.
631 3824 662 3871 de
678 3825 770 3873 invent.
786 3834 807 3878 2,
822 3833 855 3872 ω.
871 3823 906 3871 od
919 3821 1034 3869 Herenn.

82 3907 102 3953 1.
117 3909 150 3948 rs.
174 3895 229 3959 b'tp.
250 3908 287 3951 re,
303 3908 322 3945 e.
343 3895 374 3944 L.
395 3907 427 3946 oo.
447 3896 469 3956 ξ.
484 3907 506 3945 a.
525 3895 557 3942 Ι).
577 3895 608 3942 de
624 3894 739 3955 furtu,
755 3904 775 3940 e.
795 3917 828 3926 —
846 3893 869 3952 ς.
885 3903 904 3940 1.
929 3889 951 3937 1.
966 3887 1034 3953 quid.
