2378 4386
170 543 236 609 386
429 561 487 596 ean
503 561 595 597 rnen-nn.
616 542 662 596 lv.
684 548 832 598 trs-121.

168 709 258 766 quarn,
274 693 297 747 si
313 700 400 749 metus
415 706 494 747 causa
510 698 537 746 te
552 689 647 747 iecisse
662 690 706 746 uei
726 689 790 747 dolo
806 689 874 746 maio
889 706 1017 764 arguero,
1032 690 1121 766 repel-

167 777 242 834 leris.
285 777 350 831 item
372 776 395 831 si
416 773 528 830 iunium
555 774 705 848 litigiosum
730 776 817 830 sciens
844 790 935 831 anon
963 774 1121 848 possidente

167 860 264 916 emeris
287 874 403 931 eumque
424 875 439 914 a
460 857 616 932 possidente
638 866 726 932 petas,
748 858 895 930 opponitur
917 856 964 914 tibi
987 862 1121 934 exceptio,

166 957 315 1017 perquam
338 941 492 998 omnimodo
514 943 703 998 summoueris.
746 939 805 999 118.
828 941 1005 1016 Exceptioncs
1031 953 1121 1000 autem

168 1026 232 1082 aliur
253 1029 280 1081 in
303 1025 391 1082 edicto
414 1034 523 1098 praetor
538 1023 619 1081 habet
640 1027 804 1099 propositas,
827 1025 892 1081 aiias
914 1042 994 1082 causa
1011 1029 1121 1102 cognita

166 1108 357 1167 accommodat.
383 1125 451 1182 quae
462 1124 555 1165 omnes
572 1109 614 1165 uei
630 1108 782 1183 exlegibus
799 1109 841 1165 uei
858 1125 890 1165 er
905 1109 958 1180 his,
971 1127 1040 1185 quae
1052 1112 1120 1186 legis

167 1195 252 1249 uicem
268 1195 402 1267 optinent,
417 1191 592 1248 substantiam
608 1197 728 1265 capiunt,
742 1193 830 1249 ueien
845 1193 1031 1251 iurisdictione
1045 1210 1120 1269 prae·

96 1289 155 1339 229.
170 1277 237 1333 toris
253 1276 374 1350 proditae
389 1285 462 1333 sunt.
486 1274 491 1348 Ι
513 1272 574 1334 119.
598 1277 695 1333 Omnes
710 1285 801 1332 autem
816 1279 990 1351 exceptiones
1010 1280 1038 1336 in
1056 1296 1120 1336 con·

167 1361 277 1416 tranium
292 1361 491 1434 concipiuntur,
508 1377 592 1433 quem
607 1358 728 1415 adfirmat
742 1362 776 1432 is,
792 1376 853 1418 cum
869 1378 922 1433 quo
939 1363 1044 1435 agitur:
1059 1379 1120 1418 nam

165 1446 188 1501 si
212 1443 286 1500 uerbi
309 1446 395 1518 gratia
417 1460 479 1500 rcus
501 1442 564 1500 dolo
587 1444 656 1500 maio
671 1443 772 1517 aliquid
794 1452 914 1501 actorem
936 1444 1023 1502 iacere
1038 1442 1119 1516 dicat,

167 1530 213 1602 qui
235 1526 306 1585 torte
329 1529 467 1601 pecuniam
483 1529 567 1600 petit,
591 1544 670 1601 quarn
692 1544 747 1584 non
763 1532 926 1596 numerauit,
941 1531 980 1586 sic
995 1529 1118 1601 exceptio

166 1612 330 1684 concipitur:
355 1627 385 1669 ar
406 1627 440 1669 ru
460 1626 501 1668 nn
523 1627 563 1668 nn
585 1628 674 1669 urrann
695 1626 780 1669 nono
808 1628 893 1670 urano
915 1629 989 1670 svnt
1011 1627 1119 1671 sennan

165 1711 290 1753 nncnvu
304 1711 354 1753 arr
368 1710 472 1759 unove
487 1711 577 1763 ernr3
599 1697 663 1751 item
684 1697 707 1750 si
725 1695 833 1752 dicutur
853 1705 947 1752 contra
968 1698 1119 1769 pactionem

166 1781 279 1853 pecunia
294 1780 361 1853 peti,
375 1780 411 1835 ita
426 1780 578 1852 concipitur
592 1781 729 1853 exceptio:
752 1796 782 1838 s1
804 1796 898 1838 mnne
919 1794 1024 1838 urnvu
1043 1795 1118 1838 non·
1129 1795 1188 1847 [roa]

166 1878 245 1920 ruvu
258 1880 300 1921 nr
314 1877 477 1919 uvunnwu
490 1877 647 1921 unormvu
660 1878 723 1920 uou
738 1878 904 1933 couvnurn,
920 1878 960 1921 nn
974 1880 1016 1921 ne
1027 1879 1120 1923 encr-

165 1962 221 2004 ιιιΔ
234 1962 434 2017 peresuros,
449 1953 477 2001 et
492 1945 607 2019 denique
621 1948 649 2002 in
661 1949 758 2003 ceteris
773 1948 861 2003 causis
875 1947 999 2003 similiter
1013 1949 1120 2022 concipi

166 2030 250 2086 solet:
267 2030 326 2085 idco
342 2029 455 2097 scilicet,
469 2031 530 2102 quia
546 2033 634 2086 omnis
645 2032 768 2104 exceptio
782 2029 899 2086 obicitur
913 2030 1019 2100 quidem
1035 2047 1119 2101 areo,

166 2114 213 2170 sed
228 2115 265 2170 ita
280 2111 410 2169 formulae
424 2113 563 2182 inseritur,
578 2121 608 2168 ut
630 2112 838 2170 condicionalem
859 2112 937 2169 iaciat
957 2104 1118 2169 condemna·

167 2199 285 2267 tionem,
306 2195 400 2266 tuest,
421 2210 454 2251 ne
475 2196 553 2251 aliter
571 2196 650 2253 iudex
672 2212 748 2267 eum,
770 2212 831 2253 cum
852 2211 906 2270 quo
927 2197 1033 2269 agitur,
1053 2213 1119 2253 con·

167 2279 284 2350 demnet,
300 2279 414 2352 quamsi
434 2279 502 2335 nihii
522 2282 548 2335 in
564 2295 594 2335 ea
615 2297 660 2352 re,
684 2279 789 2354 quade
810 2280 915 2353 agitur,
935 2279 998 2336 dolo
1021 2283 1120 2337 actoris

168 2363 267 2419 iactum
289 2364 341 2434 sit3
369 2364 433 2418 item
455 2379 489 2419 ne
510 2363 588 2420 aliter
609 2364 689 2420 iudex
711 2379 772 2420 eum
795 2363 972 2434 condemnet,
995 2381 1074 2438 quam
1096 2366 1119 2421 si

166 2445 399 2564 nuliumlpactum
422 2456 588 2504 conuentum
608 2449 643 2504 tie
665 2464 720 2504 non
746 2446 860 2522 petenda
882 2450 996 2522 pecunia
1019 2447 1118 2506 iactum

165 2529 270 2605 'suerit

228 2611 294 2672 120.
319 2614 447 2672 Dicuntur
469 2625 558 2673 autem
587 2617 758 2689 exceptiones
780 2624 827 2673 aut
854 2617 1051 2690 peremptoriae
1072 2623 1119 2672 aut

166 2699 316 2757 dilatoriae.
360 2696 422 2759 121.
446 2700 644 2773 Penemptoniae
666 2707 746 2771 sunt,
770 2716 837 2773 quae
860 2708 993 2774 perpetuo
1016 2698 1117 2770 ualent,

165 2801 216 2841 nec
230 2786 325 2841 unitari
339 2793 470 2858 possunt,
494 2784 569 2839 ueiut
585 2781 657 2856 quod
679 2791 768 2839 metus
786 2799 867 2840 causa
888 2792 935 2839 aut
957 2782 1021 2840 doio
1036 2783 1118 2856 maio,

165 2878 211 2925 aut
228 2869 300 2942 quod
316 2878 408 2924 contra
424 2867 512 2940 legem
533 2874 678 2922 senatusue
699 2867 856 2924 consultum
879 2866 1052 2939 factumest,
1072 2875 1119 2922 aut

165 2952 238 3024 quod
255 2968 297 3009 res
313 2952 426 3008 iudicata
442 2960 497 3020 est,
521 2949 564 3006 uei
580 2951 606 3004 in
622 2950 749 3005 iudicium
765 2950 879 3007 deducta
895 2957 947 3023 est,
967 2951 1031 3007 item
1047 2951 1118 3023 pacti

164 3036 306 3105 conuerti,
321 3033 404 3109 ’quod
423 3027 550 3106 sactum²
571 3042 628 3105 est,
651 3048 684 3089 ne
701 3035 811 3091 omniuo
834 3035 946 3109 pecunie
967 3040 1116 3109 peteretur.

164 3225 257 3291 Bpr’erm
272 3226 311 3273 ed.
326 3237 346 3276 8.
362 3226 459 3275 edendo
475 3241 525 3276 rem
541 3228 643 3291 aliquem
661 3229 780 3291 mancipio
799 3229 856 3278 dare
874 3228 1049 3292 promitterem
1066 3235 1119 3279 eta·

165 3298 245 3345 tuisse
264 3295 360 3354 uideri,
380 3312 435 3345 eum
454 3299 499 3360 qui
520 3312 572 3346 rem
593 3299 658 3348 dare
673 3301 836 3362 promiserit,
856 3313 907 3349 aon
925 3301 953 3348 a'n
972 3314 1120 3363 perronam,

165 3367 211 3416 aed
230 3368 256 3414 in
275 3381 328 3414 rem
347 3369 448 3416 actione
467 3370 557 3416 teneri.
633 3367 653 3435 ¹)
672 3369 718 3417 erit
738 3369 764 3417 0.
784 3369 841 3418 edd.
857 3376 966 3432 praeter
983 3368 1057 3419 Stud.

167 3432 252 3503 ¹)Eoe
273 3436 363 3510 (Io'sclt.
383 3439 415 3500 φ’.
435 3438 470 3500 cs.
489 3440 512 3499 §-
529 3449 575 3488 ιιι.
594 3439 657 3502 quod
676 3445 771 3502 pactum
791 3439 817 3488 0.
837 3438 911 3504 (quod
930 3439 1054 3506 notatum)
1073 3454 1119 3504 quo

165 3542 282 3563 -—‚
290 3542 378 3551 .-.-

235 3591 261 3663 ξ.
279 3598 337 3646 118.
358 3596 396 3660 Cf.
411 3598 433 3658 ξ.
449 3607 469 3648 ι.
484 3595 506 3645 I.
522 3596 554 3646 tt.
626 3591 651 3664 ξ.
668 3598 726 3648 119.
748 3596 785 3660 Os.
796 3596 1119 3661 L.npr.1›.reeaeeept.

165 3664 211 3731 (tt,
226 3668 257 3730 1).
289 3666 339 3715 Cic.
355 3667 387 3715 de
401 3668 452 3716 inv.
467 3680 487 3724 ιι,
503 3678 536 3717 ιο.
552 3666 669 3716 Briaeon.
684 3668 716 3716 de
728 3668 805 3730 forat.
821 3680 841 3726 o,
857 3678 882 3719 te
895 3683 947 3731 aeq.
960 3667 1118 3731 Zeitaeirrus.

162 3736 249 3801 percle.
267 3735 337 3784 BW.
357 3736 435 3785 XIII.
450 3753 475 3800 p.
490 3747 536 3787 are.
587 3732 613 3804 ξ.
630 3738 688 3786 120.
709 3736 747 3800 Cf.
763 3740 786 3799 ξ.
801 3750 821 3789 8.
837 3737 859 3786 Ι.
874 3738 905 3787 de
920 3753 977 3787 exc.
993 3736 1025 3803 (e,
1040 3738 1083 3803 1³).

165 3802 190 3874 ὅ.
209 3809 265 3856 121.
288 3806 325 3869 Cs.
341 3807 372 3856 L.
387 3818 408 3858 8.
429 3807 459 3855 1).
475 3807 507 3855 de
521 3812 621 3868 except.
637 3804 685 3870 (tt,
705 3805 734 3871 ι).
754 3809 777 3869 ὅ.
792 3819 812 3859 8.
836 3807 858 3856 I.
875 3809 917 3857 cit.
938 3809 1002 3872 quod
1016 3824 1056 3858 res
1071 3809 1119 3862 iud.

164 3874 225 3946 ete]
245 3877 278 3940 cs.
294 3879 317 3940 ξ.
333 3888 477 3935 1888180.
497 3890 526 3925 ne
541 3876 637 3926 omnino
651 3874 711 3943 ete]
727 3877 761 3939 cs.
777 3879 816 3941 ἐξ.
832 3889 877 3929 ιιι.
894 3889 939 3930 126.
