2378 4386
192 542 254 608 678
387 557 446 595 rros.
464 558 497 594 nr
514 557 575 592 nore.
595 556 685 592 nnovrr
703 555 808 592 connnr.
828 537 861 591 X.
881 543 906 591 3.
925 543 950 591 4.

194 692 329 764 impensas
344 695 433 744 tamen
455 687 620 742 necessarias
642 686 701 742 iure
724 685 912 759 persequitur,
936 701 1003 759 quas
1026 684 1104 742 iurte
1126 687 1154 742 in

193 788 313 848 aegrum,
336 771 379 827 uei
396 771 461 826 alias
483 768 648 827 laborantem
664 769 835 842 impenderit.
879 765 908 825 6.
934 763 1002 825 ¹iies
1024 767 1153 841 deposita

192 859 214 913 si
243 854 423 928 subripiatur,
450 853 574 909 dominus
602 846 775 909 'dumtaxai²
801 851 881 908 babet
909 853 975 909 iurti
1003 855 1152 925 actionem,

193 940 315 1014 quamuis
330 938 398 1007 eius,
414 937 486 1013 apud
502 953 580 1011 quem
596 951 640 993 res
656 937 777 1010 deposita
793 945 843 1007 est,
861 938 978 1007 intersit,
994 936 1031 993 ob
1046 939 1153 1012 impen-

192 1039 235 1079 sas
250 1024 278 1078 in
292 1038 349 1078 renr
365 1021 449 1078 iactas
465 1037 521 1078 rem
538 1023 665 1078 retinere.
702 1020 726 1076 is
748 1037 825 1092 uero,
848 1023 890 1076 eui
912 1037 955 1076 res
979 1022 1153 1079 commodate

195 1109 241 1178 sit,
257 1106 324 1162 iusti
339 1107 454 1179 experiri
470 1104 587 1175 debebit,
603 1106 625 1160 si
641 1103 721 1160 modo
737 1103 869 1160 soiueudo
886 1099 992 1160 fuerit.³
1029 1100 1054 1160 7.
1071 1107 1151 1163 Actio

193 1188 354 1247 commodati
376 1204 484 1264 semper
505 1191 533 1245 in
548 1189 674 1262 simplum
690 1189 833 1261 competit:
857 1188 974 1261 depositi
996 1205 1064 1245 uero
1081 1206 1151 1247 non·

193 1290 330 1347 uunquam
346 1275 374 1330 in
389 1272 518 1348 dupium,
540 1273 643 1329 seilicet
658 1274 680 1328 si
696 1273 799 1341 ruinae,
815 1271 858 1326 uei
874 1270 1025 1346 naufragii,
1050 1272 1095 1329 uei
1110 1276 1150 1330 in·

192 1358 290 1426 eeudii,
307 1367 352 1414 aut
368 1358 500 1414 tumuitus
516 1373 594 1414 eausa
610 1372 654 1412 res
669 1351 843 1429 deponatur.⁴

255 1441 321 1517 Καρ.
346 1441 387 1499 ΙΙΙ.
433 1441 732 1514 Hermogeniuous
759 1438 821 1495 sub
849 1439 956 1496 titulo
983 1439 1022 1495 de
1043 1441 1149 1516 depo·

192 1529 263 1584 sito
286 1525 482 1582 huiusmodi
505 1526 634 1581 inserit
657 1518 982 1579 ’constitutiones:¹
1018 1520 1042 1581 l.
1066 1525 1148 1582 'idern

192 1611 309 1684 Augusti
330 1618 358 1665 et
380 1601 520 1665 Caesares¹
542 1601 654 1664 Flauio⁷
677 1606 804 1666 diuortio.
848 1605 928 1679 Eum,
957 1608 1003 1680 qui
1027 1611 1149 1683 suscepit

191 1693 354 1766 depositum,
372 1692 473 1763 dolum,
489 1707 544 1748 uon
560 1693 639 1747 etiam
654 1706 743 1747 casum
760 1698 908 1764 praestare,
928 1693 996 1748 certi
1012 1693 1079 1748 iuris
1095 1701 1146 1749 est.

191 1775 362 1850 domitaque
378 1792 529 1850 proponas,
545 1776 616 1849 ignis
632 1777 658 1829 ui
675 1774 803 1848 quaedam
818 1783 933 1831 cremata
948 1774 982 1831 de
996 1775 1054 1845 his,
1078 1792 1147 1850 quae

191 1859 239 1917 tibi
255 1859 331 1917 inere
346 1860 539 1929 commendata,
555 1875 606 1916 nec
620 1857 703 1914 uiiurn
717 1858 808 1915 dolum
820 1861 847 1914 in
863 1857 1052 1915 subtrahendis
1064 1860 1146 1916 rebus

190 1944 348 2016 adhibitum,
371 1951 463 2002 rector
484 1943 638 2018 prouinciae
660 1942 727 1999 niirii
742 1952 835 1999 contra
851 1944 916 1999 iuris
938 1945 1071 2000 rationem
1087 1942 1146 2001 tisri

189 2030 316 2103 parterm.
361 2025 394 2083 Et
407 2030 535 2101 quoniam
554 2019 649 2082 ’recti
666 2029 787 2100 quereris
803 2043 901 2097 moras,
924 2026 1043 2084 adbibita
1058 2029 1145 2083 uarie·

190 2120 261 2184 tate,
284 2112 424 2186 negotium
440 2113 513 2167 inter
528 2124 578 2164 uos
594 2118 682 2166 ortum
705 2109 851 2168 seeundum
874 2112 940 2166 iuris
959 2111 1078 2167 ordinem
1094 2127 1144 2166 sua

189 2197 293 2252 ratione
307 2194 457 2255 decidetur.
493 2191 649 2266 subscripta
660 2208 729 2252 vm.
744 2193 801 2250 idai.
814 2193 863 2250 iul.
880 2193 998 2265 Serdieu,
1013 2196 1145 2269 Augustis

189 2272 275 2334 coss.¹¹

252 2359 319 2433 iiap.
342 2358 384 2415 iV.
428 2358 509 2417 iidem
531 2360 656 2435 ’Augusti
673 2372 699 2419 et
714 2354 870 2419 Caesares¹⁰
886 2361 924 2419 Fi.
941 2363 1051 2421 Aurelio
1066 2367 1143 2421 Atte·
1154 2372 1189 2422 i=³

188 2446 249 2501 nico
264 2442 427 2505 Andronico.
471 2443 536 2516 Eos,
558 2462 642 2520 penes
665 2462 734 2520 quos
756 2454 860 2503 uestem
882 2456 910 2504 et
933 2450 1038 2522 argenti
1060 2457 1144 2505 maie·

187 2530 253 2585 rium
276 2527 434 2602 deposuisse
456 2523 550 2605 ¹(te)¹¹
577 2532 717 2605 proponis,
739 2529 809 2604 apud
832 2539 966 2587 rectorem
988 2533 1143 2605 prouinciae

187 2614 316 2670 conuenit
331 2614 508 2688 interrogari:
530 2612 586 2689 'qui
602 2608 688 2685 eos¹²,
710 2616 767 2671 siue
784 2623 902 2686 teneant,
919 2616 977 2671 siue
993 2615 1057 2672 doio
1073 2614 1143 2673 iece-

187 2699 270 2775 rint,¹
285 2699 428 2773 quominus
451 2699 557 2771 possint
578 2700 738 2768 restituere,
765 2698 914 2755 seeundum
943 2698 1041 2755 bonam
1063 2698 1141 2756 iidem

188 2780 235 2838 tibi
260 2780 417 2841 satisfacere
443 2781 598 2857 compellet.
642 2780 941 2856 Subscriptav1.iiai.
965 2782 1063 2856 Aprilis
1086 2782 1141 2839 Sir·

186 2866 243 2939 mii,
259 2865 348 2923 Cness.
364 2859 466 2924 coss.¹¹

261 3050 281 3119 ¹)
298 3053 336 3115 Cf.
354 3053 411 3104 Gai.
422 3064 443 3112 ³,
454 3064 501 3105 rot.
554 3049 575 3115 ¹)
590 3050 847 3117 ExScbuitinpiiqi.
863 3021 909 3116 (ag
925 3054 1041 3118 corripio
1056 3052 1140 3119 durni)

186 3121 267 3172 domui
283 3123 345 3174 cdd.
366 3139 394 3173 eo
414 3123 508 3173 nomine
528 3122 567 3171 ed.
582 3121 623 3170 Bt.
689 3119 710 3188 ¹¹)
726 3122 763 3185 Cf.
778 3122 810 3171 L.
826 3134 851 3172 ιι
861 3124 907 3184 fin.
927 3124 959 3173 L.
974 3133 1008 3175 oa.
1029 3126 1052 3186 §-
1068 3137 1087 3175 i.
1106 3124 1139 3172 D.

185 3194 218 3243 de
229 3195 296 3256 suri.
311 3193 356 3258 (rt,
371 3192 402 3257 n).
422 3193 454 3242 L.
469 3203 503 3244 28.
527 3191 559 3241 D.
579 3207 631 3240 rer.
651 3199 725 3242 omui.
741 3191 790 3256 (ro,
804 3192 836 3258 r).
901 3190 923 3259 ¹)
938 3193 977 3256 Os.
993 3194 1025 3243 L.
1041 3207 1061 3245 1.
1080 3194 1105 3257 ς.
1120 3206 1140 3244 1.

184 3262 217 3311 L.
233 3274 266 3313 in.
289 3262 319 3310 D.
336 3263 421 3325 depos.
437 3261 486 3325 (lu,
500 3259 532 3323 t).
598 3259 619 3325 ¹¹)
634 3263 802 3311 constitutione
817 3262 847 3311 B.
866 3263 927 3327 (Ve.
948 3265 989 3313 Vi.
1004 3263 1069 3314 duee
1082 3264 1141 3330 oue)

185 3332 378 3380 constitutionem
393 3331 450 3380 edd.
481 3330 519 3392 Cf.
538 3331 571 3380 de
589 3331 630 3381 dir
648 3331 755 3382 Haenei.
771 3332 858 3383 Herm.
876 3334 902 3385 G.
918 3350 945 3399 p.
961 3346 995 3386 te.
1061 3331 1141 3401 ⁶)ssae

186 3399 273 3449 Ouiae.
290 3402 322 3462 q).
338 3401 401 3449 idom
416 3407 528 3462 augustus
543 3416 612 3450 eesar
625 3401 655 3450 B.
676 3402 736 3468 (Ve.
757 3404 798 3452 Vi.
813 3402 871 3468 om.)
887 3405 949 3455 idem
964 3407 1083 3468 Angustus
1097 3404 1140 3470 (et)

185 3470 273 3519 Caesar
286 3471 325 3520 ed.
341 3470 382 3520 Bi.
447 3469 568 3536 ¹)iianius
583 3471 612 3520 B.
632 3472 666 3521 Fi.
681 3473 739 3522 edd.
796 3472 817 3540 ¹)
832 3483 901 3525 ueetu
916 3475 947 3524 B.
968 3490 1011 3525 nee
1031 3476 1073 3524 Vi.
1094 3476 1139 3525 Ve.

183 3555 227 3590 nee
242 3548 267 3589 iu
281 3542 339 3594 edd.
368 3540 404 3601 Is,
420 3544 465 3606 qui
478 3542 590 3593 libellum
604 3543 687 3602 dedii,
702 3543 734 3594 ub
748 3559 786 3601 eo,
801 3547 845 3609 qui
859 3561 901 3595 res
915 3546 986 3610 apud
999 3547 1082 3609 braum
1096 3545 1139 3594 de·

181 3619 317 3674 posuerat,
331 3613 434 3677 aliquid
443 3616 540 3677 petisse
554 3613 671 3671 videtum·
685 3616 729 3665 eui
744 3617 865 3679 petitioni
879 3632 935 3666 eum
949 3618 993 3665 itte
1006 3615 1138 3672 obiiceret,

183 3681 252 3746 quod
268 3697 355 3732 rerum
374 3685 549 3748 depositurum
569 3691 669 3735 nomine
689 3684 740 3735 eibi
760 3684 907 3745 deberetur,
929 3700 1016 3736 morae
1036 3693 1139 3736 nectere

183 3754 310 3802 uiauseet.
372 3751 393 3820 ¹)
408 3771 432 3805 o.
448 3767 570 3808 rea—sot.
633 3753 666 3820 ¹¹¹)
682 3755 726 3804 Ex
741 3755 828 3806 Cuinc.
843 3760 875 3821 ej.
891 3763 1003 3819 augustus
1018 3764 1041 3805 et
1055 3769 1138 3805 cesare

182 3822 221 3961 1¹3¹.)
267 3821 299 3890 ¹¹)
315 3824 423 3876 Addidi.
478 3823 511 3892 ¹¹)
525 3825 589 3891 quod
606 3826 667 3876 Gdd.
683 3826 740 3876 edd.
756 3824 801 3892 (ex
815 3842 837 3891 q.
854 3828 906 3894 eos)
925 3841 986 3892 quos
1001 3829 1033 3890 e).
1049 3826 1138 3876 Ouiae.

235 3911 260 3945 α.
275 3907 396 3950 rui-tun.
