2378 4386
332 541 392 576 uos.
412 542 443 576 ec
462 542 523 577 nou.
543 543 632 579 caeru
650 542 758 579 conus.
777 525 836 580 XV.
856 532 880 580 3.
1015 527 1079 592 693

127 672 199 727 inter
214 671 264 727 hos
280 671 336 744 'qul
353 664 503 727 habentur¹
520 674 726 744 uaticinatnres,
748 669 806 728 ’lni²
822 689 930 747 quoque
944 674 1080 747 plectendi

127 762 203 825 sunt,
228 756 355 827 qnoniam
371 771 563 829 nonnunquam
587 766 682 813 contra
705 758 837 829 publicam
858 759 976 830 quietem
998 759 1081 830 impe·

126 841 250 911 riumque
264 839 357 912 populi
374 839 485 894 Romani
502 840 690 913 improbandas
709 850 780 897 artes
801 850 935 897 exercent.
979 839 1008 898 4.
1031 840 1080 895 lix·

126 930 181 978 stat
197 923 313 994 densique
327 916 488 978 ’decretum³
504 923 560 979 clini
576 924 614 978 ru
630 924 662 978 acl
678 923 816 993 Pacatum,
836 924 954 997 legatum
971 926 1081 998 prouin-

127 1007 182 1060 ciae
198 1005 402 1079 Lugdunensis,
427 1007 502 1061 cuins
524 1008 648 1078 rescripti
670 1006 752 1061 uerlrn
767 1009 828 1078 quia
848 1008 930 1063 rnultn
946 1017 1024 1079 sunt,
1048 1007 1082 1065 de

81 1088 179 1151 natine
202 1091 260 1145 eius
288 1089 330 1143 ’acl
353 1083 463 1143 locum⁴
490 1090 556 1145 liaeo
583 1106 666 1161 pauca
694 1085 820 1144 subtecti
862 1086 891 1146 6.
914 1092 1031 1163 lienique
1054 1101 1082 1146 et

126 1173 206 1228 diuus
222 1173 325 1228 ilarous
348 1189 425 1237 eum,
448 1174 494 1242 qui
518 1181 592 1227 motu
613 1166 755 1227 Cassiano⁶
778 1174 936 1228 uaticinatus
960 1182 1031 1244 erat,
1054 1183 1081 1230 et

126 1256 210 1312 multa
233 1258 309 1329 quasi
333 1272 364 1311 cx
388 1257 517 1310 instinctu
540 1255 652 1310 deorum
675 1255 789 1324 dixerat,
812 1257 839 1310 in
854 1255 967 1311 insulam
984 1256 1080 1328 Syrum

127 1339 267 1413 relegauit.
312 1336 340 1394 δ.
364 1338 415 1392 ‘tr
437 1355 502 1393 sane
525 1354 579 1393 non
595 1337 694 1393 delient
716 1340 824 1409 impune
841 1338 905 1393 lerri
928 1338 1080 1393 huiusmodi

127 1423 265 1492 homines,
289 1423 334 1492 qui
357 1420 407 1476 suli
424 1420 537 1475 obtentu
559 1413 737 1475 ’monimum'
760 1422 871 1475 deorum
889 1420 1018 1493 quaedam
1038 1421 1081 1477 uel

125 1507 278 1572 enurrtiant,
295 1504 338 1557 uel
354 1505 462 1571 iactant,
480 1504 523 1558 uel
539 1505 656 1558 scientes
673 1503 729 1558 'eos
746 1497 889 1576 fingunt.'⁸

190 1586 254 1657 llap.
271 1585 312 1640 ΙΙΙ.
340 1585 581 1658 Gregorinnus
603 1585 696 1642 lilrro
717 1582 809 1642 '111n9
828 1587 889 1644 suh
912 1587 1020 1644 titulo
1042 1587 1082 1643 de

126 1668 300 1724 malelicis
322 1677 356 1726 ct
372 1663 618 1726 ilanichaeis.¹⁰
650 1669 733 1743 impp.
748 1671 927 1742 Maximianus,
942 1670 1081 1727 Diocletia-

127 1768 177 1807 nus
193 1762 220 1807 ct
237 1752 393 1808 Maximinus
411 1753 570 1810 nobilissimi
583 1756 659 1813 Anii.
676 1755 777 1809 iuliano
793 1753 950 1828 proconsuli
966 1755 1081 1811 Africae.

125 1831 149 1891 l.
175 1834 232 1890 litia
247 1837 359 1890 maxima
381 1836 516 1893 interilum
538 1839 659 1893 homines
682 1839 899 1894 incommodioris
920 1837 1083 1894 conditionis

128 1927 237 1974 naturae
255 1920 386 1974 humanae
402 1920 511 1975 moclnm
528 1920 656 1976 exceclero
672 1922 825 1987 hortantur,
848 1931 876 1977 ct
891 1920 1021 1994 quaedam
1035 1937 1083 1993 ge·

128 2019 191 2057 nera
206 2004 360 2057 inanissima
377 2019 407 2058 ac
429 2005 581 2077 turpissima
597 2004 734 2060 doctrinae
753 1997 985 2077 'superstitiosis¹¹
1005 2004 1083 2058 intlu-

128 2102 190 2142 ccre
206 2085 331 2155 suadent,
350 2097 380 2142 nt
396 2089 438 2142 sui
453 2088 555 2142 erroris
570 2086 679 2144 arbitrio
696 2089 850 2161 pertrahere
861 2096 889 2143 et
901 2087 967 2143 alios
983 2086 1083 2143 multos

128 2202 340 2210 *-

202 2249 221 2317 ¹)
237 2254 354 2302 habentur
371 2269 440 2317 quam
462 2255 523 2302 Calai.
544 2256 660 2304 habentur
679 2257 750 2304 etiam
764 2272 798 2305 em
816 2255 913 2305 Sclanlt.
933 2257 966 2318 ej.
986 2255 1026 2303 ed.
1040 2253 1082 2306 Bl.

127 2323 180 2372 Sed
199 2331 259 2371 nota
278 2338 301 2387 q.
318 2322 379 2389 (qni)
397 2325 432 2372 ad
451 2325 528 2372 leuius
547 2329 611 2375 arole
625 2328 709 2374 relata
725 2327 807 2389 facilc
826 2341 895 2388 qnam
913 2326 1045 2389 caplicari
1059 2332 1083 2374 et

128 2394 546 2457 antenaticinutoresponipotuit.
594 2393 765 2460 ³)(sed)lriex
776 2394 909 2458 pistica.
957 2392 1083 2460 ⁸)Fornra

127 2464 253 2525 rescripti
267 2464 302 2511 acl
316 2466 527 2513 consultationem
542 2480 576 2512 ear
586 2467 757 2528 appellatione
767 2467 890 2514 emissum.
913 2465 950 2526 Cf.
963 2465 1007 2512 Fr.
1023 2464 1082 2514 Vnt.

127 2537 150 2594 ξ.
166 2545 211 2584 113.
265 2531 286 2598 ⁴)
304 2533 342 2595 Cf.
358 2532 476 2583 Brisson.
492 2536 523 2582 cle
543 2534 573 2582 V.
589 2533 650 2583 δῖε.
666 2552 687 2583 υ.
703 2536 761 2583 adl.
791 2534 844 2583 Sed
857 2536 919 2582 anilii
932 2537 1084 2598 sipnificare

127 2605 262 2652 uidentur:
276 2619 341 2666 quae
355 2605 391 2652 acl
405 2606 486 2654 locum
499 2607 638 2667 pertinent,
653 2605 702 2654 linc
714 2606 825 2666 faciunt.
893 2602 913 2668 ⁵)
927 2604 1025 2653 Scitnlt.
1041 2619 1082 2652 re·

127 2677 220 2736 scripti
239 2674 315 2722 nerlu
335 2676 499 2723 intercidisse
517 2683 600 2738 putat.
631 2674 697 2723 Milli
714 2689 867 2738 persuasum
885 2680 935 2730 esi,
954 2689 997 2732 ea,
1017 2689 1084 2738 quae

128 2746 151 2804 ξ.
166 2756 186 2792 o.
203 2746 375 2800 continentur,
390 2744 454 2792 iaec
469 2746 525 2807 ipsu
541 2745 618 2792 verba
633 2760 695 2799 esse,
710 2761 726 2792 α
741 2744 859 2793 librariis
869 2758 931 2806 quos
942 2745 1010 2806 quod
1023 2752 1083 2792 ante

128 2815 244 2875 lepcrant
259 2814 287 2860 de
303 2815 348 2860 line
364 2815 415 2861 eius
432 2841 463 2850 -
480 2815 571 2862 subieci
590 2816 703 2877 decepit,
725 2816 761 2862 ad
774 2815 850 2876 finem
869 2815 946 2861 totius
964 2815 1083 2875 excerpti

128 2885 232 2931 reiecta.
258 2882 348 2946 Itaque
362 2899 393 2932 ea
408 2884 485 2932 uerba
500 2887 603 2933 mutatis
618 2885 730 2933 nrirneris
744 2896 756 2936 5
770 2892 795 2932 et
808 2896 821 2934 tt
835 2884 885 2932 ltue
899 2884 1082 2945 transferenda

128 2959 198 3000 certe
212 2955 376 3017 aliepaiionis
391 2957 473 3018 sipnis
493 2955 612 3003 distinxi.
680 2951 814 3017 ⁶)a.1tn.,
834 2954 866 3002 de
885 2967 934 3016 qno
954 2954 1003 3001 uid.
1023 2954 1054 3000 L.
1070 2965 1082 3003 t

125 3038 167 3084 pr.
185 3022 210 3071 0.
226 3023 261 3070 ad
279 3025 326 3087 lep.
348 3022 397 3073 Iul.
417 3027 475 3072 mai.
496 3023 531 3089 (n,
550 3024 580 3087 s).
610 3023 956 3088 Capitolia..t!.antan.1e.
986 3022 1046 3071 Ver.
1061 3034 1082 3073 s.

133 3092 234 3141 Vulcai.
251 3095 277 3141 in
292 3094 369 3143 Auiti.
389 3094 493 3142 Tertull.
510 3097 577 3158 apol.
592 3107 625 3145 tto.
696 3092 716 3159 ⁷)
733 3102 756 3141 et
771 3095 860 3142 monitu
876 3092 906 3142 B.
927 3092 971 3140 Vc.
987 3093 1044 3141 edd.
1060 3101 1083 3140 et

129 3164 242 3210 monitum
262 3163 303 3211 Vi.
330 3164 367 3225 Cf.
381 3165 433 3213 Cic.
449 3166 529 3213 divin.
545 3177 609 3222 nil.
633 3164 713 3213 Tacit.
729 3164 797 3213 Hist.
811 3177 833 3221 t,
847 3176 880 3215 81.
904 3161 981 3212 Orelt.
997 3163 1082 3214 laser.

129 3244 188 3282 1872.
204 3245 262 3284 troo.
289 3234 383 3281 Gruter
398 3247 444 3290 102,
459 3249 479 3285 1.
494 3243 518 3283 ct
532 3237 563 3284 de
575 3238 676 3298 plurali
687 3235 755 3284 Ptin.
767 3251 862 3299 panep.
877 3246 910 3284 ts.
930 3234 1083 3296 reuereriquo

128 3304 249 3350 numinum
264 3304 377 3351 monitus.
398 3305 467 3353 Ptin.
485 3305 515 3355 Ν,
531 3306 564 3353 Ii.
581 3319 601 3363 2,
617 3319 637 3363 1,
652 3317 672 3357 o.
696 3305 754 3354 Val.
771 3305 859 3356 Flacc.
875 3318 896 3360 1,
910 3314 943 3354 it.
1002 3301 1023 3369 ⁸)
1038 3302 1083 3352 Sic

130 3373 191 3421 Cdd.
208 3375 344 3434 confingunt
358 3389 392 3421 ex
408 3375 477 3423 Ptin
494 3377 525 3436 ej.
541 3377 580 3425 ed.
595 3375 636 3425 Bt.
664 3375 769 3438 Spectat
787 3376 834 3425 loc
849 3376 885 3424 ad
897 3390 953 3430 eos,
968 3376 1012 3438 qui
1027 3376 1084 3437 ipsa

128 3443 233 3491 deornm
249 3446 357 3492 oracula
375 3446 412 3491 uel
427 3447 538 3492 aaronitas
548 3447 650 3507 finpnnt
661 3446 693 3494 ub
703 3448 764 3494 aliis
778 3445 957 3494 enuntiandos.
1004 3440 1082 3507 ⁹)v11.

127 3510 157 3563 B.
178 3526 214 3560 vt.
235 3513 279 3560 Vc.
299 3528 367 3562 vnn.
384 3517 415 3574 φ’.
427 3513 524 3562 Saluuii.
556 3515 650 3563 Verius
665 3515 772 3563 Haenel.
788 3517 823 3564 ad
836 3514 878 3563 lib.
895 3513 971 3563 XIV.
986 3515 1082 3561 retulit.
1121 3541 1123 3544 ⁴

131 3579 440 3646 1“)Ι]εΙιαοσοηεί.υἰιί.
461 3598 524 3645 quos
542 3585 623 3630 citant
637 3583 678 3631 Bl.
698 3586 734 3633 acl
751 3585 775 3632 h.
791 3587 807 3632 l.
824 3585 931 3632 Ilaenel.
951 3584 987 3631 nd
1007 3583 1082 3646 Grep.

130 3651 155 3700 C.
167 3667 195 3714 p.
209 3664 244 3702 44.
272 3651 414 3715 Inscriptio
429 3656 484 3700 sine
499 3652 576 3701 dubio
591 3660 715 3714 corrupta
730 3660 774 3701 est.
800 3653 873 3716 impp.
890 3653 1049 3700 Diocletianus
1060 3660 1084 3699 et

128 3721 282 3770 linximinnus
297 3724 340 3769 Ari.
357 3731 380 3769 et
395 3721 546 3770 Constantius
561 3730 583 3769 ct
599 3722 751 3770 llunimianns
767 3723 909 3770 nobilissimi
920 3720 963 3770 CC.
975 3724 1008 3784 ej.
1019 3737 1083 3783 pro-

127 3790 221 3839 babilis
241 3792 390 3840 allomrnseni
408 3793 443 3840 ad
464 3791 510 3839 ii.
532 3791 588 3839 Vct.
605 3808 632 3853 p.
647 3802 694 3841 too.
771 3789 803 3854 ¹¹)
823 3792 999 3854 superstitionis
1021 3790 1082 3837 cdd.

127 3861 293 3920 superstitioni
309 3863 348 3909 ed.
363 3860 404 3909 Bt.
434 3861 534 3909 Densa
550 3861 671 3925 loquendi
685 3860 720 3922 cs.
740 3859 830 3909 Vellei.
846 3872 867 3920 2,
882 3872 915 3910 tte.
935 3862 957 3919 ξ.
974 3872 994 3910 1.
