<?xml version="1.0" encoding="UTF-8"?>
<!DOCTYPE html PUBLIC "-//W3C//DTD XHTML 1.0 Transitional//EN"
    "http://www.w3.org/TR/xhtml1/DTD/xhtml1-transitional.dtd">
<html xmlns="http://www.w3.org/1999/xhtml" xml:lang="en" lang="en">
 <head>
  <title>
</title>
<meta http-equiv="Content-Type" content="text/html;charset=utf-8" />
  <meta name='ocr-system' content='tesseract 3.04.00' />
  <meta name='ocr-capabilities' content='ocr_page ocr_carea ocr_par ocr_line ocrx_word'/>
</head>
<body>
  <div class='ocr_page' id='page_1' title='image "./iurisprvdentiae00huscgoog_0574.png"; bbox 0 0 2378 4386; ppageno 0'>
   <div class='ocr_carea' id='block_1_1' title="bbox 348 530 1028 599">
    <p class='ocr_par' dir='ltr' id='par_1_1' title="bbox 348 530 1028 599">
     <span class='ocr_line' id='line_1_1' title="bbox 348 530 1028 599; baseline 0.021 -16"><span class='ocrx_word' id='word_1_1' title='bbox 348 549 415 584; x_wconf 81' lang='lat' dir='ltr'>mnu</span> <span class='ocrx_word' id='word_1_2' title='bbox 432 549 526 585; x_wconf 75' lang='lat' dir='ltr'>ravam</span> <span class='ocrx_word' id='word_1_3' title='bbox 545 549 616 586; x_wconf 79' lang='lat' dir='ltr'>saar.</span> <span class='ocrx_word' id='word_1_4' title='bbox 634 530 668 584; x_wconf 86' lang='lat' dir='ltr'>V.</span> <span class='ocrx_word' id='word_1_5' title='bbox 687 537 712 586; x_wconf 84' lang='lat'>8.</span> <span class='ocrx_word' id='word_1_6' title='bbox 727 537 751 586; x_wconf 83' lang='grc'>9.</span> <span class='ocrx_word' id='word_1_7' title='bbox 964 533 1028 599; x_wconf 79' lang='grc'>539</span> 
     </span>
    </p>
   </div>
   <div class='ocr_carea' id='block_1_2' title="bbox 78 677 1058 1840">
    <p class='ocr_par' dir='ltr' id='par_1_2' title="bbox 79 677 1031 1155">
     <span class='ocr_line' id='line_1_2' title="bbox 79 677 1029 754; baseline -0.001 -17"><span class='ocrx_word' id='word_1_8' title='bbox 79 689 107 737; x_wconf 90' lang='lat' dir='ltr'>et</span> <span class='ocrx_word' id='word_1_9' title='bbox 119 679 276 753; x_wconf 69' lang='lat' dir='ltr'>appellatae,</span> <span class='ocrx_word' id='word_1_10' title='bbox 288 678 360 752; x_wconf 91' lang='lat' dir='ltr'>quod</span> <span class='ocrx_word' id='word_1_11' title='bbox 372 695 421 752; x_wconf 84' lang='lat' dir='ltr'>per</span> <span class='ocrx_word' id='word_1_12' title='bbox 431 696 476 736; x_wconf 87' lang='lat' dir='ltr'>eas</span> <span class='ocrx_word' id='word_1_13' title='bbox 488 677 597 736; x_wconf 82' lang='lat' dir='ltr'>firmitas</span> <span class='ocrx_word' id='word_1_14' title='bbox 611 679 805 753; x_wconf 76' lang='lat' dir='ltr'>obligationum</span> <span class='ocrx_word' id='word_1_15' title='bbox 816 681 1029 754; x_wconf 88' lang='lat' dir='ltr'>constringitur;</span> 
     </span>
     <span class='ocr_line' id='line_1_3' title="bbox 80 758 1030 838; baseline 0 -19"><span class='ocrx_word' id='word_1_16' title='bbox 80 764 209 836; x_wconf 91' lang='lat' dir='ltr'>stipulum</span> <span class='ocrx_word' id='word_1_17' title='bbox 225 764 295 820; x_wconf 91' lang='lat' dir='ltr'>enim</span> <span class='ocrx_word' id='word_1_18' title='bbox 312 772 419 819; x_wconf 87' lang='lat' dir='ltr'>ueteres</span> <span class='ocrx_word' id='word_1_19' title='bbox 436 762 540 819; x_wconf 81' lang='lat' dir='ltr'>firmum</span> <span class='ocrx_word' id='word_1_20' title='bbox 556 763 770 838; x_wconf 86' lang='lat' dir='ltr'>appellauerunt.</span> <span class='ocrx_word' id='word_1_21' title='bbox 808 761 838 822; x_wconf 61' lang='grc' dir='ltr'>Β.</span> <span class='ocrx_word' id='word_1_22' title='bbox 863 758 1030 820; x_wconf 89' lang='lat' dir='ltr'>¹Verborum</span> 
     </span>
     <span class='ocr_line' id='line_1_4' title="bbox 81 847 1031 922; baseline -0.001 -18"><span class='ocrx_word' id='word_1_23' title='bbox 81 847 210 922; x_wconf 72' lang='lat' dir='ltr'>obligatio</span> <span class='ocrx_word' id='word_1_24' title='bbox 225 848 297 902; x_wconf 91' lang='lat' dir='ltr'>inter</span> <span class='ocrx_word' id='word_1_25' title='bbox 310 857 482 920; x_wconf 89' lang='lat' dir='ltr'>praesentes,</span> <span class='ocrx_word' id='word_1_26' title='bbox 506 864 561 904; x_wconf 91' lang='lat' dir='ltr'>non</span> <span class='ocrx_word' id='word_1_27' title='bbox 576 848 654 903; x_wconf 87' lang='lat' dir='ltr'>etiarn</span> <span class='ocrx_word' id='word_1_28' title='bbox 669 849 740 903; x_wconf 90' lang='lat' dir='ltr'>inter</span> <span class='ocrx_word' id='word_1_29' title='bbox 755 848 879 904; x_wconf 89' lang='lat' dir='ltr'>absentes</span> <span class='ocrx_word' id='word_1_30' title='bbox 896 848 1031 905; x_wconf 87' lang='lat' dir='ltr'>cotttrabi·</span> 
     </span>
     <span class='ocr_line' id='line_1_5' title="bbox 80 930 1030 1005; baseline 0.001 -18"><span class='ocrx_word' id='word_1_31' title='bbox 80 941 134 989; x_wconf 89' lang='lat' dir='ltr'>tur.</span> <span class='ocrx_word' id='word_1_32' title='bbox 168 930 269 998; x_wconf 80' lang='lat' dir='ltr'>Quodsi</span> <span class='ocrx_word' id='word_1_33' title='bbox 284 932 415 1005; x_wconf 90' lang='lat' dir='ltr'>scriptum</span> <span class='ocrx_word' id='word_1_34' title='bbox 431 931 512 987; x_wconf 88' lang='lat' dir='ltr'>luerit</span> <span class='ocrx_word' id='word_1_35' title='bbox 526 933 716 1002; x_wconf 86' lang='lat' dir='ltr'>instrumento,</span> <span class='ocrx_word' id='word_1_36' title='bbox 732 934 888 1004; x_wconf 81' lang='lat' dir='ltr'>promisisse</span> <span class='ocrx_word' id='word_1_37' title='bbox 904 932 1030 1005; x_wconf 83' lang='lat' dir='ltr'>aliquem,</span> 
     </span>
     <span class='ocr_line' id='line_1_6' title="bbox 79 1014 1031 1090; baseline 0.002 -20"><span class='ocrx_word' id='word_1_38' title='bbox 79 1015 191 1089; x_wconf 91' lang='lat' dir='ltr'>perinde</span> <span class='ocrx_word' id='word_1_39' title='bbox 206 1014 321 1070; x_wconf 82' lang='lat' dir='ltr'>liabetur</span> <span class='ocrx_word' id='word_1_40' title='bbox 342 1023 423 1088; x_wconf 88' lang='lat' dir='ltr'>atque</span> <span class='ocrx_word' id='word_1_41' title='bbox 444 1016 467 1070; x_wconf 89' lang='lat' dir='ltr'>sl</span> <span class='ocrx_word' id='word_1_42' title='bbox 488 1015 700 1088; x_wconf 76' lang='lat' dir='ltr'>interrogatione</span> <span class='ocrx_word' id='word_1_43' title='bbox 720 1015 898 1089; x_wconf 81' lang='lat' dir='ltr'>praecedente</span> <span class='ocrx_word' id='word_1_44' title='bbox 919 1031 1031 1090; x_wconf 89' lang='lat' dir='ltr'>respon·</span> 
     </span>
     <span class='ocr_line' id='line_1_7' title="bbox 79 1101 199 1155; baseline 0.008 -1"><span class='ocrx_word' id='word_1_45' title='bbox 79 1115 138 1154; x_wconf 93' lang='lat' dir='ltr'>sum</span> <span class='ocrx_word' id='word_1_46' title='bbox 154 1101 199 1155; x_wconf 89' lang='lat' dir='ltr'>sit.</span> 
     </span>
    </p>

    <p class='ocr_par' dir='ltr' id='par_1_3' title="bbox 207 1174 910 1259">
     <span class='ocr_line' id='line_1_8' title="bbox 207 1174 910 1259; baseline 0 -22"><span class='ocrx_word' id='word_1_47' title='bbox 207 1176 250 1259; x_wconf 82' lang='lat' dir='ltr'>[L.</span> <span class='ocrx_word' id='word_1_48' title='bbox 267 1180 326 1239; x_wconf 80' lang='lat'>136</span> <span class='ocrx_word' id='word_1_49' title='bbox 339 1200 387 1255; x_wconf 84' lang='lat' dir='ltr'>pr.</span> <span class='ocrx_word' id='word_1_50' title='bbox 404 1182 432 1253; x_wconf 75' lang='lat'>8.</span> <span class='ocrx_word' id='word_1_51' title='bbox 451 1181 478 1238; x_wconf 91' lang='lat'>1.</span> <span class='ocrx_word' id='word_1_52' title='bbox 501 1181 537 1237; x_wconf 84' lang='lat' dir='ltr'>D.</span> <span class='ocrx_word' id='word_1_53' title='bbox 554 1181 589 1236; x_wconf 84' lang='lat' dir='ltr'>de</span> <span class='ocrx_word' id='word_1_54' title='bbox 605 1181 683 1238; x_wconf 87' lang='lat' dir='ltr'>verb.</span> <span class='ocrx_word' id='word_1_55' title='bbox 699 1181 754 1237; x_wconf 85' lang='lat' dir='ltr'>obl.</span> <span class='ocrx_word' id='word_1_56' title='bbox 771 1177 835 1256; x_wconf 77' lang='lat'>(45,</span> <span class='ocrx_word' id='word_1_57' title='bbox 855 1174 910 1258; x_wconf 91' lang='lat'>1).]</span> 
     </span>
    </p>

    <p class='ocr_par' dir='ltr' id='par_1_4' title="bbox 78 1259 1058 1840">
     <span class='ocr_line' id='line_1_9' title="bbox 142 1259 1032 1336; baseline -0.001 -13"><span class='ocrx_word' id='word_1_58' title='bbox 142 1263 171 1323; x_wconf 80' lang='lat'>3.</span> <span class='ocrx_word' id='word_1_59' title='bbox 195 1259 388 1322; x_wconf 79' lang='lat' dir='ltr'>²l&#39;ructuarius</span> <span class='ocrx_word' id='word_1_60' title='bbox 412 1281 510 1322; x_wconf 91' lang='lat' dir='ltr'>seruus</span> <span class='ocrx_word' id='word_1_61' title='bbox 533 1265 556 1319; x_wconf 88' lang='lat' dir='ltr'>si</span> <span class='ocrx_word' id='word_1_62' title='bbox 579 1264 641 1336; x_wconf 93' lang='lat' dir='ltr'>quid</span> <span class='ocrx_word' id='word_1_63' title='bbox 665 1281 697 1320; x_wconf 81' lang='lat' dir='ltr'>ea</span> <span class='ocrx_word' id='word_1_64' title='bbox 719 1280 749 1320; x_wconf 90' lang='lat' dir='ltr'>re</span> <span class='ocrx_word' id='word_1_65' title='bbox 771 1264 910 1321; x_wconf 80' lang='lat' dir='ltr'>fructuarii</span> <span class='ocrx_word' id='word_1_66' title='bbox 933 1274 979 1322; x_wconf 94' lang='lat' dir='ltr'>aut</span> <span class='ocrx_word' id='word_1_67' title='bbox 1000 1282 1032 1322; x_wconf 86' lang='lat' dir='ltr'>ex</span> 
     </span>
     <span class='ocr_line' id='line_1_10' title="bbox 80 1348 1032 1422; baseline 0 -17"><span class='ocrx_word' id='word_1_68' title='bbox 80 1351 170 1422; x_wconf 89' lang='lat' dir='ltr'>operis</span> <span class='ocrx_word' id='word_1_69' title='bbox 186 1351 241 1405; x_wconf 90' lang='lat' dir='ltr'>suis</span> <span class='ocrx_word' id='word_1_70' title='bbox 257 1351 383 1422; x_wconf 87' lang='lat' dir='ltr'>acquirit,</span> <span class='ocrx_word' id='word_1_71' title='bbox 398 1348 430 1404; x_wconf 91' lang='lat' dir='ltr'>ad</span> <span class='ocrx_word' id='word_1_72' title='bbox 446 1348 622 1404; x_wconf 79' lang='lat' dir='ltr'>fructuarium</span> <span class='ocrx_word' id='word_1_73' title='bbox 638 1349 766 1420; x_wconf 88' lang='lat' dir='ltr'>pertinet.</span> <span class='ocrx_word' id='word_1_74' title='bbox 800 1348 926 1420; x_wconf 86' lang='lat' dir='ltr'>quiequid</span> <span class='ocrx_word' id='word_1_75' title='bbox 942 1357 1032 1406; x_wconf 85' lang='lat' dir='ltr'>autem</span> 
     </span>
     <span class='ocr_line' id='line_1_11' title="bbox 80 1430 1031 1505; baseline 0.001 -18"><span class='ocrx_word' id='word_1_76' title='bbox 80 1431 186 1488; x_wconf 87' lang='lat' dir='ltr'>aliunde</span> <span class='ocrx_word' id='word_1_77' title='bbox 209 1432 253 1487; x_wconf 93' lang='lat' dir='ltr'>uel</span> <span class='ocrx_word' id='word_1_78' title='bbox 275 1449 308 1488; x_wconf 83' lang='lat' dir='ltr'>ex</span> <span class='ocrx_word' id='word_1_79' title='bbox 327 1449 356 1487; x_wconf 93' lang='lat' dir='ltr'>re</span> <span class='ocrx_word' id='word_1_80' title='bbox 379 1433 549 1505; x_wconf 90' lang='lat' dir='ltr'>proprietarii</span> <span class='ocrx_word' id='word_1_81' title='bbox 572 1433 702 1502; x_wconf 76' lang='lat' dir='ltr'>aequabit,</span> <span class='ocrx_word' id='word_1_82' title='bbox 724 1430 835 1487; x_wconf 91' lang='lat' dir='ltr'>domino</span> <span class='ocrx_word' id='word_1_83' title='bbox 859 1432 1031 1504; x_wconf 83' lang='lat' dir='ltr'>proprietatis</span> 
     </span>
     <span class='ocr_line' id='line_1_12' title="bbox 80 1507 1032 1589; baseline 0 -18"><span class='ocrx_word' id='word_1_84' title='bbox 80 1518 203 1589; x_wconf 88' lang='lat' dir='ltr'>acquirit.</span> <span class='ocrx_word' id='word_1_85' title='bbox 249 1511 278 1573; x_wconf 79' lang='lat'>4.</span> <span class='ocrx_word' id='word_1_86' title='bbox 303 1507 385 1570; x_wconf 82' lang='lat' dir='ltr'>³Gum</span> <span class='ocrx_word' id='word_1_87' title='bbox 409 1515 479 1570; x_wconf 87' lang='lat' dir='ltr'>iacto</span> <span class='ocrx_word' id='word_1_88' title='bbox 502 1516 674 1589; x_wconf 87' lang='lat' dir='ltr'>promissoris</span> <span class='ocrx_word' id='word_1_89' title='bbox 696 1530 739 1570; x_wconf 89' lang='lat' dir='ltr'>res</span> <span class='ocrx_word' id='word_1_90' title='bbox 762 1516 790 1570; x_wconf 91' lang='lat' dir='ltr'>ln</span> <span class='ocrx_word' id='word_1_91' title='bbox 812 1515 969 1587; x_wconf 87' lang='lat' dir='ltr'>stipulatum</span> <span class='ocrx_word' id='word_1_92' title='bbox 986 1515 1032 1572; x_wconf 88' lang='lat' dir='ltr'>de·</span> 
     </span>
     <span class='ocr_line' id='line_1_13' title="bbox 79 1597 1032 1673; baseline 0 -19"><span class='ocrx_word' id='word_1_93' title='bbox 79 1599 159 1654; x_wconf 85' lang='lat' dir='ltr'>dueta</span> <span class='ocrx_word' id='word_1_94' title='bbox 173 1598 326 1668; x_wconf 84' lang='lat' dir='ltr'>intercidit,</span> <span class='ocrx_word' id='word_1_95' title='bbox 346 1599 455 1672; x_wconf 89' lang='lat' dir='ltr'>perinde</span> <span class='ocrx_word' id='word_1_96' title='bbox 474 1600 517 1673; x_wconf 91' lang='lat' dir='ltr'>agl</span> <span class='ocrx_word' id='word_1_97' title='bbox 538 1615 569 1654; x_wconf 85' lang='lat' dir='ltr'>ex</span> <span class='ocrx_word' id='word_1_98' title='bbox 585 1597 716 1671; x_wconf 89' lang='lat' dir='ltr'>stipulatu</span> <span class='ocrx_word' id='word_1_99' title='bbox 737 1606 829 1671; x_wconf 90' lang='lat' dir='ltr'>potest</span> <span class='ocrx_word' id='word_1_100' title='bbox 845 1614 874 1654; x_wconf 89' lang='lat' dir='ltr'>ac</span> <span class='ocrx_word' id='word_1_101' title='bbox 896 1598 919 1655; x_wconf 92' lang='lat' dir='ltr'>si</span> <span class='ocrx_word' id='word_1_102' title='bbox 935 1615 966 1655; x_wconf 87' lang='lat' dir='ltr'>ea</span> <span class='ocrx_word' id='word_1_103' title='bbox 988 1614 1032 1655; x_wconf 92' lang='lat' dir='ltr'>res</span> 
     </span>
     <span class='ocr_line' id='line_1_14' title="bbox 80 1680 1058 1760; baseline 0.002 -22"><span class='ocrx_word' id='word_1_104' title='bbox 80 1690 205 1741; x_wconf 77' lang='lat' dir='ltr'>exstaret.</span> <span class='ocrx_word' id='word_1_105' title='bbox 248 1680 308 1737; x_wconf 91' lang='lat' dir='ltr'>ideo</span> <span class='ocrx_word' id='word_1_106' title='bbox 330 1683 478 1756; x_wconf 90' lang='lat' dir='ltr'>promissor</span> <span class='ocrx_word' id='word_1_107' title='bbox 493 1683 677 1738; x_wconf 71' lang='lat' dir='ltr'>aestimatione</span> <span class='ocrx_word' id='word_1_108' title='bbox 697 1682 755 1738; x_wconf 92' lang='lat' dir='ltr'>eius</span> <span class='ocrx_word' id='word_1_109' title='bbox 771 1684 899 1754; x_wconf 89' lang='lat' dir='ltr'>punitur,</span> <span class='ocrx_word' id='word_1_110' title='bbox 920 1685 1032 1740; x_wconf 79' lang='lat' dir='ltr'>maxime</span> <span class='ocrx_word' id='word_1_111' title='bbox 1055 1753 1058 1760; x_wconf 25' lang='grc' dir='ltr'><strong><em>Ι</em></strong></span> 
     </span>
     <span class='ocr_line' id='line_1_15' title="bbox 78 1764 858 1840; baseline 0 -19"><span class='ocrx_word' id='word_1_112' title='bbox 78 1768 102 1822; x_wconf 90' lang='lat' dir='ltr'>si</span> <span class='ocrx_word' id='word_1_113' title='bbox 117 1767 144 1821; x_wconf 92' lang='lat' dir='ltr'>in</span> <span class='ocrx_word' id='word_1_114' title='bbox 159 1764 251 1822; x_wconf 93' lang='lat' dir='ltr'>dolum</span> <span class='ocrx_word' id='word_1_115' title='bbox 266 1782 377 1840; x_wconf 88' lang='lat' dir='ltr'>quoquc</span> <span class='ocrx_word' id='word_1_116' title='bbox 393 1767 450 1822; x_wconf 88' lang='lat' dir='ltr'>eius</span> <span class='ocrx_word' id='word_1_117' title='bbox 465 1775 595 1839; x_wconf 87' lang='lat' dir='ltr'>concepta</span> <span class='ocrx_word' id='word_1_118' title='bbox 611 1765 692 1822; x_wconf 85' lang='lat' dir='ltr'>luerit</span> <span class='ocrx_word' id='word_1_119' title='bbox 710 1766 858 1840; x_wconf 85' lang='lat' dir='ltr'>stipulatio.</span> 
     </span>
    </p>
   </div>
   <div class='ocr_carea' id='block_1_3' title="bbox 317 1952 793 1999">
    <p class='ocr_par' dir='ltr' id='par_1_5' title="bbox 317 1952 793 1999">
     <span class='ocr_line' id='line_1_16' title="bbox 317 1952 793 1999; baseline 0.008 -4"><span class='ocrx_word' id='word_1_120' title='bbox 317 1953 379 1996; x_wconf 75' lang='lat' dir='ltr'>nir.</span> <span class='ocrx_word' id='word_1_121' title='bbox 395 1952 463 1996; x_wconf 83' lang='lat' dir='ltr'>Vlll.</span> <span class='ocrx_word' id='word_1_122' title='bbox 494 1953 536 1994; x_wconf 72' lang='lat' dir='ltr'>DE</span> <span class='ocrx_word' id='word_1_123' title='bbox 551 1952 793 1999; x_wconf 77' lang='lat' dir='ltr'>novartorttnvs.</span> 
     </span>
    </p>
   </div>
   <div class='ocr_carea' id='block_1_4' title="bbox 79 2050 1033 2465">
    <p class='ocr_par' dir='ltr' id='par_1_6' title="bbox 79 2050 1033 2465">
     <span class='ocr_line' id='line_1_17' title="bbox 143 2050 1033 2131; baseline 0.002 -18"><span class='ocrx_word' id='word_1_124' title='bbox 143 2054 166 2113; x_wconf 92' lang='lat'>1.</span> <span class='ocrx_word' id='word_1_125' title='bbox 191 2050 270 2113; x_wconf 85' lang='lat' dir='ltr'>⁴Non</span> <span class='ocrx_word' id='word_1_126' title='bbox 292 2056 380 2113; x_wconf 90' lang='lat' dir='ltr'>solum</span> <span class='ocrx_word' id='word_1_127' title='bbox 403 2074 452 2130; x_wconf 91' lang='lat' dir='ltr'>per</span> <span class='ocrx_word' id='word_1_128' title='bbox 473 2065 581 2113; x_wconf 89' lang='lat' dir='ltr'>nosmet</span> <span class='ocrx_word' id='word_1_129' title='bbox 603 2058 679 2131; x_wconf 92' lang='lat' dir='ltr'>ipsos</span> <span class='ocrx_word' id='word_1_130' title='bbox 702 2073 843 2130; x_wconf 84' lang='lat' dir='ltr'>nodamus,</span> <span class='ocrx_word' id='word_1_131' title='bbox 867 2057 939 2129; x_wconf 90' lang='lat' dir='ltr'>quod</span> <span class='ocrx_word' id='word_1_132' title='bbox 955 2057 1033 2115; x_wconf 91' lang='lat' dir='ltr'>nobis</span> 
     </span>
     <span class='ocr_line' id='line_1_18' title="bbox 79 2139 1032 2215; baseline 0.001 -17"><span class='ocrx_word' id='word_1_133' title='bbox 79 2141 209 2213; x_wconf 78' lang='lat' dir='ltr'>debetur,</span> <span class='ocrx_word' id='word_1_134' title='bbox 232 2139 279 2198; x_wconf 88' lang='lat' dir='ltr'>sed</span> <span class='ocrx_word' id='word_1_135' title='bbox 302 2157 351 2215; x_wconf 88' lang='lat' dir='ltr'>per</span> <span class='ocrx_word' id='word_1_136' title='bbox 373 2158 420 2197; x_wconf 89' lang='lat' dir='ltr'>eos</span> <span class='ocrx_word' id='word_1_137' title='bbox 443 2142 537 2212; x_wconf 90' lang='lat' dir='ltr'>etiam,</span> <span class='ocrx_word' id='word_1_138' title='bbox 567 2155 616 2213; x_wconf 87' lang='lat' dir='ltr'>per</span> <span class='ocrx_word' id='word_1_139' title='bbox 638 2156 708 2213; x_wconf 89' lang='lat' dir='ltr'>quos</span> <span class='ocrx_word' id='word_1_140' title='bbox 730 2141 853 2214; x_wconf 91' lang='lat' dir='ltr'>stipulari</span> <span class='ocrx_word' id='word_1_141' title='bbox 876 2158 1032 2215; x_wconf 85' lang='lat' dir='ltr'>possumus,</span> 
     </span>
     <span class='ocr_line' id='line_1_19' title="bbox 82 2223 1033 2300; baseline 0.003 -20"><span class='ocrx_word' id='word_1_142' title='bbox 82 2225 166 2281; x_wconf 92' lang='lat' dir='ltr'>ueluti</span> <span class='ocrx_word' id='word_1_143' title='bbox 188 2241 236 2300; x_wconf 87' lang='lat' dir='ltr'>per</span> <span class='ocrx_word' id='word_1_144' title='bbox 258 2224 455 2281; x_wconf 87' lang='lat' dir='ltr'>bliumiamilias</span> <span class='ocrx_word' id='word_1_145' title='bbox 478 2223 521 2280; x_wconf 91' lang='lat' dir='ltr'>uel</span> <span class='ocrx_word' id='word_1_146' title='bbox 544 2240 662 2295; x_wconf 88' lang='lat' dir='ltr'>seruum,</span> <span class='ocrx_word' id='word_1_147' title='bbox 686 2223 804 2281; x_wconf 86' lang='lat' dir='ltr'>iubendo</span> <span class='ocrx_word' id='word_1_148' title='bbox 825 2225 868 2280; x_wconf 87' lang='lat' dir='ltr'>uei</span> <span class='ocrx_word' id='word_1_149' title='bbox 885 2234 972 2282; x_wconf 88' lang='lat' dir='ltr'>ratum</span> <span class='ocrx_word' id='word_1_150' title='bbox 987 2226 1033 2283; x_wconf 92' lang='lat' dir='ltr'>ba·</span> 
     </span>
     <span class='ocr_line' id='line_1_20' title="bbox 80 2307 1033 2385; baseline 0.004 -22"><span class='ocrx_word' id='word_1_151' title='bbox 80 2307 180 2365; x_wconf 81' lang='lat' dir='ltr'>bondo.</span> <span class='ocrx_word' id='word_1_152' title='bbox 217 2309 379 2364; x_wconf 89' lang='lat' dir='ltr'>Procurator</span> <span class='ocrx_word' id='word_1_153' title='bbox 400 2324 508 2383; x_wconf 90' lang='lat' dir='ltr'>quoque</span> <span class='ocrx_word' id='word_1_154' title='bbox 529 2317 623 2365; x_wconf 87' lang='lat' dir='ltr'>noster</span> <span class='ocrx_word' id='word_1_155' title='bbox 644 2325 676 2364; x_wconf 82' lang='lat' dir='ltr'>et</span> <span class='ocrx_word' id='word_1_156' title='bbox 691 2309 766 2365; x_wconf 93' lang='lat' dir='ltr'>iussu</span> <span class='ocrx_word' id='word_1_157' title='bbox 782 2317 878 2366; x_wconf 90' lang='lat' dir='ltr'>nostro</span> <span class='ocrx_word' id='word_1_158' title='bbox 894 2318 1033 2385; x_wconf 87' lang='lat' dir='ltr'>receptum</span> 
     </span>
     <span class='ocr_line' id='line_1_21' title="bbox 79 2395 395 2465; baseline 0.006 -18"><span class='ocrx_word' id='word_1_159' title='bbox 79 2399 123 2447; x_wconf 92' lang='lat' dir='ltr'>est</span> <span class='ocrx_word' id='word_1_160' title='bbox 139 2400 169 2448; x_wconf 93' lang='lat' dir='ltr'>ut</span> <span class='ocrx_word' id='word_1_161' title='bbox 184 2408 284 2448; x_wconf 88' lang='lat' dir='ltr'>nouare</span> <span class='ocrx_word' id='word_1_162' title='bbox 299 2395 395 2465; x_wconf 88' lang='lat' dir='ltr'>possit.</span> 
     </span>
    </p>
   </div>
   <div class='ocr_carea' id='block_1_5' title="bbox 186 2558 926 2636">
    <p class='ocr_par' dir='ltr' id='par_1_7' title="bbox 186 2558 926 2636">
     <span class='ocr_line' id='line_1_22' title="bbox 186 2558 926 2636; baseline 0.004 -18"><span class='ocrx_word' id='word_1_163' title='bbox 186 2577 250 2620; x_wconf 86' lang='lat' dir='ltr'>rm.</span> <span class='ocrx_word' id='word_1_164' title='bbox 266 2577 306 2619; x_wconf 83' lang='lat'>11.</span> <span class='ocrx_word' id='word_1_165' title='bbox 336 2580 378 2620; x_wconf 83' lang='lat' dir='ltr'>nn</span> <span class='ocrx_word' id='word_1_166' title='bbox 394 2576 672 2620; x_wconf 80' lang='lat' dir='ltr'>srrernertomnvs</span> <span class='ocrx_word' id='word_1_167' title='bbox 687 2558 926 2636; x_wconf 68' lang='lat' dir='ltr'>’(rranron11s).⁶</span> 
     </span>
    </p>
   </div>
   <div class='ocr_carea' id='block_1_6' title="bbox 11 2674 1034 3005">
    <p class='ocr_par' dir='ltr' id='par_1_8' title="bbox 11 2674 1034 3005">
     <span class='ocr_line' id='line_1_23' title="bbox 144 2674 1031 2753; baseline -0.005 -11"><span class='ocrx_word' id='word_1_168' title='bbox 144 2674 377 2742; x_wconf 65' lang='lat' dir='ltr'>L‘Substitutus</span> <span class='ocrx_word' id='word_1_169' title='bbox 400 2681 478 2736; x_wconf 90' lang='lat' dir='ltr'>iteres</span> <span class='ocrx_word' id='word_1_170' title='bbox 501 2680 532 2736; x_wconf 86' lang='lat' dir='ltr'>ab</span> <span class='ocrx_word' id='word_1_171' title='bbox 559 2681 701 2750; x_wconf 89' lang='lat' dir='ltr'>instituto,</span> <span class='ocrx_word' id='word_1_172' title='bbox 730 2683 775 2753; x_wconf 86' lang='lat' dir='ltr'>qui</span> <span class='ocrx_word' id='word_1_173' title='bbox 799 2680 848 2736; x_wconf 94' lang='lat' dir='ltr'>sub</span> <span class='ocrx_word' id='word_1_174' title='bbox 871 2680 1031 2738; x_wconf 91' lang='lat' dir='ltr'>condicione</span> 
     </span>
     <span class='ocr_line' id='line_1_24' title="bbox 80 2763 1032 2840; baseline 0 -20"><span class='ocrx_word' id='word_1_175' title='bbox 80 2767 198 2840; x_wconf 88' lang='lat' dir='ltr'>scriptus</span> <span class='ocrx_word' id='word_1_176' title='bbox 219 2774 271 2834; x_wconf 86' lang='lat' dir='ltr'>est,</span> <span class='ocrx_word' id='word_1_177' title='bbox 295 2765 397 2822; x_wconf 85' lang='lat' dir='ltr'>utiliter</span> <span class='ocrx_word' id='word_1_178' title='bbox 418 2764 468 2820; x_wconf 94' lang='lat' dir='ltr'>sibi</span> <span class='ocrx_word' id='word_1_179' title='bbox 491 2766 645 2821; x_wconf 90' lang='lat' dir='ltr'>institutum</span> <span class='ocrx_word' id='word_1_180' title='bbox 667 2763 717 2820; x_wconf 89' lang='lat' dir='ltr'>bac</span> <span class='ocrx_word' id='word_1_181' title='bbox 738 2763 912 2837; x_wconf 87' lang='lat' dir='ltr'>stipulatione</span> <span class='ocrx_word' id='word_1_182' title='bbox 936 2780 1032 2821; x_wconf 88' lang='lat' dir='ltr'>cauere</span> 
     </span>
     <span class='ocr_line' id='line_1_25' title="bbox 11 2841 1034 2923; baseline -0.001 -18"><span class='ocrx_word' id='word_1_183' title='bbox 11 2841 257 2921; x_wconf 73' lang='lat' dir='ltr'>[uei’compeliit,⁷</span> <span class='ocrx_word' id='word_1_184' title='bbox 280 2865 314 2905; x_wconf 90' lang='lat' dir='ltr'>ne</span> <span class='ocrx_word' id='word_1_185' title='bbox 337 2850 419 2923; x_wconf 86' lang='lat' dir='ltr'>petita</span> <span class='ocrx_word' id='word_1_186' title='bbox 441 2849 575 2905; x_wconf 89' lang='lat' dir='ltr'>bonorum</span> <span class='ocrx_word' id='word_1_187' title='bbox 597 2849 769 2921; x_wconf 87' lang='lat' dir='ltr'>possessione</span> <span class='ocrx_word' id='word_1_188' title='bbox 791 2862 835 2902; x_wconf 89' lang='lat' dir='ltr'>res</span> <span class='ocrx_word' id='word_1_189' title='bbox 859 2846 1034 2904; x_wconf 86' lang='lat' dir='ltr'>hereditarias</span> 
     </span>
     <span class='ocr_line' id='line_1_26' title="bbox 83 2927 1033 3005; baseline 0.002 -19"><span class='ocrx_word' id='word_1_190' title='bbox 83 2932 232 2987; x_wconf 86' lang='lat' dir='ltr'>deminuat:</span> <span class='ocrx_word' id='word_1_191' title='bbox 256 2931 308 2988; x_wconf 93' lang='lat' dir='ltr'>boc</span> <span class='ocrx_word' id='word_1_192' title='bbox 329 2935 399 2988; x_wconf 92' lang='lat' dir='ltr'>enim</span> <span class='ocrx_word' id='word_1_193' title='bbox 422 2927 505 2989; x_wconf 80' lang='lat' dir='ltr'>casu⁸</span> <span class='ocrx_word' id='word_1_194' title='bbox 533 2948 565 2989; x_wconf 83' lang='lat' dir='ltr'>ex</span> <span class='ocrx_word' id='word_1_195' title='bbox 587 2930 630 2987; x_wconf 91' lang='lat' dir='ltr'>die</span> <span class='ocrx_word' id='word_1_196' title='bbox 652 2932 828 3005; x_wconf 89' lang='lat' dir='ltr'>interpositae</span> <span class='ocrx_word' id='word_1_197' title='bbox 849 2930 1033 3003; x_wconf 87' lang='lat' dir='ltr'>stipulationis</span> 
     </span>
    </p>
   </div>
   <div class='ocr_carea' id='block_1_7' title="bbox 78 3097 1035 3923">
    <p class='ocr_par' dir='ltr' id='par_1_9' title="bbox 81 3097 1034 3238">
     <span class='ocr_line' id='line_1_27' title="bbox 156 3097 1034 3167; baseline 0.001 -18"><span class='ocrx_word' id='word_1_198' title='bbox 156 3098 175 3166; x_wconf 91' lang='lat'>¹)</span> <span class='ocrx_word' id='word_1_199' title='bbox 193 3101 231 3163; x_wconf 80' lang='lat' dir='ltr'>Cf.</span> <span class='ocrx_word' id='word_1_200' title='bbox 246 3103 285 3164; x_wconf 71' lang='lat' dir='ltr'>§b-</span> <span class='ocrx_word' id='word_1_201' title='bbox 302 3113 334 3151; x_wconf 85' lang='lat' dir='ltr'>re.</span> <span class='ocrx_word' id='word_1_202' title='bbox 351 3113 383 3152; x_wconf 81' lang='lat' dir='ltr'>ra.</span> <span class='ocrx_word' id='word_1_203' title='bbox 408 3100 430 3150; x_wconf 89' lang='lat' dir='ltr'>I.</span> <span class='ocrx_word' id='word_1_204' title='bbox 450 3103 481 3150; x_wconf 81' lang='lat' dir='ltr'>cte</span> <span class='ocrx_word' id='word_1_205' title='bbox 500 3103 583 3150; x_wconf 79' lang='lat' dir='ltr'>inartit.</span> <span class='ocrx_word' id='word_1_206' title='bbox 603 3104 662 3164; x_wconf 81' lang='lat' dir='ltr'>stip.</span> <span class='ocrx_word' id='word_1_207' title='bbox 677 3099 713 3167; x_wconf 83' lang='lat' dir='ltr'>(a,</span> <span class='ocrx_word' id='word_1_208' title='bbox 729 3100 772 3167; x_wconf 83' lang='lat' dir='ltr'>ro).</span> <span class='ocrx_word' id='word_1_209' title='bbox 847 3097 868 3167; x_wconf 87' lang='lat'>¹)</span> <span class='ocrx_word' id='word_1_210' title='bbox 884 3101 922 3164; x_wconf 78' lang='lat' dir='ltr'>Os.</span> <span class='ocrx_word' id='word_1_211' title='bbox 940 3100 1034 3161; x_wconf 65' lang='lat' dir='ltr'>(latu,</span> 
     </span>
     <span class='ocr_line' id='line_1_28' title="bbox 81 3169 915 3238; baseline 0 -16"><span class='ocrx_word' id='word_1_212' title='bbox 81 3182 129 3224; x_wconf 79' lang='lat' dir='ltr'>roa.</span> <span class='ocrx_word' id='word_1_213' title='bbox 144 3180 191 3223; x_wconf 82' lang='lat' dir='ltr'>too.</span> <span class='ocrx_word' id='word_1_214' title='bbox 244 3169 265 3237; x_wconf 77' lang='lat'>³)</span> <span class='ocrx_word' id='word_1_215' title='bbox 282 3172 320 3233; x_wconf 81' lang='lat' dir='ltr'>Cf.</span> <span class='ocrx_word' id='word_1_216' title='bbox 336 3172 367 3220; x_wconf 79' lang='lat' dir='ltr'>L.</span> <span class='ocrx_word' id='word_1_217' title='bbox 383 3182 416 3222; x_wconf 80' lang='lat' dir='ltr'>aa.</span> <span class='ocrx_word' id='word_1_218' title='bbox 436 3172 467 3220; x_wconf 82' lang='lat' dir='ltr'>L.</span> <span class='ocrx_word' id='word_1_219' title='bbox 483 3184 507 3223; x_wconf 86' lang='lat' dir='ltr'>or</span> <span class='ocrx_word' id='word_1_220' title='bbox 519 3188 562 3235; x_wconf 85' lang='lat' dir='ltr'>pr.</span> <span class='ocrx_word' id='word_1_221' title='bbox 582 3172 614 3221; x_wconf 81' lang='lat' dir='ltr'>I).</span> <span class='ocrx_word' id='word_1_222' title='bbox 630 3173 661 3222; x_wconf 84' lang='lat' dir='ltr'>de</span> <span class='ocrx_word' id='word_1_223' title='bbox 676 3171 743 3222; x_wconf 82' lang='lat' dir='ltr'>verb.</span> <span class='ocrx_word' id='word_1_224' title='bbox 759 3170 807 3222; x_wconf 83' lang='lat' dir='ltr'>obt.</span> <span class='ocrx_word' id='word_1_225' title='bbox 823 3170 868 3237; x_wconf 79' lang='lat' dir='ltr'>(ro,</span> <span class='ocrx_word' id='word_1_226' title='bbox 883 3171 915 3238; x_wconf 81' lang='grc' dir='ltr'>ι).</span> 
     </span>
    </p>

    <p class='ocr_par' dir='ltr' id='par_1_10' title="bbox 157 3240 1034 3308">
     <span class='ocr_line' id='line_1_29' title="bbox 157 3240 1034 3308; baseline 0.002 -18"><span class='ocrx_word' id='word_1_227' title='bbox 157 3241 204 3290; x_wconf 80' lang='lat' dir='ltr'>iit.</span> <span class='ocrx_word' id='word_1_228' title='bbox 225 3241 300 3290; x_wconf 86' lang='lat' dir='ltr'><em>VIII.</em></span> <span class='ocrx_word' id='word_1_229' title='bbox 338 3240 360 3307; x_wconf 78' lang='lat'>⁴)</span> <span class='ocrx_word' id='word_1_230' title='bbox 377 3241 414 3304; x_wconf 78' lang='lat' dir='ltr'>Of.</span> <span class='ocrx_word' id='word_1_231' title='bbox 431 3242 461 3290; x_wconf 82' lang='lat' dir='ltr'>L.</span> <span class='ocrx_word' id='word_1_232' title='bbox 474 3254 506 3293; x_wconf 85' lang='lat' dir='ltr'>ro.</span> <span class='ocrx_word' id='word_1_233' title='bbox 518 3254 543 3293; x_wconf 83' lang='lat' dir='ltr'>ao</span> <span class='ocrx_word' id='word_1_234' title='bbox 555 3258 598 3305; x_wconf 87' lang='lat' dir='ltr'>pr.</span> <span class='ocrx_word' id='word_1_235' title='bbox 618 3243 649 3291; x_wconf 88' lang='lat' dir='ltr'>L.</span> <span class='ocrx_word' id='word_1_236' title='bbox 660 3254 693 3294; x_wconf 81' lang='lat' dir='ltr'>aa.</span> <span class='ocrx_word' id='word_1_237' title='bbox 704 3253 737 3293; x_wconf 80' lang='lat' dir='ltr'>aa.</span> <span class='ocrx_word' id='word_1_238' title='bbox 759 3242 790 3290; x_wconf 85' lang='lat' dir='ltr'>Ii.</span> <span class='ocrx_word' id='word_1_239' title='bbox 806 3243 837 3292; x_wconf 81' lang='lat' dir='ltr'>de</span> <span class='ocrx_word' id='word_1_240' title='bbox 852 3250 936 3293; x_wconf 79' lang='lat' dir='ltr'>uooot.</span> <span class='ocrx_word' id='word_1_241' title='bbox 947 3241 992 3308; x_wconf 84' lang='lat' dir='ltr'>(te,</span> <span class='ocrx_word' id='word_1_242' title='bbox 1003 3240 1034 3307; x_wconf 81' lang='lat' dir='ltr'>a).</span> 
     </span>
    </p>

    <p class='ocr_par' dir='ltr' id='par_1_11' title="bbox 78 3309 1035 3923">
     <span class='ocr_line' id='line_1_30' title="bbox 157 3309 1034 3378; baseline 0 -18"><span class='ocrx_word' id='word_1_243' title='bbox 157 3311 205 3360; x_wconf 79' lang='lat' dir='ltr'>Ite.</span> <span class='ocrx_word' id='word_1_244' title='bbox 221 3311 272 3360; x_wconf 88' lang='lat' dir='ltr'>IX.</span> <span class='ocrx_word' id='word_1_245' title='bbox 311 3309 406 3376; x_wconf 75' lang='lat' dir='ltr'>⁶)Hoc</span> <span class='ocrx_word' id='word_1_246' title='bbox 420 3313 564 3362; x_wconf 83' lang='lat' dir='ltr'>addendum</span> <span class='ocrx_word' id='word_1_247' title='bbox 578 3321 695 3376; x_wconf 85' lang='lat' dir='ltr'>apparet.</span> <span class='ocrx_word' id='word_1_248' title='bbox 761 3309 1034 3378; x_wconf 75' lang='lat' dir='ltr'>⁸)Cs.L.1a.1t.D.</span> 
     </span>
     <span class='ocr_line' id='line_1_31' title="bbox 82 3380 1034 3449; baseline 0.001 -18"><span class='ocrx_word' id='word_1_249' title='bbox 82 3384 127 3447; x_wconf 82' lang='lat' dir='ltr'>qui</span> <span class='ocrx_word' id='word_1_250' title='bbox 139 3383 231 3432; x_wconf 80' lang='lat' dir='ltr'>antisti.</span> <span class='ocrx_word' id='word_1_251' title='bbox 246 3397 302 3445; x_wconf 82' lang='lat' dir='ltr'>cog.</span> <span class='ocrx_word' id='word_1_252' title='bbox 318 3380 351 3448; x_wconf 77' lang='lat' dir='ltr'>(a,</span> <span class='ocrx_word' id='word_1_253' title='bbox 360 3381 391 3448; x_wconf 84' lang='lat' dir='ltr'>s).</span> <span class='ocrx_word' id='word_1_254' title='bbox 411 3382 443 3432; x_wconf 82' lang='lat' dir='ltr'>L.</span> <span class='ocrx_word' id='word_1_255' title='bbox 453 3395 466 3434; x_wconf 79' lang='lat' dir='ltr'>a</span> <span class='ocrx_word' id='word_1_256' title='bbox 477 3398 519 3445; x_wconf 86' lang='lat' dir='ltr'>pr.</span> <span class='ocrx_word' id='word_1_257' title='bbox 539 3383 572 3432; x_wconf 80' lang='lat' dir='ltr'>I).</span> <span class='ocrx_word' id='word_1_258' title='bbox 586 3384 618 3432; x_wconf 84' lang='lat' dir='ltr'>de</span> <span class='ocrx_word' id='word_1_259' title='bbox 631 3386 692 3443; x_wconf 79' lang='lat' dir='ltr'>stip.</span> <span class='ocrx_word' id='word_1_260' title='bbox 704 3391 789 3447; x_wconf 85' lang='lat' dir='ltr'>praet.</span> <span class='ocrx_word' id='word_1_261' title='bbox 801 3384 845 3449; x_wconf 78' lang='lat' dir='ltr'>(aa,</span> <span class='ocrx_word' id='word_1_262' title='bbox 856 3383 888 3448; x_wconf 83' lang='lat' dir='ltr'>o).</span> <span class='ocrx_word' id='word_1_263' title='bbox 941 3380 961 3448; x_wconf 76' lang='grc'>7)</span> <span class='ocrx_word' id='word_1_264' title='bbox 976 3383 1034 3433; x_wconf 89' lang='lat' dir='ltr'>Hoc</span> 
     </span>
     <span class='ocr_line' id='line_1_32' title="bbox 78 3443 1035 3518; baseline 0 -16"><span class='ocrx_word' id='word_1_265' title='bbox 78 3453 178 3516; x_wconf 77' lang='lat' dir='ltr'>suctum</span> <span class='ocrx_word' id='word_1_266' title='bbox 195 3455 315 3515; x_wconf 80' lang='lat' dir='ltr'>suspicor</span> <span class='ocrx_word' id='word_1_267' title='bbox 333 3443 449 3514; x_wconf 76' lang='lat' dir='ltr'>exputat</span> <span class='ocrx_word' id='word_1_268' title='bbox 467 3451 604 3518; x_wconf 82' lang='lat' dir='ltr'>(postulat),</span> <span class='ocrx_word' id='word_1_269' title='bbox 623 3449 644 3501; x_wconf 66' lang='lat' dir='ltr'>c*</span> <span class='ocrx_word' id='word_1_270' title='bbox 659 3452 733 3518; x_wconf 92' lang='lat' dir='ltr'>(com)</span> <span class='ocrx_word' id='word_1_271' title='bbox 748 3469 783 3503; x_wconf 78' lang='lat' dir='ltr'>ex</span> <span class='ocrx_word' id='word_1_272' title='bbox 797 3455 905 3511; x_wconf 87' lang='lat' dir='ltr'>cauerie,</span> <span class='ocrx_word' id='word_1_273' title='bbox 921 3461 948 3502; x_wconf 81' lang='lat' dir='ltr'>nt</span> <span class='ocrx_word' id='word_1_274' title='bbox 963 3453 1035 3516; x_wconf 75' lang='lat' dir='ltr'>sorte</span> 
     </span>
     <span class='ocr_line' id='line_1_33' title="bbox 80 3523 1035 3586; baseline -0.002 -13"><span class='ocrx_word' id='word_1_275' title='bbox 80 3525 205 3586; x_wconf 70' lang='lat' dir='ltr'>scripulum</span> <span class='ocrx_word' id='word_1_276' title='bbox 219 3530 284 3581; x_wconf 85' lang='lat' dir='ltr'>erat,</span> <span class='ocrx_word' id='word_1_277' title='bbox 295 3523 430 3586; x_wconf 74' lang='lat' dir='ltr'>praefixa,</span> <span class='ocrx_word' id='word_1_278' title='bbox 446 3523 522 3586; x_wconf 82' lang='lat' dir='ltr'>idque</span> <span class='ocrx_word' id='word_1_279' title='bbox 536 3524 664 3585; x_wconf 75' lang='lat' dir='ltr'>effecisse,</span> <span class='ocrx_word' id='word_1_280' title='bbox 684 3531 715 3578; x_wconf 71' lang='lat' dir='ltr'>nt,</span> <span class='ocrx_word' id='word_1_281' title='bbox 721 3530 781 3586; x_wconf 79' lang='lat' dir='ltr'>post</span> <span class='ocrx_word' id='word_1_282' title='bbox 795 3525 840 3572; x_wconf 89' lang='lat' dir='ltr'>sibi</span> <span class='ocrx_word' id='word_1_283' title='bbox 856 3525 1035 3573; x_wconf 83' lang='lat' dir='ltr'>inculcaretur</span> 
     </span>
     <span class='ocr_line' id='line_1_34' title="bbox 82 3592 1033 3657; baseline -0.001 -15"><span class='ocrx_word' id='word_1_284' title='bbox 82 3594 223 3654; x_wconf 78' lang='lat' dir='ltr'>institutum,</span> <span class='ocrx_word' id='word_1_285' title='bbox 237 3594 306 3657; x_wconf 83' lang='lat' dir='ltr'>quod</span> <span class='ocrx_word' id='word_1_286' title='bbox 319 3595 379 3643; x_wconf 86' lang='lat' dir='ltr'>olim</span> <span class='ocrx_word' id='word_1_287' title='bbox 394 3593 514 3642; x_wconf 90' lang='lat' dir='ltr'>institutus</span> <span class='ocrx_word' id='word_1_288' title='bbox 523 3595 655 3656; x_wconf 83' lang='lat' dir='ltr'>scriptum,</span> <span class='ocrx_word' id='word_1_289' title='bbox 670 3592 782 3642; x_wconf 82' lang='lat' dir='ltr'>alludet</span> <span class='ocrx_word' id='word_1_290' title='bbox 793 3594 836 3642; x_wconf 80' lang='lat' dir='ltr'>cd.</span> <span class='ocrx_word' id='word_1_291' title='bbox 847 3604 891 3651; x_wconf 79' lang='lat' dir='ltr'>to,</span> <span class='ocrx_word' id='word_1_292' title='bbox 902 3600 962 3656; x_wconf 80' lang='lat' dir='ltr'>poet</span> <span class='ocrx_word' id='word_1_293' title='bbox 977 3607 1033 3642; x_wconf 85' lang='lat' dir='ltr'>casn</span> 
     </span>
     <span class='ocr_line' id='line_1_35' title="bbox 80 3661 1034 3729; baseline -0.002 -17"><span class='ocrx_word' id='word_1_294' title='bbox 80 3661 136 3729; x_wconf 82' lang='lat' dir='ltr'>(ubi</span> <span class='ocrx_word' id='word_1_295' title='bbox 146 3666 173 3713; x_wconf 85' lang='lat' dir='ltr'>in</span> <span class='ocrx_word' id='word_1_296' title='bbox 184 3663 227 3712; x_wconf 82' lang='lat' dir='ltr'>Cd.</span> <span class='ocrx_word' id='word_1_297' title='bbox 237 3677 271 3714; x_wconf 79' lang='lat' dir='ltr'>ao.</span> <span class='ocrx_word' id='word_1_298' title='bbox 281 3671 319 3713; x_wconf 82' lang='lat' dir='ltr'>ent</span> <span class='ocrx_word' id='word_1_299' title='bbox 329 3664 352 3712; x_wconf 91' lang='lat' dir='ltr'>in</span> <span class='ocrx_word' id='word_1_300' title='bbox 368 3661 416 3728; x_wconf 83' lang='lat' dir='ltr'>die)</span> <span class='ocrx_word' id='word_1_301' title='bbox 427 3662 556 3712; x_wconf 80' lang='lat' dir='ltr'>excidisse</span> <span class='ocrx_word' id='word_1_302' title='bbox 567 3669 638 3725; x_wconf 89' lang='lat' dir='ltr'>puto,</span> <span class='ocrx_word' id='word_1_303' title='bbox 649 3670 674 3711; x_wconf 86' lang='lat' dir='ltr'>et</span> <span class='ocrx_word' id='word_1_304' title='bbox 687 3662 847 3712; x_wconf 79' lang='lat' dir='ltr'>scriberetur</span> <span class='ocrx_word' id='word_1_305' title='bbox 857 3676 951 3712; x_wconf 87' lang='lat' dir='ltr'>cauere.</span> <span class='ocrx_word' id='word_1_306' title='bbox 980 3661 1034 3710; x_wconf 83' lang='lat' dir='ltr'>Ito·</span> 
     </span>
     <span class='ocr_line' id='line_1_36' title="bbox 82 3732 1035 3798; baseline -0.003 -15"><span class='ocrx_word' id='word_1_307' title='bbox 82 3749 130 3798; x_wconf 86' lang='lat' dir='ltr'>que</span> <span class='ocrx_word' id='word_1_308' title='bbox 144 3736 215 3798; x_wconf 82' lang='lat' dir='ltr'>lego:</span> <span class='ocrx_word' id='word_1_309' title='bbox 233 3734 280 3783; x_wconf 85' lang='lat' dir='ltr'>sibi</span> <span class='ocrx_word' id='word_1_310' title='bbox 301 3734 344 3782; x_wconf 87' lang='lat' dir='ltr'>bac</span> <span class='ocrx_word' id='word_1_311' title='bbox 363 3733 418 3795; x_wconf 91' lang='lat' dir='ltr'>stip.</span> <span class='ocrx_word' id='word_1_312' title='bbox 441 3747 525 3782; x_wconf 86' lang='lat' dir='ltr'>cauere</span> <span class='ocrx_word' id='word_1_313' title='bbox 541 3732 656 3795; x_wconf 87' lang='lat' dir='ltr'>postulat:</span> <span class='ocrx_word' id='word_1_314' title='bbox 675 3740 699 3782; x_wconf 87' lang='lat' dir='ltr'>et</span> <span class='ocrx_word' id='word_1_315' title='bbox 714 3739 821 3795; x_wconf 60' lang='lat' dir='ltr'>postem·</span> <span class='ocrx_word' id='word_1_316' title='bbox 839 3734 884 3781; x_wconf 91' lang='lat' dir='ltr'>boc</span> <span class='ocrx_word' id='word_1_317' title='bbox 899 3734 962 3781; x_wconf 88' lang='lat' dir='ltr'>enlm</span> <span class='ocrx_word' id='word_1_318' title='bbox 977 3745 1035 3780; x_wconf 85' lang='lat' dir='ltr'>casu</span> 
     </span>
     <span class='ocr_line' id='line_1_37' title="bbox 82 3799 1034 3866; baseline -0.004 -14"><span class='ocrx_word' id='word_1_319' title='bbox 82 3805 203 3853; x_wconf 88' lang='lat' dir='ltr'>institutus</span> <span class='ocrx_word' id='word_1_320' title='bbox 219 3818 246 3851; x_wconf 84' lang='lat' dir='ltr'>ex</span> <span class='ocrx_word' id='word_1_321' title='bbox 261 3804 298 3852; x_wconf 89' lang='lat' dir='ltr'>die</span> <span class='ocrx_word' id='word_1_322' title='bbox 313 3810 359 3852; x_wconf 85' lang='lat' dir='ltr'>etc.</span> <span class='ocrx_word' id='word_1_323' title='bbox 389 3803 446 3852; x_wconf 74' lang='lat' dir='ltr'>Atti</span> <span class='ocrx_word' id='word_1_324' title='bbox 459 3803 543 3850; x_wconf 82' lang='lat' dir='ltr'>delent</span> <span class='ocrx_word' id='word_1_325' title='bbox 557 3802 586 3850; x_wconf 87' lang='lat' dir='ltr'>ab</span> <span class='ocrx_word' id='word_1_326' title='bbox 601 3809 660 3850; x_wconf 84' lang='lat' dir='ltr'>ante</span> <span class='ocrx_word' id='word_1_327' title='bbox 675 3803 789 3851; x_wconf 88' lang='lat' dir='ltr'>instituto.</span> <span class='ocrx_word' id='word_1_328' title='bbox 852 3799 873 3866; x_wconf 79' lang='lat'>⁸)</span> <span class='ocrx_word' id='word_1_329' title='bbox 889 3803 905 3850; x_wconf 88' lang='grc' dir='ltr'>ι’.</span> <span class='ocrx_word' id='word_1_330' title='bbox 920 3815 942 3849; x_wconf 90' lang='lat' dir='ltr'>e.</span> <span class='ocrx_word' id='word_1_331' title='bbox 955 3801 980 3849; x_wconf 85' lang='lat' dir='ltr'>ri</span> <span class='ocrx_word' id='word_1_332' title='bbox 995 3802 1034 3848; x_wconf 83' lang='lat' dir='ltr'>in·</span> 
     </span>
     <span class='ocr_line' id='line_1_38' title="bbox 80 3873 579 3923; baseline -0.004 0"><span class='ocrx_word' id='word_1_333' title='bbox 80 3875 186 3923; x_wconf 80' lang='lat' dir='ltr'>stitutus</span> <span class='ocrx_word' id='word_1_334' title='bbox 199 3888 242 3922; x_wconf 85' lang='lat' dir='ltr'>ree</span> <span class='ocrx_word' id='word_1_335' title='bbox 255 3873 429 3923; x_wconf 72' lang='lat' dir='ltr'>hereditarias</span> <span class='ocrx_word' id='word_1_336' title='bbox 443 3873 579 3921; x_wconf 84' lang='lat' dir='ltr'>deminuat.</span> 
     </span>
    </p>
   </div>
   <div class='ocr_carea' id='block_1_8' title="bbox 0 0 1205 4386">
    <p class='ocr_par' dir='ltr' id='par_1_12' title="bbox 0 0 1205 4386">
     <span class='ocr_line' id='line_1_39' title="bbox 0 0 1205 4386; baseline 0 0"><span class='ocrx_word' id='word_1_337' title='bbox 0 0 1205 4386; x_wconf 95' lang='lat' dir='ltr'> </span> 
     </span>
    </p>
   </div>
  </div>
 </body>
</html>
