2378 4386
838 108 895 121 e-.

691 131 710 138 a·
749 126 759 131 ’
770 121 784 127 “’

407 547 465 583 suu
482 548 576 584 insuit.
595 529 616 583 Ι.
636 535 715 585 2-6.
971 532 1034 598 173

75 678 210 735 Romanus
229 679 327 752 purtim
343 693 393 734 suo
409 679 530 752 proptio,
546 679 642 751 partim
659 677 795 735 communi
812 679 932 735 oninium
948 680 1035 738 loomi-

74 779 138 820 num
164 763 222 817 iure
251 761 345 818 utitur.
372 777 440 834 quae
465 760 571 836 singulo
596 760 777 836 quatiunt,
800 761 858 819 suis
880 762 946 820 locis
970 780 1033 838 pno-

75 862 216 920 ponemus.

137 927 167 988 2.
184 928 299 985 Constat
314 937 402 985 autem
415 929 458 985 ius
469 931 551 985 civile
561 928 655 1002 populi
666 923 791 986 Romani¹
801 946 833 986 ou
846 929 963 1005 legibus,
976 931 1033 1006 ple·

75 1013 188 1079 biooitis,
205 1010 478 1082 senatusconsultis,
497 1011 737 1069 constitutionibus
754 1015 920 1088 principum,
937 1015 1033 1072 edictis

76 1113 182 1168 eorum,
199 1098 245 1170 qui
260 1097 303 1152 ius
316 1094 437 1152 edicendi
450 1094 559 1160 halent,
571 1096 709 1169 responsio
721 1097 902 1169 prudentium.
933 1096 963 1158 8.
978 1098 1033 1157 Len

77 1189 134 1250 εει,
161 1179 234 1253 quod
254 1179 373 1253 populus
394 1177 469 1236 iubet
490 1186 571 1250 atque
601 1180 751 1235 coustituit.
786 1180 955 1253 plebiscitum
981 1192 1032 1254 εει,

79 1263 151 1336 quod
165 1263 242 1339 plelns
257 1262 334 1320 iubet
353 1271 433 1336 utque
456 1262 608 1319 constituit.
646 1260 721 1335 plebs
744 1271 861 1320 autema
883 1267 984 1338 populo
1000 1284 1033 1324 eo

78 1349 176 1418 distat,
197 1346 269 1421 quod
293 1348 387 1420 populi
406 1345 589 1420 appellatione
608 1346 728 1403 uniuersi
749 1347 821 1403 ciues
836 1348 1033 1421 significantur,

77 1431 277 1488 connumeratis
297 1435 384 1486 enom
398 1431 534 1503 pouiciis3
555 1429 642 1503 plebis
663 1438 753 1485 nutem
774 1430 957 1503 appellatione
976 1433 1034 1489 siue

77 1514 198 1589 patriciis
214 1515 297 1571 ceteri
312 1515 385 1571 ciues
401 1513 605 1587 significantium
620 1512 693 1569 unde
708 1512 772 1569 olim
784 1515 888 1586 patricii
900 1514 1033 1586 dicebant,

78 1597 227 1672 plebiscitis
249 1611 279 1652 se
300 1612 356 1652 nou
380 1599 478 1668 ιειιεεῑ,
502 1599 565 1671 quio
588 1599 646 1653 sinc
667 1597 829 1655 auctoritate
851 1614 946 1656 eorum
967 1599 1035 1656 iactu

78 1688 187 1747 essent3
203 1678 251 1735 scd
265 1688 359 1751 poetes
377 1683 383 1748 1
401 1679 444 1737 lex
454 1680 596 1738 Hortensia
611 1681 665 1737 luta
679 1689 732 1751 εει,
749 1696 801 1753 quo
814 1691 921 1738 cnutum
936 1693 988 1754 εει,
1005 1691 1034 1740 ut
1044 1705 1069 1754 ς,

14 1773 65 1824 iles]
78 1762 219 1839 plebiscita
236 1763 391 1818 uniuersum
406 1764 533 1837 populum
549 1772 688 1822 tenerent:
710 1765 801 1838 itaque
822 1781 855 1822 εο
871 1766 951 1822 modo
967 1767 1034 1839 legl-

76 1849 130 1906 hus
146 1854 294 1920 exaequata
310 1855 383 1903 suut.
412 1843 440 1904 4
460 1848 573 1905 Senatus
589 1847 744 1906 consultum
760 1856 817 1920 εει,
835 1849 908 1921 quod
923 1858 1034 1907 senatus

78 1932 154 1991 iubet
176 1940 258 2005 utque
280 1931 438 1999 constituit3
460 1930 541 2004 idque
562 1932 632 2008 lepis
656 1934 741 1990 uiccm
764 1924 1034 2007 optinet‚'qunmuis

78 2017 161 2074 luerit
176 2017 339 2090 quaesitum.
367 2011 395 2073 ὅ.
410 2014 574 2072 constitutio
586 2018 715 2091 principis
730 2025 782 2088 εει,
799 2017 873 2091 quod
888 2020 1036 2091 imperator
1065 2046 1067 2050 Α

80 2099 188 2158 decreto
206 2099 249 2155 uel
272 2099 360 2156 edicto
377 2098 419 2156 uel
435 2099 550 2173 epistola
566 2102 716 2158 constituit.
745 2116 796 2158 nec
817 2117 941 2175 umquam
957 2101 1034 2160 diubi-

81 2192 167 2240 tatum
181 2192 234 2254 εει,
257 2185 320 2256 quin
343 2183 371 2239 id
392 2183 460 2258 legis
477 2185 563 2240 uicem
578 2187 709 2257 optineat,
732 2200 792 2242 cum
814 2187 872 2259 ipse
888 2188 1035 2259 imperator

82 2281 130 2339 per
149 2266 237 2340 legem
256 2269 397 2340 imperium
420 2268 538 2340 accipiat.
582 2263 611 2325 6.
634 2267 758 2342 ’(Edicto
785 2278 852 2326 sunt
868 2277 1034 2343 praecepto

83 2365 189 2418 eorum,
206 2354 256 2423 qui
269 2355 314 2408 ius
327 2352 460 2408 edicendi
472 2345 617 2427 Ιιαὺειει.)2
632 2352 674 2408 ius
690 2362 780 2412 nutem
796 2352 918 2412 edicendi
935 2352 1034 2412 habent

155 2514 176 2586 ¹)
195 2517 301 2567 Retinui
317 2534 352 2566 ex
370 2519 409 2567 ed.
424 2530 460 2578 s,
479 2535 535 2568 cum
554 2520 600 2568 iuri
619 2519 683 2567 ciuili
702 2519 727 2568 h.
746 2523 762 2569 l.
782 2529 871 2583 aperte
889 2529 1035 2584 opponatur

82 2604 150 2639 omne
172 2590 209 2637 ius
231 2603 276 2652 quo
298 2589 385 2638 utimur
403 2590 425 2651 ξ.
446 2601 466 2640 ε.
486 2596 511 2638 et
529 2591 563 2648 es.
584 2589 678 2636 Isidos.
699 2604 737 2637 or.
758 2600 779 2650 t,
797 2601 823 2646 s,
844 2602 863 2639 ε.
884 2597 994 2638 constant
1012 2598 1036 2639 ει

82 2659 181 2726 (nutem)
197 2660 248 2707 ion
258 2673 287 2721 pr
301 2658 327 2706 V
328 2656 348 2690 ¹¹
361 2660 418 2709 edd.
429 2661 479 2708 inus
488 2660 569 2720 sacto,
585 2665 612 2705 ut
622 2664 695 2719 puto,
705 2673 739 2705 coc
749 2659 785 2705 ins
798 2661 829 2717 ἔς
844 2674 902 2706 nans
912 2660 962 2707 iura
973 2673 996 2722 p.
1008 2658 1033 2707 ll¹

80 2733 177 2793 purtim
190 2731 267 2778 etium
281 2731 348 2780 iuris
364 2732 478 2795 pestium
492 2735 564 2785 sunt,
583 2729 627 2776 cui
640 2727 683 2776 dic
697 2730 770 2776 loeus
787 2742 838 2777 non
853 2735 897 2775 εει.
926 2735 1036 2776 constant

84 2807 162 2848 sutem
175 2801 225 2849 iuro
244 2799 378 2864 (propria)
397 2800 436 2849 ed.
456 2811 544 2849 ineat.
572 2804 666 2847 constat
683 2804 762 2846 sutem
782 2798 818 2845 ius
838 2796 978 2846 Bouianum
995 2799 1034 2848 ed.

85 2868 132 2935 Bp.
147 2880 167 2921 t.
200 2877 307 2919 constent
322 2908 328 2919 .
344 2907 349 2920 .
365 2872 416 2918 iuro
435 2878 516 2919 nostru
535 2870 567 2930 ej.
587 2867 695 2917 Bremcr
715 2864 757 2932 (de
780 2866 834 2930 Wp.
855 2868 934 2915 instit.
947 2883 973 2931 p.
988 2867 1034 2933 ιε).

87 2935 247 3006 ⁹)Suppleui
265 2941 302 2990 ud
320 2942 479 2989 centensium.
516 2939 594 2989 Hunc
614 2941 681 2988 enim
702 2938 843 2988 edictorum
863 2939 1035 3001 definitionem

83 3092 106 3153 §-
118 3102 151 3141 11.
162 3089 230 3139 tut.
240 3092 283 3139 cit.
292 3104 352 3153 quse
359 3086 462 3157 singulo]
472 3091 489 3138 i.
498 3106 520 3138 e.
530 3105 595 3154 quoe
604 3090 855 3153 sinpulopruecepia
863 3105 896 3140 un
904 3090 958 3139 siue
968 3090 1036 3140 iuris

81 3163 195 3226 pontium
212 3163 266 3210 siue
285 3161 353 3209 iuris
371 3162 456 3210 cicilio
475 3163 527 3209 sint
545 3167 591 3209 etc.
618 3159 656 3220 Cf.
676 3172 696 3215 1,
711 3171 745 3211 ιι.
760 3170 842 3212 tuis.
857 3172 891 3212 82.
906 3172 939 3212 ει.
950 3171 984 3211 ει.
999 3171 1034 3211 us.

82 3243 116 3282 ss.
132 3243 178 3282 nos.
194 3242 241 3282 ns.
256 3241 302 3281 ιεε.
318 3241 365 3281 ιεε.
381 3241 427 3282 ico.
447 3243 467 3291 s,
481 3242 508 3282 cs
521 3246 572 3295 seq.
587 3242 621 3282 ns.
641 3241 661 3287 ε,
675 3242 709 3282 ss.
725 3242 771 3281 css.
788 3233 848 3282 ιω.
929 3232 975 3281 ,2.
996 3231 1034 3293 Cf.

83 3302 142 3363 §.u
158 3300 180 3351 l.
199 3303 238 3350 tit.
258 3303 300 3350 cit.
316 3300 348 3350 L.
368 3312 443 3366 tpr.
459 3301 490 3349 I).
506 3303 544 3350 tit.
564 3303 607 3350 cit.
630 3301 680 3349 Cic.
705 3300 849 3364 Tomis.
925 3303 970 3350 .3.
997 3301 1035 3363 Cf.

84 3373 107 3434 §-
121 3384 142 3423 u
157 3371 180 3421 I.
196 3372 227 3421 de
242 3373 299 3421 iure
313 3378 365 3420 nat.
382 3372 413 3433 (1,
428 3372 450 3430 sl
465 3371 525 3436 idip.
540 3369 680 3421 Schrader.
727 3367 751 3439 fi
767 3374 791 3421 4.
814 3372 851 3433 Cf.
868 3373 891 3432 ἕ.
906 3380 927 3421 ⁶.
943 3369 963 3418 Ι.
980 3372 1035 3420 eod.

84 3442 115 3490 L.
130 3454 150 3493 u.
166 3442 200 3492 Β.
214 3442 246 3491 de
261 3443 308 3507 lep.
324 3440 370 3491 SC.
385 3440 416 3504 (1,
430 3440 462 3507 s).
517 3438 542 3510 ἦ
559 3444 582 3492 5.
604 3441 641 3502 Cf.
657 3443 680 3502 ὃ.
697 3452 717 3492 ι.
734 3442 755 3489 I.
770 3442 802 3490 de
817 3443 941 3490 iurenut.
957 3441 988 3503 (ι,
1003 3441 1035 3505 s).

83 3508 108 3579 ξ.
124 3515 148 3564 6.
173 3511 210 3575 Of.
231 3514 254 3573 ξ.
269 3523 288 3563 ι.
305 3511 327 3565 I.
343 3513 398 3562 eod.
416 3513 468 3562 Cic.
490 3512 618 3561 additio.
638 3523 658 3569 ε,
678 3523 697 3560 ι.
717 3514 740 3572 ς.
756 3522 788 3562 ιε.
826 3507 977 3576 quisestores]
998 3511 1036 3560 De

84 3597 171 3632 eorum
180 3583 361 3632 iurisdictione
371 3583 405 3646 cs.
419 3583 637 3642 Cic.diuin.1t.§.
649 3592 681 3632 st.
701 3580 786 3631 Scltol.
802 3582 838 3630 ud
848 3581 899 3630 Cic.
911 3581 990 3628 disin.
1002 3590 1035 3630 15.

83 3655 106 3715 §-
120 3664 156 3705 48.
175 3669 250 3718 quum
259 3652 400 3718 delepotout
410 3653 537 3703 aedilibus
548 3650 707 3703 Cirtensibus
716 3654 743 3700 in
755 3652 895 3714 prouincia
905 3649 1035 3706 Numidia,

83 3740 159 3789 quam
172 3730 293 3789 quaestor
303 3726 469 3787 proconsulis
480 3724 589 3787 Africae
599 3737 649 3771 non
661 3723 743 3783 focile
753 3721 849 3778 adibat,
865 3735 933 3769 nunc
943 3733 1036 3782 capno·

83 3796 164 3844 ulmus
181 3809 217 3844 ecc
236 3792 333 3844 Benier
351 3794 373 3843 1.
393 3795 425 3845 A.
445 3805 504 3846 2196.
524 3793 568 3858 (ε
585 3791 784 3841 Orelli-Hennes
804 3790 876 3856 sest.)
896 3799 956 3839 1869.
976 3799 1035 3838 teto.

83 3876 144 3917 stis.
158 3876 219 3917 21⁷³.
236 3875 296 3917 2825.
