2378 4386
148 555 210 613 118
504 564 527 597 c.
547 562 642 597 srsrvs
660 561 761 597 sarire.

146 691 272 758 sanciret,
295 689 409 744 deorum
431 687 531 742 formas
553 686 669 759 insculpi
687 687 804 757 annulis,
826 703 949 761 eousque
963 692 1108 761 processit,

146 782 177 830 ut
196 781 234 843 et,
255 788 305 829 eur
324 772 352 826 in
372 770 424 826 hoc
445 770 532 842 digito
548 770 593 826 uei
607 771 634 825 in
651 771 700 825 bac
716 787 794 826 manu
810 779 965 844 gestaretur
980 773 1107 845 annulus,

146 872 201 912 non
213 863 325 912 taceret.
348 853 489 922 ‘Veteres',
505 854 603 926 inquit,
615 851 681 908 ‘non
694 863 816 926 ornatus,
832 856 879 910 sed
891 856 1016 928 signandi
1027 861 1157 914 causatos]

146 938 275 995 annulum
297 953 389 994 secum
411 936 642 993 circumferebant.
675 936 750 992 Unde
772 955 823 995 nec
844 939 905 1012 plus
929 956 1008 1013 quam
1024 957 1107 1011 unum

147 1023 245 1079 babere
260 1020 368 1092 licebat,
383 1037 434 1076 nec
448 1021 573 1092 cuiquam
589 1022 639 1075 nisi
654 1019 749 1082 libero.
784 1020 870 1094 ’quod
885 1039 933 1079 eos
948 1024 1024 1079 solos
1040 1023 1107 1081 fides

146 1099 286 1177 deceret,¹
310 1119 379 1177 quae
401 1104 542 1177 signaculo
564 1105 729 1174 continetur,
752 1104 813 1160 ideo
834 1107 876 1160 ius
891 1108 1053 1163 annulorum
1070 1108 1107 1164 ia·

147 1188 212 1245 muli
235 1205 290 1244 uon
312 1186 454 1245 habebant.
491 1186 694 1261 imprimebatur
716 1195 804 1243 autern
826 1189 965 1263 sculptura
981 1193 1107 1247 materiae

149 1272 250 1339 annuli,
273 1272 332 1327 siue
354 1287 387 1326 ex
409 1271 481 1327 ierro
504 1272 562 1326 siue
584 1287 616 1326 es
639 1286 705 1326 auro
729 1271 814 1339 ioret3
837 1282 865 1328 et
888 1273 1055 1346 gestabatur,
1077 1283 1108 1330 ut

146 1358 263 1431 quisque
279 1355 371 1423 uellet,
388 1371 548 1428 quacunque
564 1370 651 1422 manu,
669 1354 789 1427 quolibet
805 1356 902 1429 digito.
930 1357 1052 1428 Postea’,
1067 1362 1107 1413 in·

147 1442 217 1515 quit,
232 1440 310 1494 ‘usus
325 1438 483 1493 luxuriantis
499 1439 594 1493 aetatis
609 1439 761 1510 signaturas
776 1441 902 1512 pretiosis
918 1443 1029 1512 gemmis
1045 1457 1107 1497 cue·

147 1525 188 1597 pit
208 1523 372 1595 insculpere,
394 1530 422 1576 et
442 1523 563 1577 certatim
586 1523 649 1577 liaeo
670 1526 756 1576 omnis
777 1524 890 1579 imitatio
906 1524 1050 1594 lacessiuit,
1077 1534 1106 1579 ut

147 1607 182 1663 de
196 1615 342 1680 augmento
357 1606 447 1678 pretii,
470 1621 524 1677 qun
540 1604 702 1678 sculpendos
718 1605 821 1679 lapides
836 1616 985 1680 parassent,
1008 1608 1107 1679 gloria-

147 1699 253 1747 rentur.
277 1689 345 1746 llinc
359 1688 459 1745 iactum
475 1697 527 1760 est,
542 1696 574 1744 ut
585 1705 650 1743 usus
663 1689 822 1745 annulorum
836 1700 958 1747 exemtus
969 1690 1107 1762 dexterae,

147 1790 216 1848 quae
235 1773 350 1830 muitum
371 1774 543 1846 negotiorum
564 1773 643 1845 gerit,
665 1773 692 1826 in
713 1772 815 1828 laeuam
836 1775 1015 1847 relegaretur,
1039 1793 1107 1849 quae

147 1859 264 1915 otiosior
285 1865 336 1927 est,
357 1873 391 1912 ne
407 1855 501 1911 crebro
516 1864 592 1910 motu
608 1864 636 1911 et
651 1853 741 1911 oidcin
758 1873 851 1912 marrus
867 1858 977 1914 dextrae
992 1861 1105 1931 pretiosi

146 1940 249 2015 lapides
269 1942 468 2013 frangerentur.
507 1937 612 1994 Electus
636 1939 750 2010 autem’‚
771 1941 869 2013 inquit,
893 1939 931 1997 ‘in
952 1943 1010 2016 ipsa
1031 1944 1106 1999 laeua

146 2041 227 2080 manu
246 2024 346 2097 digitus
367 2023 475 2078 minimo
494 2024 632 2096 proximus
647 2024 724 2096 quasi
740 2025 828 2096 aptior
843 2026 950 2100 ceteris,
972 2027 1015 2081 cui
1030 2043 1106 2082 com·

147 2106 322 2164 mendnretur
336 2105 428 2163 annuli
442 2107 607 2179 pretiositas.
639 2105 704 2162 liam
719 2107 820 2180 pollex,
841 2109 886 2180 qui
902 2124 999 2164 nomen
1015 2106 1047 2163 ab
1062 2125 1107 2178 eo,

147 2190 221 2266 quod
242 2190 338 2264 pollet,
358 2191 470 2263 accepit,
492 2207 541 2245 uec
561 2191 586 2244 in
609 2191 717 2246 sinistra
741 2200 838 2261 cessat,
858 2207 909 2245 nec
923 2192 1010 2246 minus
1027 2207 1106 2264 quam

147 2283 204 2331 tota
221 2290 315 2331 manus
330 2289 438 2346 semper
452 2275 480 2329 in
491 2271 581 2329 cilicio
593 2281 643 2329 est.
668 2274 737 2329 unde
747 2274 816 2348 apud
828 2279 942 2329 tiraccos
954 2266 1106 2350 dvrigeep',

146 2360 245 2432 inquit,
269 2359 406 2426 ‘uocatur,
429 2359 504 2430 quasi
521 2374 614 2413 manus
630 2357 722 2416 altera.
746 2356 839 2414 l’oilici
855 2374 921 2414 uero
937 2359 1042 2414 uicinus
1058 2377 1108 2416 nu·

146 2441 197 2496 dus
213 2451 240 2497 et
255 2442 313 2497 sine
329 2441 444 2497 tuitione
459 2441 572 2498 alterius
588 2443 704 2514 appositi
720 2440 874 2506 uidebatur;
890 2457 949 2497 nam
966 2442 1055 2516 pollex
1069 2444 1107 2498 ita

146 2523 259 2580 inierior
273 2532 325 2596 est,
342 2534 372 2580 ut
387 2526 432 2581 uix
447 2526 561 2583 radicem
577 2528 636 2581 eius
652 2524 772 2581 excedat.
796 2524 912 2581 llediurn
926 2533 954 2581 et
969 2528 1106 2583 minimum

146 2610 326 2680 uitaueruut',
341 2611 437 2682 inquit,
454 2607 495 2665 ‘ut
507 2611 626 2683 ineptos,
641 2609 756 2666 aiterum
766 2609 959 2682 magnitudine,
975 2609 1107 2666 breuitate

145 2691 272 2764 aiterum,
286 2703 314 2750 et
329 2693 431 2751 eiectus
447 2702 499 2765 est,
514 2695 561 2767 qui
575 2693 608 2749 ab
623 2700 740 2767 utroque
755 2692 889 2748 clauditur
904 2701 932 2748 et
947 2696 1036 2750 minus
1046 2692 1106 2750 oiii-

146 2778 179 2833 cii
201 2779 272 2852 gerit
294 2786 321 2833 et
342 2778 403 2835 ideo
426 2777 559 2833 seruando
582 2774 681 2831 annulo
704 2777 791 2847 magis
813 2775 1106 2833 accommodatusest'.

147 2859 217 2917 llaec
237 2870 311 2932 sunt,
334 2877 401 2933 quae
421 2860 502 2916 lectio
522 2857 684 2931 pontificalis
708 2858 797 2914 babet.
814 2887 856 2899 -
875 2859 990 2916 biacrob.
1007 2860 1062 2918 Sat.
1078 2860 1107 2931 7,

148 2943 196 3000 13.
211 2943 239 3013 s.
258 2944 308 2999 11.

209 3038 251 3099 11.
273 3041 413 3096 Praeterea
428 3040 520 3112 Capito
536 3040 629 3095 ateius
649 3042 779 3113 scriptum
799 3042 917 3114 reliquit,
939 3060 1027 3117 neque
1047 3045 1107 3099 eius

146 3123 286 3197 legendam
309 3122 389 3179 tiliam
413 3128 460 3189 (se.
485 3123 614 3195 virginem
638 3122 796 3194 Vestalem),
825 3128 871 3198 qui
893 3125 1057 3183 domicilium
1080 3129 1107 3183 in

146 3207 222 3263 ltalia
242 3222 296 3261 non
312 3205 434 3274 haberet,
454 3214 482 3261 et
497 3205 675 3262 excusandam
690 3208 759 3277 eius,
781 3209 827 3281 qui
841 3208 942 3265 liberos
958 3219 1013 3267 tres
1028 3210 1099 3268 lrabe-

146 3297 198 3346 ret.
214 3318 256 3330 —
271 3289 338 3344 Geli.
358 3291 383 3354 l,
404 3288 451 3345 12.
468 3289 498 3361 S.
515 3290 545 3347 8.

208 3387 250 3446 12.
276 3382 335 3442 Διὰ
358 3385 387 3444 τί
406 3381 422 3445 ὁ
438 3385 533 3465 ἱερεὺς
549 3394 602 3445 roo
654 3391 712 3446 Cur
736 3394 844 3463 [lamen
870 3393 977 3462 Dialis,
1012 3411 1108 3453 uxore

148 3466 221 3541 Διὸς
232 3461 445 3546 ἀποθανούσης
457 3465 538 3552 αὐτῷ
549 3478 601 3547 τῆς
653 3482 779 3543 mortua,
814 3478 944 3548 flaminio
976 3479 1109 3535 decedit?

145 3550 300 3633 γυναικός,
311 3549 471 3614 ἀπετίθετο
482 3553 538 3632 τὴν
548 3550 600 3631 dp
652 3561 695 3613 sic
717 3561 790 3613 cuim
812 3562 912 3616 Ateius
934 3563 1061 3641 tradidit.

148 3715 309 3725 .---.
334 3716 349 3721 ..

220 3801 240 3867 ¹)
254 3819 313 3868 quos
333 3802 396 3867 (pro
411 3819 425 3867 p
441 3819 491 3865 eos,
506 3812 534 3853 ut
543 3804 619 3870 puto)
639 3805 703 3854 solos
723 3806 781 3855 ildes
796 3806 892 3856 deceret
906 3806 1058 3872 (decerneret
1072 3814 1106 3860 ai.

146 3876 293 3926 discerneret
307 3874 353 3939 ni.)
367 3875 406 3923 ed.
423 3874 479 3926 lou.
