2378 4386
435 326 457 364 Ο

412 573 448 608 or
465 572 577 610 uomvs
595 574 673 610 nmen
690 576 710 609 ι.
998 571 1039 629 39

74 708 175 760 nmnrr
188 696 356 754 subornatus
369 701 398 754 in
414 700 494 755 uitam
511 701 615 756 uenerit
630 712 783 774 quanteque
802 703 979 760 instrumenta
996 705 1041 759 lia·

75 785 139 842 beat
152 783 185 840 ad
202 780 375 856 optinendum
390 782 639 858 adipiscendamque
650 788 816 857 sapientiam,
832 788 956 858 quonlam
967 790 1040 862 prin·

74 869 145 942 cipio
165 881 257 923 reru!
277 866 397 921 omnium
419 867 496 938 quasi
511 867 678 924 adumbratas
693 870 892 942 intellegentias
907 872 994 927 animo
1010 889 1041 929 ac

73 958 167 1009 mente
188 949 360 1022 conceperit,
391 947 488 1022 quibus
515 949 664 1007 inlustratis
691 955 822 1026 sapientia
849 954 916 1010 duce
939 954 1039 1012 bonum

75 1038 165 1093 ulrum
180 1042 209 1090 et
223 1032 259 1088 oli
274 1033 432 1105 semipsum
447 1048 553 1089 causam
568 1045 660 1090 cernat
675 1052 704 1091 se
719 1034 826 1092 beatum
847 1037 914 1093 iore.
952 1038 1038 1094 liliili.

72 1116 128 1178 80.
149 1133 212 1174 uem
231 1131 315 1188 quom
334 1117 438 1171 animus
454 1119 570 1189 cognitis
585 1117 773 1192 'perceptisque
789 1120 935 1176 uirtutibus
951 1139 965 1177 a
980 1139 1039 1178 cor·

75 1203 153 1278 porls
173 1200 306 1272 obsequio
327 1197 548 1273 indulgentiaque
563 1201 719 1259 discesserit
734 1205 953 1278 uoluptatemque
969 1208 1039 1262 sicut

73 1284 163 1342 labem
176 1283 295 1359 aliquam
310 1281 451 1339 dedecoris
466 1288 631 1356 oppresserit
643 1303 803 1360 omnemque
814 1291 909 1345 mortis
924 1287 1038 1345 doloris-

75 1385 130 1443 que
145 1370 272 1424 timorem
288 1365 416 1439 effugerit
430 1368 641 1440 societatemque
661 1372 779 1426 caritatis
795 1373 891 1428 coierit
906 1389 966 1427 cnm
982 1376 1038 1428 suis

75 1453 218 1524 omnisque
241 1458 337 1507 natura
359 1451 518 1507 coniunctos
537 1468 603 1507 snos
624 1452 729 1509 duxerit
749 1454 905 1526 cultumque
927 1455 1038 1510 deorum

74 1545 102 1592 si
115 1551 213 1610 puram
226 1533 385 1607 religionem
397 1536 549 1606 susceperit
564 1544 591 1589 ei
603 1537 737 1590 exacuerit
747 1536 828 1605 illam,
845 1546 874 1591 ui
887 1537 1038 1610 oculorum,

74 1621 115 1677 alc
129 1617 233 1692 ingenii
248 1616 331 1672 selem
347 1615 380 1671 ad
394 1614 464 1671 bona
479 1616 602 1690 eligenda
617 1627 645 1672 et
660 1616 793 1674 reicienda
811 1621 954 1690 contraria,
970 1639 1038 1694 quae

76 1704 165 1759 uirtus
179 1717 212 1757 cs
230 1698 400 1776 prouidendo
419 1708 461 1755 est
476 1701 609 1773 appellata
624 1700 775 1773 prudentia,
797 1704 860 1775 quid
875 1721 907 1758 eo
924 1704 974 1760 dici
993 1714 1038 1761 out

75 1784 192 1859 cogturt
208 1783 313 1859 poterii
333 1781 456 1838 beatius?
496 1778 539 1840 61.
562 1784 687 1857 idemque
708 1802 789 1858 quom
811 1786 924 1859 coelum,
942 1799 1037 1861 terres,

74 1869 160 1927 marla
173 1881 320 1939 rerumque
341 1868 459 1920 omnium
475 1875 598 1923 naturam
614 1870 790 1942 perspexerit,
807 1887 890 1943 eaque
907 1871 976 1927 unde
992 1890 1038 1942 ge-

73 1959 178 2023 nerata,
200 1965 256 2025 quo
270 1964 425 2020 recursura,
448 1950 565 2022 quando,
587 1969 641 2025 quo
657 1951 738 2009 modo
754 1954 868 2018 obitura,
886 1955 950 2028 quid
963 1957 991 2012 in
1005 1957 1038 2012 iis

74 2034 191 2091 mortale
213 2042 242 2090 et
263 2031 404 2102 caducum,
427 2033 491 2105 quid
513 2033 633 2090 diuinum
656 2048 848 2112 aeternumque
870 2041 916 2109 sit,
941 2040 1037 2096 uiderit

72 2121 218 2194 ipsumque
233 2133 265 2174 es
279 2115 463 2172 moderantem
478 2126 505 2172 et
520 2128 658 2192 regentem
671 2137 755 2195 paene
772 2121 910 2194 prenderit
924 2139 1037 2196 seseque

72 2219 130 2260 non
144 2202 187 2258 isis
202 2197 394 2258 circumdatum
406 2200 546 2256 moenibus
558 2202 715 2277 popularem
733 2205 844 2261 alicuius
856 2204 959 2260 deimiti
974 2205 1036 2277 loci,

74 2294 120 2341 set
134 2286 220 2341 ciuem
234 2285 318 2340 totius
330 2282 421 2338 mundi
436 2285 513 2357 quasi
530 2288 608 2341 unius
624 2287 696 2344 urbis
711 2290 863 2360 agnouerit,
884 2290 911 2344 in
927 2287 977 2345 lrac
993 2287 1037 2345 iile

74 2363 273 2441 magnificentie
292 2383 382 2422 rerum
405 2374 485 2441 atque
500 2369 526 2423 in
544 2370 595 2425 hoe
610 2379 759 2445 conspectu
774 2383 802 2428 et
818 2373 975 2444 cognitione
990 2389 1037 2428 na·

74 2461 169 2514 turae,
190 2447 227 2506 dli
241 2449 411 2520 inmortales,
428 2467 507 2523 quarn
522 2469 551 2506 se
567 2454 623 2524 ipse
639 2464 742 2526 noscet,
758 2455 831 2527 quod
847 2456 943 2528 Apollo
959 2473 1036 2530 prae-

74 2536 147 2610 cepit
168 2533 297 2609 Pythlus,
320 2550 399 2607 quam
421 2543 591 2605 contemnet,
614 2552 694 2607 quam
717 2538 861 2610 despiciet,
885 2557 963 2610 quam
986 2558 1036 2612 pro

76 2618 161 2675 nihilo
174 2617 282 2693 putabit
296 2618 336 2689 ea',
358 2633 425 2690 quae
442 2617 524 2691 uolgo
540 2618 665 2673 dicuntur
680 2620 850 2692 amplissima.
880 2622 967 2676 llliiV.
989 2619 1037 2682 62.

74 2704 164 2776 litque
183 2701 250 2758 llaec
271 2702 360 2756 omnia
376 2702 453 2773 quasi
467 2703 633 2774 saepimento
649 2702 739 2774 aliquo
762 2702 872 2758 uallaltit
889 2703 1036 2761 disserendi

75 2786 191 2856 ratione,
211 2786 271 2842 neri
290 2792 320 2841 et
340 2783 400 2840 ialsi
414 2784 547 2841 iudicandi
567 2786 679 2842 scientio
699 2792 727 2840 et
747 2793 805 2841 arte
826 2786 938 2858 quadam
959 2787 1037 2844 intel·

75 2866 195 2942 legendi,
211 2864 277 2941 quid
294 2884 427 2940 quamque
443 2885 500 2923 rem
516 2878 645 2942 sequatur
660 2877 688 2925 et
710 2869 773 2942 quid
790 2871 825 2925 sit
840 2871 958 2945 quoique
973 2886 1035 2927 oon·

75 2951 197 3012 luriunt.
227 2968 365 3026 quomque
386 2967 416 3009 se
437 2951 469 3006 ad
491 2952 597 3008 ciuilem
617 2955 773 3009 societatem
796 2962 888 3011 natum
909 2957 1035 3025 senserit,

74 3050 131 3091 non
151 3033 242 3092 solum
260 3034 308 3092 illa
326 3033 418 3091 subtili
440 3034 621 3108 disputatione
638 3037 691 3110 silli
713 3038 843 3094 utendum
859 3038 972 3112 putabit,
987 3040 1036 3096 sed

74 3118 155 3174 eiiam
177 3117 238 3174 lusu
259 3116 341 3175 lellus
361 3126 493 3193 perpetua
515 3122 648 3192 oratione,
670 3138 721 3194 qua
742 3130 819 3195 regat
834 3122 961 3196 populos,
983 3139 1035 3196 qua

74 3199 192 3257 stabiliat
206 3201 293 3275 leges,
314 3217 366 3274 qua
382 3202 495 3275 castiget
510 3203 656 3276 improbos,
678 3221 730 3277 qua
746 3214 854 3261 tueatur
865 3205 960 3277 bonos,
983 3224 1035 3279 qua

74 3282 165 3340 laudet
185 3283 274 3341 claros
295 3286 381 3357 uiros,
401 3301 470 3356 quae
489 3296 631 3360 praecepta
651 3287 746 3343 salutis
766 3298 794 3345 et
814 3288 900 3344 laudis
920 3298 982 3362 apte
1003 3291 1035 3346 ati

73 3366 288 3442 persuadendum
309 3365 370 3423 edat
389 3369 446 3423 suis
467 3368 580 3442 ciuibus,
603 3387 655 3442 qua
671 3372 772 3427 hortari
787 3371 820 3427 ad
842 3373 935 3443 decus,
952 3389 1034 3429 reuo-

74 3466 134 3506 care
154 3450 305 3525 allagltio,
327 3450 462 3507 consolari
484 3455 573 3525 possit
593 3452 714 3510 arlllictos
730 3454 853 3526 iactaque
869 3465 895 3510 et
911 3456 1035 3513 consulta

72 3534 184 3590 iortlum
200 3541 230 3589 et
245 3534 405 3607 sapientium
422 3551 484 3590 cum
498 3535 684 3611 improborum
699 3539 845 3610 ignominia
866 3540 1034 3613 sempiternis

73 3618 256 3674 monumentis
270 3617 395 3690 prodere.
426 3634 495 3690 quae
510 3636 592 3691 quom
606 3628 648 3675 tot
662 3637 706 3676 res
721 3630 863 3693 tantaeque
880 3623 945 3692 sint,
967 3637 1035 3694 quae
1119 3686 1124 3693 ,

72 3699 161 3757 inesse
175 3702 204 3757 ln
220 3700 328 3756 homine
342 3702 540 3776 perspiciantur
555 3701 587 3758 ab
602 3704 645 3774 iis,
666 3705 712 3775 qui
732 3705 827 3778 seipsi
844 3702 928 3759 uelint
943 3719 1033 3776 nosse,

72 3798 164 3855 ¹eurum
179 3799 278 3859 parens
295 3793 337 3840 est
352 3784 543 3856 educatrlxque
558 3787 697 3859 sapientia.
