2378 4386
155 548 194 606 76
493 555 522 591 nr.
540 555 651 591 suumve
669 555 769 592 monuo.

154 697 248 738 omnes
264 689 292 736 et
307 682 330 735 si
347 680 455 736 ordines
466 679 564 752 reliqu!
577 680 704 752 principis
717 678 820 734 ordinis
831 677 945 735 consilio
958 695 1015 735 rem
1027 678 1114 753 publi·

153 781 210 821 cam
226 762 370 835 gubernari
385 763 488 833 uelint,
503 763 592 835 possit
608 778 641 817 ex
657 763 853 835 temperatione
868 763 943 832 iuris,
961 779 1022 819 cum
1037 771 1115 836 pote·

153 857 207 902 stas
221 847 249 902 in
264 845 378 918 populo,
401 846 547 902 auctoritas
567 846 594 901 in
610 849 706 901 senatu
721 847 772 917 sit,
797 847 882 901 teneri
898 845 944 901 ille
960 845 1113 903 moderatus

152 939 180 986 et
201 944 315 985 concors
333 930 451 985 ciuitatis
473 937 573 998 status,
593 931 753 1003 praesertim
774 929 799 983 si
820 930 956 1002 proximae
970 927 1024 1003 legi
1036 947 1114 1002 pare·

152 1013 318 1081 bitur3uam
333 1014 485 1084 proximum
499 1020 558 1070 est:
580 1013 609 1068 ls
633 1011 719 1068 ordo
743 1012 832 1067 uitio
856 1021 994 1085 cereto,
1018 1022 1115 1070 cete·

152 1098 201 1152 ris
223 1097 403 1169 specimen
426 1103 510 1153 esto.

216 1176 250 1245 Q.
270 1179 409 1236 Praeclara
430 1196 507 1251 uero,
528 1180 619 1246 irater,
639 1181 691 1235 ista
711 1178 763 1248 lex,
784 1178 832 1234 sed
855 1187 883 1234 et
903 1180 957 1235 late
978 1187 1063 1253 patet,
1084 1188 1116 1238 ut

152 1263 221 1319 uitio
238 1269 327 1320 careat
342 1263 421 1334 ordo,
437 1272 464 1320 et
479 1279 620 1320 censorem
636 1256 754 1335 quaerit¹
771 1264 955 1335 interpretem.

215 1342 264 1406 29.
285 1348 318 1404 A.
341 1347 389 1404 llle
408 1363 475 1404 uero
497 1349 549 1404 etsi
569 1354 633 1402 tuus
648 1354 691 1402 est
707 1353 781 1400 totus
797 1345 864 1402 ordo
880 1347 1114 1420 gratissimamque

153 1432 309 1488 memoriam
325 1433 424 1488 retinet
438 1430 595 1489 consulatus
612 1430 662 1501 tui,
678 1445 743 1502 pace
758 1438 804 1485 tua
819 1429 941 1500 dixerim,
961 1445 1017 1485 ucu
1032 1429 1114 1485 modo

153 1531 293 1586 censores,
308 1515 357 1572 sed
372 1518 452 1572 etiam
467 1513 568 1570 iudices
584 1528 677 1569 omnes
692 1520 785 1586 potest
800 1512 957 1587 defatigare.

217 1599 282 1656 lllll.
305 1597 345 1654 M.
369 1598 467 1656 Omitte
481 1599 544 1668 ista,
559 1597 663 1666 Attirs3
680 1599 821 1653 nonenim
836 1597 870 1653 de
885 1598 937 1654 hoc
952 1604 1048 1653 senatu
1063 1612 1115 1653 nec

153 1682 195 1739 his
214 1682 248 1739 de
268 1681 437 1754 homiuibus,
456 1682 501 1754 qui
517 1696 590 1737 nune
603 1688 682 1752 sunt,
697 1679 746 1737 sed
762 1680 926 1752 defuturis,
942 1682 965 1736 sl
980 1682 1028 1753 qul
1043 1680 1115 1737 iorte

153 1766 196 1822 his
217 1765 324 1839 legibus
344 1781 440 1840 parere
459 1762 608 1830 noluerint,
630 1764 696 1821 haec
717 1763 830 1821 habetur
845 1764 949 1833 oratio;
970 1780 1031 1821 nam
1053 1780 1115 1820 cum

154 1851 228 1905 omni
242 1851 310 1905 uitio
327 1864 419 1905 carere
433 1848 476 1903 lex
492 1847 593 1918 iubeat,
608 1864 643 1904 ue
654 1848 746 1903 ueniet
758 1847 866 1920 quidem
879 1848 906 1904 in
919 1864 979 1903 eum
992 1846 1114 1904 ordinem

154 1935 296 2005 quisquam
312 1933 370 1987 uitii
385 1931 531 2004 particeps.
562 1930 589 1987 id
604 1939 693 1987 autem
709 1929 819 1987 difficile
835 1930 909 1987 iactu
924 1939 967 1987 est
982 1932 1034 1986 nisi
1050 1930 1115 1986 edu-

153 2016 259 2071 catione
275 2012 387 2086 quadam
403 2021 431 2070 et
446 2014 601 2088 disciplina,
617 2014 651 2071 de
666 2031 720 2087 qua
734 2014 854 2070 dicemus
870 2013 972 2086 aliquid
986 2014 1115 2085 sortasse,

153 2098 177 2153 si
192 2097 257 2171 quid
272 2096 356 2153 luerit
370 2096 424 2153 loci
439 2105 486 2153 aut
502 2100 640 2173 temporis.

216 2177 269 2240 80.
290 2182 327 2237 A.
349 2179 438 2237 Locus
459 2189 534 2238 certe
554 2198 609 2237 nou
625 2181 728 2246 deerit,
752 2181 879 2255 quoniam
900 2189 977 2236 tenes
993 2179 1114 2237 ordinem

154 2265 257 2339 legum,
272 2272 379 2338 tempus
395 2280 461 2321 uero
476 2264 592 2338 largitur
606 2265 751 2338 longitudo
762 2265 826 2321 diei.
854 2280 906 2339 ego
917 2272 1018 2335 autem,
1033 2264 1115 2321 etiam

154 2349 178 2403 si
198 2349 386 2420 praeterieris,
407 2355 527 2423 repetam
546 2365 561 2404 a
581 2356 609 2406 te
623 2350 705 2405 istum
721 2348 754 2406 de
769 2348 929 2406 educatione
944 2348 1021 2405 etde
1036 2348 1116 2405 disci·

152 2431 227 2504 plina
242 2430 342 2488 locum.

216 2513 256 2573 M.
271 2515 311 2570 l'u
328 2531 393 2572 uero
406 2523 434 2573 et
448 2518 541 2589 istum,
550 2518 649 2590 Attice,
661 2523 690 2574 et
700 2518 724 2573 si
735 2533 815 2591 quem
827 2517 908 2574 alium
919 2512 1114 2592 praeiteriero.

154 2597 301 2670 celteris
324 2602 497 2674 specimen
524 2610 608 2657 esto.
652 2600 726 2674 quod
754 2603 777 2657 si
800 2598 964 2677 (tenemus),
991 2609 1115 2656 tenemus

154 2685 258 2740 omnia:
280 2691 313 2740 ut
335 2686 405 2740 enlm
426 2685 618 2758 cupiditatibus
638 2687 792 2758 principum
813 2692 841 2739 et
863 2686 936 2739 uitiis
958 2682 1028 2740 inlici
1044 2682 1116 2740 solet

153 2773 211 2823 tota
227 2769 338 2839 ciuitas,
359 2771 398 2826 sic
418 2762 553 2825 eluendari
573 2778 600 2823 et
621 2766 723 2839 corrigi
738 2768 913 2821 continentia.
943 2767 986 2820 uir
1001 2783 1116 2840 magnus

153 2858 182 2907 et
203 2850 282 2907 nobis
298 2853 423 2908 omnibus
438 2853 554 2921 amicus,
569 2848 599 2905 L.
614 2848 759 2918 Lucullus,
777 2847 931 2919 ferebatur,
952 2851 1029 2922 quasi
1043 2866 1116 2906 com·

155 2932 311 2988 modissime
327 2933 523 3006 respondisset,
539 2947 599 2987 cum
614 2938 689 2986 esset
703 2929 808 2986 obieeta
819 2929 1019 3005 magnificentia
1034 2930 1116 2987 uillae

153 3013 329 3084 Tusculanae,
351 3016 405 3071 duo
428 3030 458 3070 se
478 3012 577 3069 hahere
596 3014 717 3083 uicinos,
737 3014 907 3086 superiorem
922 3014 1041 3087 equitem
1062 3011 1115 3068 lio·

156 3111 274 3167 manum,
289 3095 446 3153 inferiorem
462 3096 630 3152 libertinum:
646 3112 762 3169 quorum
778 3111 839 3152 cum
850 3103 945 3153 essent
959 3095 1116 3169 magnificae

153 3178 245 3248 uillae,
266 3180 378 3235 concedi
399 3179 449 3235 sibl
470 3181 613 3251 oportere,
633 3177 706 3251 quod
727 3180 777 3251 iis,
799 3181 844 3252 qul
860 3179 997 3235 interioris
1012 3178 1115 3235 ordinis

153 3269 256 3331 essent,
271 3261 373 3322 liceret.
403 3254 482 3334 (set)²
493 3277 548 3317 non
562 3261 649 3334 uides,
660 3260 782 3332 luculle,
797 3277 811 3316 a
823 3270 851 3318 te
862 3262 986 3336 idipsum
998 3256 1117 3335 natum,³

152 3353 184 3401 nt
204 3344 243 3400 illl
265 3346 413 3418 cupereutl
435 3343 533 3418 quibus
554 3344 591 3414 ld,
613 3347 636 3401 si
659 3354 688 3402 tu
711 3345 907 3418 unalamer,
930 3361 984 3402 non
1011 3345 1115 3403 liceret.

152 3423 196 3487 ³1.
219 3429 280 3500 quis
301 3430 371 3484 euim
388 3427 472 3485 lerret
488 3429 568 3498 istos,
585 3444 645 3484 cum
661 3429 766 3485 uideret
782 3445 876 3485 eorum
891 3428 970 3485 uillas
985 3431 1072 3504 signis
1088 3438 1116 3487 et

152 3509 251 3568 tabulis
274 3511 399 3583 relertas,
420 3513 518 3586 partim
540 3510 665 3587 publicis,
688 3513 785 3586 partim
807 3513 886 3570 etiam
908 3514 991 3569 sacris
1007 3522 1035 3569 et
1049 3512 1115 3569 reli·

152 3595 254 3669 giosisl
282 3595 328 3668 qui
355 3611 410 3652 uon
433 3595 573 3669 frangeret
597 3613 691 3653 eorum
712 3595 846 3668 libidines,
865 3597 918 3652 nisi
933 3596 970 3652 llll
986 3598 1047 3668 ipsi,
1069 3598 1116 3672 qui

152 3695 196 3736 eas
209 3678 338 3754 frangere
347 3679 485 3752 deberent,
498 3679 654 3756 cupiditatis
666 3678 786 3737 eiusdem
798 3680 975 3737 tenerentur?
990 3679 1054 3736 lllV.
1067 3697 1117 3736 nec

225 3857 246 3926 ¹)
255 3860 300 3912 Ex
311 3861 424 3913 iuratis·
431 3865 463 3926 qi.
472 3870 569 3927 quaerat
577 3860 677 3912 ABed.
688 3860 720 3911 V.
742 3856 764 3927 ⁹)
771 3860 881 3911 Addidi.
897 3857 1018 3927 unatim
1028 3860 1116 3910 datum.
