2378 4386
19 21 1126 350 m

274 152 318 165 -fl'fl'

128 597 188 662 750
347 614 444 651 esaum
463 614 516 651 ara.
536 615 596 651 nort.
615 613 702 651 ramo.
723 602 854 653 ‘tt-106.

190 740 238 800 98.
273 735 397 799 ¹Paullus
420 742 575 817 respondit,
603 743 804 817 stipulationem
832 743 939 816 quidem
961 743 989 798 iu
1013 743 1090 800 inutrc

127 843 217 885 casum
240 836 395 899 conceptam
419 840 481 883 cvm
503 841 639 899 noema,
662 843 739 884 unna
762 827 855 882 utilem
877 842 953 893 esse,
980 829 1088 883 etiamsi

127 911 211 966 'mixti
227 903 320 967 casus²
335 926 390 965 non
405 911 616 978 interuenirent3
640 918 671 967 ut
685 920 773 967 autern
791 911 823 965 de
839 910 903 965 dote
921 925 979 979 sua,
1002 926 1087 983 quarn

126 993 196 1067 apud
213 995 337 1050 maritum
356 991 448 1063 habet,
471 993 578 1050 mulieri
601 996 694 1050 testari
716 994 806 1063 liceat,
827 994 960 1049 inutiliter
982 1010 1087 1050 conue-

125 1078 198 1133 nisse
214 1077 308 1133 uideri.

187 1155 237 1217 99.
269 1159 378 1216 Paullus
406 1158 564 1234 respoudit,
592 1158 785 1217 tiliamlarnilias
814 1176 845 1217 ex
868 1159 940 1216 dotis
963 1160 1089 1219 dictione
1100 1183 1126 1233 [u

126 1242 240 1317 obligari
256 1260 309 1300 non
326 1238 473 1318 potuisse.³

188 1323 255 1384 100.
280 1322 401 1385 ⁴‘linter
415 1343 466 1401 pro
482 1324 534 1383 lilia
557 1335 661 1400 partem
676 1327 748 1384 dotis
763 1325 850 1396 dedit,
874 1335 978 1401 partem
1000 1328 1087 1398 dinit3

124 1409 180 1469 lilia
195 1414 221 1467 in
237 1413 408 1468 matrimonio
424 1411 550 1481 decessit,
569 1411 670 1467 relictis
685 1410 747 1467 tiliis
767 1426 799 1466 ex
822 1410 873 1466 alio
890 1413 1088 1480 matrimonio;

125 1512 227 1569 quaero
242 1495 275 1551 de
290 1498 348 1552 iure
363 1492 459 1551 dotis'.
494 1494 603 1551 Paullus
618 1493 768 1567 respondit,
784 1509 851 1562 eam,
867 1509 936 1566 quae
951 1495 1016 1551 data
1031 1507 1087 1568 est,

125 1590 231 1637 mortua
245 1580 272 1635 in
288 1579 459 1635 matrimonio
475 1578 600 1648 muliere,
623 1578 693 1651 apud
709 1579 797 1634 uirum
811 1579 990 1647 remansisse3
1015 1596 1085 1643 eam,

125 1680 193 1737 quae
209 1662 279 1718 dicta
294 1671 337 1719 est
352 1679 366 1718 a
381 1671 481 1734 matre,
503 1655 595 1736 'perti
615 1676 669 1717 non
684 1676 775 1735 posse.

188 1741 254 1803 101.
277 1745 386 1802 Paullus
407 1739 575 1820 respondit,⁰
596 1743 676 1800 rebus
699 1760 754 1800 non
778 1745 924 1801 aestimatis
945 1747 974 1802 iu
991 1746 1087 1804 dotem

124 1828 193 1885 datis
209 1831 333 1886 rnaritum
349 1828 466 1902 culpam,
484 1844 539 1885 non
554 1829 634 1884 etlatu
650 1827 800 1902 periculum
816 1836 953 1902 praestare
969 1830 1085 1889 debere.

187 1908 256 1972 tot.
285 1909 332 1973 Ἱ..
348 1912 435 1969 Titius
451 1927 512 1970 curn
527 1921 600 1968 esset
613 1913 640 1967 iu
657 1913 741 1984 patris
756 1919 902 1984 potestate,
919 1911 1034 1970 absente
1049 1931 1084 1971 eo

123 1996 200 2054 duxit
219 1999 246 2054 ln
268 1997 465 2053 matrimonium
481 1996 624 2069 Septiciam
646 1994 849 2065 iliamiamilias,
871 1996 948 2052 cuius
971 2000 1084 2055 nomine

123 2080 214 2137 dotem
230 2082 331 2154 accepit
344 2097 358 2135 a
374 2089 464 2153 patre;
480 2088 573 2152 postea
589 2079 749 2151 superuenit
764 2087 850 2151 pater,
866 2095 921 2151 quo
936 2091 1084 2154 praesente

122 2163 234 2220 durauit
248 2166 274 2221 in
291 2164 360 2219 diem
376 2164 470 2218 mortis
486 2160 533 2218 lilii
543 2163 757 2230 matrimonium
774 2162 945 2235 postmodum
960 2162 1080 2219 decessit

123 2245 153 2307 t.
170 2247 272 2302 'litiuse
289 2260 401 2319 quaero,
418 2260 450 2300 an
462 2261 494 2302 er
507 2260 551 2313 eo,
566 2244 638 2318 quod
649 2262 704 2302 non
716 2246 878 2302 contradixit
894 2255 982 2321 pater,
996 2248 1082 2303 etiam

122 2328 194 2385 dotis
210 2328 311 2384 dationi
327 2330 497 2386 consensisse
514 2327 648 2395 uideatur,
670 2338 697 2385 et
713 2328 774 2386 ideo
791 2331 897 2386 actione
911 2332 951 2386 rei
967 2333 1083 2388 uxoriae

122 2409 170 2468 tilii
191 2413 300 2468 nomine
328 2411 487 2468 teneaturt’
532 2412 639 2469 Paullus
668 2405 837 2485 respoudit,⁷
865 2422 970 2487 patrem
999 2418 1083 2472 etlam

121 2504 217 2570 postea
232 2498 334 2569 nuptiis
349 2497 562 2554 consentientem
575 2505 602 2552 et
617 2498 814 2553 matrimonium
827 2495 873 2553 filii
888 2498 931 2554 sul
946 2507 976 2554 ct
987 2498 1082 2556 dotem

122 2578 244 2655 eidcere;
261 2588 288 2636 et
300 2579 369 2636 'ideo
382 2581 421 2636 rei
434 2582 543 2637 uxoriae
555 2578 652 2636 iudicio
663 2577 709 2654 (ot)
719 2579 825 2652 uulgari
837 2582 976 2637 conueniri
985 2599 1082 2657 posse,

123 2658 224 2739 (etlaex
240 2680 355 2738 persona
368 2658 440 2735 titud
455 2666 482 2721 in
497 2664 587 2738 'quam
597 2659 744 2720 actionem⁹
759 2664 859 2740 peculii
869 2667 1010 2738 quantitas
1027 2662 1082 2724 'de-

121 2772 202 2779 ——-
209 2772 332 2779 .-———.

121 2831 213 2875 rentur
227 2832 252 2873 et
265 2823 296 2874 od
311 2816 524 2888 opotore'leutor
543 2824 625 2886 facile
639 2824 762 2875 excidere
777 2826 917 2887 potuerint.
950 2824 989 2887 Cs.
1006 2827 1030 2889 ξ.
1046 2840 1081 2880 aa.

124 2892 144 2958 ¹)
160 2895 198 2956 Cf.
214 2894 245 2944 L.
260 2906 281 2944 t.
303 2894 328 2943 C.
344 2895 375 2942 de
390 2893 507 2943 contrad.
522 2895 580 2958 stip.
596 2893 632 2958 (a,
646 2893 691 2959 aa).
715 2893 771 2943 aaa.
786 2906 808 2956 s,
823 2905 868 2945 too.
944 2891 964 2957 ²)
980 2898 998 2948 i.
1015 2913 1037 2946 e.
1053 2900 1081 2948 in

121 2966 237 3014 mulieris
250 2965 416 3027 stipulatione
431 2961 499 3014 ‘dunt
512 2960 622 3014 moriar'
638 2965 750 3014 admixti
763 2978 847 3022 cacus,
858 2966 925 3013 uelut
934 2973 1082 3018 sectaturae

120 3035 153 3085 de
167 3036 225 3085 dote
240 3037 278 3083 uel
293 3037 382 3084 mortis
399 3050 475 3084 :aueo
486 3035 646 3085 duraturae:
659 3037 704 3098 qui
713 3035 888 3084 condicionem
899 3050 950 3085 non
962 3038 1081 3099 fuciunt,

120 3107 181 3169 quio
196 3119 265 3154 mens
280 3108 317 3153 ito
329 3107 478 3169 stipulantes
492 3112 542 3163 est,
564 3111 591 3153 ut
604 3104 679 3154 lieres
692 3113 808 3167 repetere
822 3105 903 3154 dotem
914 3109 1008 3168 possit.
1039 3109 1079 3172 Cf.

120 3175 152 3225 L.
168 3186 201 3226 25.
226 3176 250 3224 C.
266 3175 298 3224 de
313 3178 363 3223 iur.
379 3176 430 3225 dot.
445 3174 481 3238 (a,
496 3173 540 3238 ta).
560 3174 592 3223 L.
606 3186 627 3224 t.
654 3174 679 3224 G.
699 3175 731 3223 de
750 3181 832 3225 contr.
851 3178 890 3224 oei
909 3191 997 3225 comm.
1016 3181 1079 3242 stip.

120 3244 155 3308 (8,
169 3246 214 3309 aa).
248 3245 402 3294 Promittere
421 3245 503 3293 dotent
520 3245 658 3306 stipulanti
680 3242 747 3294 ‘curn
767 3241 888 3294 moriere’
911 3249 1006 3296 mulier
1027 3265 1081 3299 non

117 3324 209 3377 potest.
238 3313 269 3362 L.
286 3326 319 3364 ao.
335 3325 367 3364 to.
388 3314 419 3361 D.
435 3314 466 3361 de
481 3314 498 3360 i.
513 3314 564 3363 dot.
580 3313 624 3375 (aa,
639 3312 671 3379 a).
693 3341 725 3351 -
745 3317 835 3365 mortis
849 3330 929 3365 coueo
943 3324 968 3365 et
983 3319 1081 3370 deinde

121 3385 275 3434 interueniret
290 3386 322 3445 ej.
337 3390 362 3431 et
376 3383 415 3430 ed.
432 3381 545 3431 dioniius.
576 3382 632 3433 Non
643 3384 735 3448 prodo.
788 3382 809 3451 ⁸)
826 3385 885 3435 Cum
900 3393 1011 3437 tutorem
1025 3406 1080 3440 non

120 3453 223 3509 lubeat,
239 3467 288 3516 quo
302 3460 408 3501 auctore
423 3451 536 3517 oblipori
548 3455 641 3517 possit.
671 3455 709 3518 Cf.
724 3457 747 3516 ξ.
763 3467 796 3507 to.
821 3455 842 3504 Ι.
862 3457 894 3505 de
913 3459 1000 3507 inutil.
1015 3464 1078 3524 etim

119 3522 151 3589 (a,
167 3523 210 3587 ao).
233 3522 289 3571 Gai.
305 3535 325 3581 r,
341 3533 386 3573 roe.
401 3534 422 3580 a,
438 3534 483 3574 roo.
499 3535 546 3575 tta.
574 3523 629 3587 Uip.
645 3538 683 3586 rr,
702 3536 735 3576 ao.
809 3524 831 3589 ⁴)
848 3526 887 3589 Cf.
906 3526 961 3590 uu.
978 3540 1005 3588 o,
1019 3541 1042 3585 s.
1056 3544 1079 3582 a.

121 3593 142 3658 ὓ)
158 3594 234 3656 repeti
254 3592 312 3641 Vat.
335 3592 389 3641 Sed
402 3595 510 3643 maritus
519 3596 647 3645 inutiliter
656 3596 751 3644 dictam
760 3597 842 3645 dotem
853 3605 943 3660 petere
953 3615 1006 3649 non
1016 3610 1080 3664 pot·

119 3673 164 3713 eet.
194 3678 220 3712 re
235 3671 357 3712 comatre
372 3664 497 3714 adhaesit.
550 3662 572 3731 ο)
589 3666 626 3729 Cf.
643 3664 674 3714 L.
689 3677 709 3716 a.
725 3668 778 3728 §.a
799 3667 831 3714 D.
847 3670 965 3718 commod.
984 3671 1030 3733 (ta,
1045 3676 1078 3736 a).

119 3733 151 3783 L.
167 3747 186 3784 t.
203 3736 225 3794 ξ.
241 3745 261 3784 o.
281 3733 312 3782 D.
328 3736 359 3784 cle
374 3736 425 3784 dot.
437 3738 522 3799 prael.
537 3735 583 3799 (ta,
597 3736 620 3802 t)
634 3743 681 3785 etc.
738 3733 757 3801 ¹)
775 3737 812 3798 Cf.
827 3738 858 3785 L.
874 3749 893 3788 5.
916 3739 941 3788 (ἶ
957 3741 990 3790 tle
1005 3749 1079 3807 nupt.

120 3803 197 3870 (ut).
214 3805 244 3853 L.
261 3816 293 3855 68.
319 3805 350 3854 D.
366 3807 462 3855 alcior.
478 3806 529 3856 dot.
549 3805 645 3872 (emt).
719 3803 740 3873 ⁸)
755 3806 915 3856 BcSooiuii
929 3812 962 3872 ς).
980 3812 1035 3861 ideo
1051 3828 1079 3863 ex

118 3890 221 3938 persona
243 3876 284 3924 tttti
306 3877 341 3925 rei
363 3878 459 3925 uxoriae
484 3876 571 3926 iudicio
596 3878 686 3938 uulgari
710 3878 833 3927 conueniri
855 3893 926 3942 posse
952 3881 1013 3931 Vat.
1037 3884 1078 3933 ed.

120 3945 212 3996 Heliae.
241 3946 366 3997 Similiter
380 3947 426 3996 sed
440 3955 570 4010 eupuncta
585 3962 646 3997 eooe
660 3948 750 4010 uulgari
764 3949 803 3997 ed.
819 3948 931 3999 alonna.
994 3949 1017 4018 ⁹)
1032 3952 1081 4004 Sic
