2378 4386
272 533 392 570 4444444444
405 533 555 571 sennocae
568 518 602 586 (4)
616 534 657 571 en.
671 533 774 570 44444444.
792 520 903 569 11-14,
995 514 1061 580 431

112 663 249 720 missione'
271 679 325 720 non
348 656 499 736 uersntnr3¹
522 655 603 719 iicet²
617 662 748 720 Proculus
769 654 997 733 ’444441444444444,4
1019 680 1061 720 ac·

112 763 234 804 crescere
249 740 320 803 ’eum
335 740 445 803 socio⁴z
459 746 520 820 'qua
535 747 667 803 sententia
682 763 737 802 non
754 740 881 802 utimur.⁵

65 845 101 892 44]
172 827 213 887 11.
229 830 424 904 Proprietarius
439 847 499 886 eum
515 846 634 902 seruum,
649 831 726 887 cuius
741 829 914 887 ususfructus
929 830 962 886 ad
977 830 1058 887 alium

110 917 238 988 pertinet,
253 930 309 970 non
324 922 416 988 potest
428 914 543 971 uindicta
555 919 751 981 manumittere,
765 912 889 970 obstante
900 913 1058 986 usufructu3

111 1000 174 1055 etsi
195 999 379 1054 manumiserit
398 1013 459 1054 enm
480 997 613 1068 uindicta,
634 998 713 1054 iactet
733 1013 841 1054 seruum
860 998 919 1054 sine
938 997 1057 1055 domino.

111 1082 157 1137 sed
174 1079 295 1137 Latinum
312 1079 398 1155 (inter
412 1085 518 1139 amicos
532 1083 752 1137 manumittendo
764 1081 869 1153 facere
878 1089 984 1153 potest,
1000 1089 1058 1139 tum

111 1168 228 1236 scilicet,
243 1182 307 1282 cum
322 1164 509 1238 ususfructus
522 1182 579 1223 44444
594 1171 704 1222 mutatu
714 1167 826 1220 interim
836 1167 984 1224 uoluntate
994 1168 1058 1238 fini·

111 1249 245 1320 inserit).

173 1329 218 1391 12.
239 1332 401 1406 Peregrinus
416 1334 593 1389 manumissor
606 1348 716 1388 seruum
731 1346 785 1387 oon
801 1339 892 1405 potest
905 1330 948 1387 ’ad
959 1331 1058 1388 Latini·

111 1424 192 1472 tatem
207 1409 380 1490 perducere‚⁷
396 1418 459 1491 qnia
472 1416 515 1472 lea
531 1415 614 1487 lunia,
630 1432 698 1490 quae
710 1414 863 1470 Latinorum
875 1430 963 1488 genus
973 1417 1057 1471 intro·

111 1499 197 1569 duxit,
213 1517 268 1556 uon
283 1501 401 1572 pertinet
416 1499 447 1554 ad
462 1501 635 1572 peregrinos,
656 1501 727 1556 sicut
742 1505 768 1553 et
784 1496 936 1554 Octauenus
950 1497 1057 1573 probat.

110 1582 221 1638 Praetor
235 1582 351 1656 ’44444444
366 1585 411 1639 uei
430 1577 615 1656 proconsut)⁸
634 1598 689 1638 non
708 1583 847 1656 permittet
865 1583 1057 1639 manumissum

111 1665 767 1740 mmmfflfflfflmmwmmwm

173 1745 220 1807 18.
243 1749 329 1805 ilinor
352 1749 447 1822 uiginti
469 1765 597 1805 annorum
620 1752 808 1806 manumittere
829 1765 917 1822 neque
939 1749 1057 1806 uindicta

110 1842 202 1906 potest
223 1849 312 1906 neque
328 1840 498 1902 testamento,
521 1835 611 1907 itaque
632 1850 683 1890 nec
698 1831 817 1889 Latinum
839 1831 928 1889 iacere
949 1841 1056 1907 potest;

111 1924 212 1972 tanturn
228 1919 298 1973 enirn
313 1915 384 1990 apud
399 1915 540 1973 consilium
555 1923 646 1990 potest
657 1918 845 1974 manumittere
858 1931 967 1973 seruum
978 1932 1057 1972 suurn

111 2000 326 2074 mmmmm

174 2082 218 2142 14.
234 2084 258 2139 is
273 2093 373 2153 autem,
393 2086 438 2157 qui
455 2084 650 2139 manumittitur
664 2086 734 2140 inter
748 2086 856 2154 amicos,
873 2092 1058 2158 quotcumque

112 2176 152 2223 est
167 2184 310 2235 annorum,
327 2165 436 2223 Latinus
452 2160 512 2231 firi
527 2176 554 2223 et
570 2175 671 2223 tanturn
692 2169 716 2224 ei
737 2168 789 2224 hoc
809 2168 921 2242 prodest
936 2168 1057 2242 'triginta

186 2383 206 2451 ¹)
220 2401 251 2436 44
264 2401 487 2469 ηστρεφεταιε
485 2389 509 2437 in
524 2402 569 2451 qna
583 2389 683 2438 nertitnr
692 2386 812 2453 (seruatur
821 2389 938 2456 Lachne.)
953 2389 983 2439 V.
998 2391 1056 2440 edri.

113 2457 266 2520 Cor-ruptum
280 2458 345 2506 iliud
356 2474 391 2507 44
405 2449 438 2508 οὖ
453 2473 491 2523 μη
481 2452 663 2523 στρέφεται.
714 2455 735 2524 ¹)
749 2474 782 2511 44.
798 2475 853 2508 uus.
865 2481 898 2502 =
908 2468 932 2508 et
941 2475 1010 2522 quam
1023 2461 1056 2513 V

112 2529 219 2591 quamuis
234 2527 338 2576 Lacon.
411 2525 432 2592 ³)
447 2528 597 2594 4444444444
612 2551 644 2570 =
659 2529 812 2600 estimarent,
827 2529 911 2593 phere
914 2530 945 2578 rit
963 2529 993 2578 V.

111 2594 226 2664 4)μ4444.
246 2613 378 2649 ussurus
396 2619 430 2640 ει
449 2607 478 2648 cu
496 2601 558 2648 sotio
578 2598 608 2646 V.
636 2580 681 2646 Eis
699 2606 728 2645 ett
747 2613 803 2646 cum
818 2599 917 2658 suctum
934 2609 1000 2647 44444
1018 2607 1057 2655 44,

111 2670 178 2717 nlius
191 2669 239 2719 iioc
253 2671 330 2718 vertit
342 2684 419 2734 μετα.
493 2666 514 2734 4)
529 2684 562 2719 ov
581 2685 614 2733 τη
632 2682 729 2732 yumun
747 2666 881 2730 χρωμεθα
896 2687 929 2708 =
943 2680 988 2729 qua
1003 2681 1057 2714 sen·

111 2741 183 2787 tentia
197 2740 285 2788 utimur
303 2739 334 2787 V.
360 2731 459 2788 Sed’
427 2756 473 2797 nu,
492 2740 588 2803 quod'
578 2754 605 2787 444
623 2738 782 2800 superiorem
800 2750 900 2784 4444444444
918 2735 1057 2794 oberravit,

112 2809 281 2871 reponendum
295 2817 332 2858 est
342 2817 401 2858 ante
411 2803 553 2875 χρώμεθα.
579 2809 618 2871 Cf.
627 2808 733 2857 similem
742 2805 880 2855 Scaeuolae
890 2807 972 2855 locum
981 2804 1012 2853 L
1023 2816 1057 2856 88.

111 2881 134 2940 5.
149 2891 169 2929 8
194 2879 226 2930 D
240 2880 359 2929 desolent.
378 2878 427 2945 (48,
446 2879 469 2945 8)
487 2886 512 2928 44
530 2879 561 2927 L.
576 2891 596 2930 8.
611 2880 635 2940 5.
649 2889 670 2927 8
694 2877 726 2925 Ι)
745 2874 812 2941 quib.
827 2875 891 2925 mod.
908 2877 1056 2941 4449444414.

111 2949 156 3014 (20,
170 2948 209 3013 e),·
222 2949 254 2998 de
267 2964 295 2999 re
313 2949 400 3014 Utpn,
415 2962 447 3001 48.
469 2949 543 2999 Paul.
558 2962 580 3006 4,
595 2950 658 3011 485
682 2944 853 3012 44)Ταὶ4
868 2946 1057 3010 quidsuppIen·

110 3019 176 3069 dum.
204 3017 260 3069 Non
274 3020 339 3069 idern
353 3022 444 3069 uniet
434 3036 460 3068 rn
475 3022 670 3070 manumissione
684 3019 799 3068 vindicta
813 3016 882 3083 (Uip.
898 3030 918 3076 1,
934 3015 977 3084 48),
992 3034 1058 3083 quae

110 3104 234 3153 supressa
248 3091 400 3140 condicione
420 3092 458 3139 oei
476 3091 518 3139 die
537 3091 644 3139 uitiatur
663 3089 706 3156 (de
719 3091 799 3139 tacita
813 3089 864 3138 oid.
880 3088 912 3137 L.
927 3099 960 3140 48.
979 3088 1011 3138 Ι).
1025 3090 1058 3139 de

110 3176 215 3210 4444444444.
225 3172 260 3218 to,
270 3160 293 3224 4)
306 3167 331 3210 44
343 3162 371 3208 r'n
385 3175 436 3224 qua
450 3161 490 3208 ius
504 3168 528 3209 et
542 3162 650 3219 initium,
666 3175 716 3210 non
730 3162 994 3223 uoluntasspeciatur.
1019 3160 1058 3210 De

110 3232 300 3280 testamentoria
318 3232 513 3279 uranumissione
532 3230 608 3279 Ictus
626 3231 650 3279 4.
671 3234 687 3280 i.
707 3245 758 3280 non
778 3232 848 3296 49444
868 3231 969 3281 idcirco
984 3238 1057 3294 puto,

110 3303 228 3364 quoniam
241 3317 273 3350 eu
286 3303 427 3366 4449444444
441 3307 577 3349 tractatum
596 3301 717 3356 4444444444
735 3303 762 3349 in
776 3317 807 3351 444
825 3302 903 3360 enim,
923 3309 950 3350 ut
968 3303 1058 3351 condi·

110 3373 195 3421 cinnes
209 3380 319 3428 taceam,
339 3378 410 3420 4444444
428 3372 497 3419 serui
509 3379 649 3434 spectatur.
680 3371 743 3421 Nom
761 3374 844 3421 minor
857 3378 919 3419 m
931 3387 1057 3421 4444444444

110 3449 256 3492 testamento
274 3443 443 3490 manumissus
461 3441 571 3491 Latinus
586 3444 616 3504 fit
635 3443 741 3505 ideoque
759 3445 833 3490 44444444
848 3458 864 3491 a
878 3442 1057 3523 proprietario

109 3520 178 3563 44444
194 3515 234 3561 sic
254 3514 454 3565 manumittetur-r
473 3526 548 3562 secus
568 3515 595 3561 r'n
616 3515 789 3562 maiorem
805 3527 942 3569 annorum,
964 3511 1015 3559 nisi
1033 3517 1057 3558 44

109 3582 176 3633 iuno
190 3589 297 3633 44444444
312 3582 433 3632 Latinum
447 3589 543 3632 tantum
554 3584 645 3647 [44444
659 3584 776 3632 voluerit.
807 3582 845 3644 Cf.
859 3581 890 3633 L.
906 3591 939 3632 15.
954 3582 996 3630 cit.

110 3649 129 3711 4)
144 3669 215 3718 προς
227 3655 341 3705 44444444
355 3646 580 3718 (portuensium)
594 3667 674 3717 austu
685 3674 718 3694 ==
728 3652 757 3701 ad
773 3653 869 3701 iatinum
880 3651 1010 3713 perducere
1025 3648 1056 3696 V

109 3716 251 3790 4444444444
266 3721 543 3789 recensus-Latmum
553 3721 673 3773 taceres
684 3722 788 3773 Lucum.
812 3721 936 3770 8444144444
948 3719 1057 3797 facilior

109 3795 183 3847 lectio
197 3810 232 3845 ex
249 3796 336 3858 944444
354 3796 457 3845 uidetur
475 3803 558 3846 4444444.
624 3789 795 3856 ⁸)Supp1eoi,·
809 3791 975 3853 proconsuie's
992 3788 1057 3834 enirn

109 3880 182 3927 quarn
196 3865 305 3914 4444444444
315 3864 356 3913 iric
366 3863 459 3915 mentio
470 3883 499 3916 44·
500 3872 526 3914 at
538 3861 670 3925 facienda.
716 3858 738 3927 4)
748 3875 770 3908 44
766 3860 852 3908 'modo
862 3865 924 3905 m
932 3868 1056 3905 annorum
