2378 4386
366 602 390 639 0.
409 602 549 646 Aqmmvs
568 600 676 639 danus.

280 836 314 902 O.
337 835 572 912 AQVILLIVS
595 834 765 900 GALLVS

389 957 496 1022 (praetor
514 973 535 1008 a.
555 973 577 1006 u.
597 955 654 1020 sss).

104 1065 129 1123 1.
152 1066 317 1124 Stomachari
339 1063 447 1124 Canius.
483 1064 535 1119 Sed
556 1062 622 1136 quid
643 1062 764 1118 laceret?
790 1064 910 1120 nondum
933 1067 1003 1122 enim

40 1148 319 1223 Aquillius,›collega
333 1157 361 1204 et
376 1147 512 1203 familiaris
527 1163 618 1214 meus,
639 1145 790 1219 protulerat
804 1147 837 1202 de
853 1147 916 1204 dolo
933 1149 1001 1204 malo

41 1232 180 1290 formulas.
211 1231 240 1287 ln
256 1231 352 1306 quibus
367 1233 434 1304 ipsis
449 1246 510 1286 cum
525 1246 557 1284 er
580 1245 612 1284 eo
633 1239 820 1301 quaereretur,
844 1230 908 1304 quid
931 1242 1004 1289 esset

40 1315 118 1372 dolus
141 1315 245 1370 malus?
267 1312 461 1388 respondebat:
488 1328 549 1369 eum
572 1320 643 1367 esset
658 1312 731 1368 aliud
745 1314 910 1387 simulatum,
931 1316 1002 1372 aliud

40 1407 138 1456 actum.
155 1427 193 1437 —
210 1396 264 1454 Cle.
287 1391 320 1454 de
342 1395 413 1455 oilie.
436 1391 466 1466 3,
490 1394 538 1451 14.
561 1395 590 1466 3.
607 1395 657 1454 60.
689 1395 729 1452 Gi.
752 1414 775 1453 c.
794 1397 843 1454 15.
859 1399 886 1470 3.
904 1399 954 1456 61.
971 1400 1003 1455 de

40 1491 95 1539 nat.
112 1482 188 1540 deor.
205 1480 236 1553 3,
252 1481 301 1539 30.
319 1481 349 1552 3.
366 1479 417 1538 74.

104 1582 133 1644 2.
157 1581 266 1640 Solebat
293 1581 376 1654 igitur
397 1579 544 1652 Aquillius,
573 1579 677 1653 collega
706 1580 1051 1654 etlamiliarismeus,[1sr

41 1684 124 1740 quum
146 1667 179 1722 de
201 1664 328 1721 litoribus
351 1670 494 1736 ageretur,
517 1680 586 1738 quae
610 1665 697 1721 omnia
713 1665 818 1739 publica
834 1684 894 1723 esse
908 1668 1003 1739 uultis,

41 1747 231 1823 quaerentibus
253 1749 297 1815 iis,
319 1745 352 1800 ad
375 1762 444 1820 quos
467 1748 493 1803 id
516 1748 678 1822 pertinebat,
702 1750 766 1824 quid
782 1759 855 1807 esset
870 1751 946 1824 litus,
966 1753 1003 1807 ita

41 1831 167 1901 delinire:
190 1833 254 1905 ‘qua
278 1827 377 1886 iluctus
397 1830 542 1887 eluderet’.
559 1832 668 1887 -Cio
689 1834 757 1907 Top.
780 1835 808 1890 7.
832 1835 860 1905 3.
882 1835 932 1892 32.
963 1834 1003 1892 34.

41 1917 135 1974 boeth.
150 1916 191 1972 lll.
207 1932 234 1988 p.
251 1911 321 1970 333.
339 1912 421 1970 0rell.
438 1913 549 1983 Quintil.
562 1915 582 1975 l.
599 1914 628 1971 0.
645 1915 674 1984 5,
692 1916 741 1970 ult
758 1917 786 1986 3.
804 1917 853 1973 34.

103 2014 198 2074 8.-
214 2013 243 2068 3.
259 2013 384 2070 Visellius
400 2015 491 2085 Varro,
509 2017 586 2089 graui
602 2013 696 2072 morbo
713 2023 866 2090 correptus,
882 2026 1003 2074 trecenta

41 2099 112 2155 milia
133 2113 272 2154 nummum
296 2097 328 2153 ab
350 2099 460 2156 Otacilia
480 2101 635 2170 Laterensi,
657 2114 718 2154 cum
741 2115 792 2172 qua
814 2103 1003 2159 commercium

40 2181 155 2239 libidinis
170 2182 314 2255 babuerat,
329 2200 446 2257 expensa
461 2182 526 2239 lerri
542 2181 593 2239 sibi
609 2198 705 2255 passus
721 2190 810 2238 esico
827 2184 957 2255 consilio,
974 2195 1004 2240 ut

43 2267 65 2322 sl
79 2265 251 2337 decessisset,
268 2266 300 2322 ab
316 2265 458 2322 heredibus
474 2283 531 2321 eam
547 2282 676 2322 summam
688 2272 810 2338 peteret3
828 2284 908 2340 quam
920 2268 1003 2342 legati

41 2366 128 2425 genus
143 2365 203 2406 esse
218 2350 316 2422 uoluit,
332 2350 499 2406 libidinosam
510 2349 697 2405 liberalitatem
713 2347 796 2404 debiti
809 2352 917 2407 nomine
929 2352 1003 2408 colo·

40 2432 135 2490 raudo.
160 2433 250 2489 Euasit
261 2434 357 2491 deinde
370 2433 494 2489 Visellius
507 2450 538 2489 er
553 2433 598 2488 illa
614 2440 775 2506 tempestate
790 2433 922 2489 aduersus
938 2445 1003 2491 uota

41 2516 178 2574 Otaciliae.
209 2516 281 2585 Quae
297 2519 405 2588 oliensa,
431 2517 504 2591 quod
526 2533 601 2590 spem
625 2517 739 2590 praedae
760 2532 825 2572 suae
845 2527 933 2574 morte
949 2536 1003 2576 non

41 2609 218 2673 maturasset,
248 2618 279 2657 er
303 2604 385 2659 amica
409 2600 568 2674 obsequenti
590 2599 680 2656 subito
703 2600 859 2657 destrictam
881 2601 1003 2659 loenera·

41 2685 135 2741 tricem
158 2702 239 2759 agere
261 2689 352 2761 coepit
367 2702 489 2741 nummos
509 2684 638 2759 petendo,
662 2701 730 2757 quos
746 2693 776 2740 ut
791 2685 882 2742 ironte
898 2688 1003 2744 inuere-

41 2768 139 2839 cunda,
153 2770 189 2825 ita
201 2772 271 2826 inani
282 2770 457 2845 stipulatione
472 2777 633 2841 captauerat.
661 2768 695 2822 lle
713 2784 765 2842 qua
776 2784 806 2824 re
818 2769 847 2826 3.
860 2771 1003 2848 Aquillius,

41 2853 84 2908 uir
98 2869 209 2926 magnae
226 2856 392 2910 auctoritatis
407 2859 435 2906 et
450 2853 563 2907 scientia
578 2852 643 2907 iuris
660 2851 745 2907 ciuilis
762 2853 907 2925 excellens,
924 2856 1002 2911 iudex

41 2935 173 3008 addictus,
194 2938 318 2993 adhibitis
332 2939 360 2993 in
372 2935 514 2991 consilium
529 2935 693 3009 principibus
709 2938 837 3008 ciuitatis,
860 2939 1002 3012 prudentia

41 3029 69 3076 et
83 3021 216 3094 religione
231 3038 279 3077 sua
299 3021 438 3076 mulierem
458 3020 567 3093 repulit.
584 3050 625 3059 -
642 3019 730 3076 Valer.
748 3021 815 3076 liar.
833 3021 862 3092 3,
880 3022 908 3077 2.
927 3022 956 3092 3.
974 3022 1002 3076 2.

104 3119 168 3180 4..
179 3111 337 3196 .3ς(Γάἰὀς
347 3110 558 3193 Ἀκυλιος).
577 3120 731 3194 ..quim
744 3122 887 3194 Aquilaria)
898 3120 1001 3191 refert,

41 3198 347 3279 φησινᾶμεληθεισών
357 3221 426 3260 ποτε
438 3209 497 3259 τῶν
548 3208 696 3278 neglectas
711 3206 869 3279 aliquando
885 3206 1003 3260 cloacas

41 3281 164 3365 τάφρων
179 3285 230 3345 καὶ
248 3283 352 3364 μηκέτι
366 3285 496 3363 dropace·
548 3305 602 3345 nee
624 3293 747 3362 amplius
775 3305 880 3361 uquam
907 3295 1002 3342 trans·

41 3367 157 3447 μένων,
189 3369 258 3442 τοὺς
291 3367 409 3448 τιμητὰς
425 3366 497 3473 ripe
548 3377 689 3429 mittentes
709 3392 727 3428 u
749 3369 916 3427 censoribus
929 3387 1003 3440 pur·

42 3449 255 3533 ἀνακάθαρσιν
271 3462 432 3513 αυτωνκαι
444 3475 499 3530 την
548 3460 661 3531 gendos
690 3463 717 3511 et
742 3454 915 3525 reficiendus
940 3456 1003 3510 mile

42 3535 203 3616 ἐπισκευὴν
224 3539 325 3617 χιλίων
345 3542 498 3616 μισθῶσαι
550 3543 664 3597 tuleratis
678 3542 790 3595 locatas
805 3551 875 3593 esse.

42 3623 203 3688 ταλάντων.
236 3659 272 3668 -
304 3627 409 3700 Dionys.
439 3624 495 3684 ital.

46 3711 76 3785 3,
94 3713 143 3769 cr.
