2378 4386
408 566 445 601 ne
462 565 574 603 murres
592 565 671 601 crncn
684 567 725 601 111.
1007 557 1046 614 75

85 689 208 766 publicae
223 690 370 765 gessimus,
385 700 485 748 utnon
502 691 625 748 omnibus
637 700 732 766 gratus
743 701 827 762 esset,
844 699 872 748 et
883 693 906 748 si
918 706 969 748 nos
980 690 1048 747 mul·

86 775 209 831 titudinis
230 775 346 832 furentis
368 775 531 832 inllnmmuta
552 775 655 832 inuidia
678 776 829 850 pepulisset
849 775 1047 847 tribuniclaquc

85 861 128 914 uis
142 859 170 914 in
185 874 228 914 me
243 859 386 934 populum,
400 861 471 915 sicut
486 859 621 916 Gracchus
636 862 663 915 in
679 858 833 932 Laenatem,
845 857 1008 916 Saturninus
1020 859 1047 914 ln

86 941 232 1012 lletellum,
247 943 396 1012 incitasset,
413 943 554 1012 terremus,
572 958 589 998 o
606 941 704 1010 Quinte
720 944 812 1015 irater,
828 943 1047 1000 consolarentur·

86 1040 139 1098 quc
158 1041 209 1081 nos
230 1034 361 1083 nontam
382 1027 555 1100 philosophi,
576 1028 621 1098 qul
643 1027 754 1083 Athenis
771 1028 893 1098 luerunt,
909 1017 1046 1101 quamuls¹

85 1109 139 1165 hoc
160 1109 248 1166 iacere
269 1110 385 1181 dehent,
406 1125 486 1184 quam
506 1109 647 1165 clarissimi
669 1113 733 1183 uiri,
753 1110 865 1185 quillis
887 1110 955 1167 urhe
975 1110 1048 1184 pulsi

86 1207 178 1249 carere
203 1195 309 1267 ingrata
337 1195 446 1250 ciuitate
473 1208 555 1267 quam
582 1208 690 1248 manere
718 1193 859 1268 inprobam
883 1194 1046 1252 maluerunt.

86 1273 242 1347 Pompeium
262 1293 329 1333 uero
344 1277 418 1350 quod
433 1292 486 1332 unu
501 1277 553 1332 istu
567 1277 595 1332 in
611 1291 641 1331 re
656 1291 710 1332 non
725 1278 762 1333 ite
778 1277 856 1333 uelde
875 1278 986 1350 probas,
1002 1278 1048 1332 ulx

86 1360 152 1415 sutis
168 1360 233 1416 mihi
254 1359 321 1415 illud
342 1359 442 1415 uideris
463 1359 620 1429 attendere,
641 1375 696 1414 non
716 1360 805 1415 solum
827 1359 870 1430 el,
891 1360 955 1432 quid
975 1366 1049 1414 esset

86 1445 232 1516 optimum,
248 1442 393 1498 uidendum
410 1442 503 1513 luisse,
519 1441 659 1497 sedetiam
675 1442 740 1513 quid
752 1443 949 1498 necessarium:
964 1442 1050 1497 sensit

86 1527 173 1599 enim,
195 1525 289 1580 deberi
302 1540 357 1579 non
372 1540 454 1597 posse
467 1525 531 1579 huic
546 1524 649 1578 ciultutl
662 1523 734 1578 illam
749 1530 932 1596 potestatem
949 1525 1050 1597 quippe

84 1625 165 1683 quam
184 1615 261 1663 tauto
277 1622 358 1678 opere
373 1605 493 1679 populus
507 1613 602 1661 noster
615 1607 736 1679 ignotam
751 1607 908 1680 expetisset,
924 1607 971 1681 qul
986 1624 1049 1682 pos·

82 1701 127 1749 set
143 1705 238 1745 carere
253 1689 381 1762 cognita?
396 1690 525 1763 sepientis
540 1697 631 1745 eutem
645 1685 714 1744 cluis
730 1689 781 1747 luit
797 1704 904 1746 causum
920 1707 972 1749 nec
986 1707 1049 1765 per·

82 1775 215 1832 niciosnm
239 1780 267 1828 et
286 1773 323 1828 ιιι
344 1771 516 1847 popularem,
538 1781 568 1829 ut
584 1789 638 1829 non
653 1782 747 1846 posset
762 1772 876 1845 ohslstl,
895 1776 1049 1848 perniciose

84 1856 212 1934 populari
227 1857 280 1912 ciui
295 1872 350 1911 non
365 1855 527 1930 relinquere.
553 1856 611 1914 Scis
622 1857 720 1928 solere,
738 1858 829 1920 irater,
845 1859 872 1914 iu
885 1858 965 1916 huius
976 1857 1050 1916 modl

85 1957 221 2011 sermone,
243 1948 275 1996 ut
290 1942 400 1997 transiri
415 1940 467 1997 elio
482 1942 580 2016 possit,
602 1940 655 1998 dlcl
675 1940 845 1999 ‘admodum’
861 1950 907 1999 ιιιι
922 1940 1049 2018 ‘prorsus

85 2027 123 2082 lta
138 2026 202 2081 est’.

147 2107 181 2176 Ω.
205 2107 280 2163 llaud
303 2107 427 2180 equidem
449 2109 596 2180 adsentior,
620 2118 761 2167 tutamen
783 2109 816 2166 ed
832 2110 936 2182 reliqua
950 2127 1048 2184 pergas

85 2191 177 2248 uelim.

131 2269 135 2275 ’
150 2273 191 2329 Μ.
214 2273 374 2331 Perseuerus
393 2284 424 2331 tu
444 2276 553 2350 quidem
574 2277 650 2332 etin
669 2283 716 2333 tus
731 2285 823 2334 uetere
838 2275 973 2332 sententia
988 2291 1049 2350 per·

90 2372 193 2414 manes.

152 2440 185 2508 Q.
208 2436 297 2498 liune²
312 2458 355 2497 me
370 2442 491 2500 hercule.

150 2527 183 2582 A.
206 2525 263 2599 Ego
277 2541 344 2581 sune
359 2541 372 2580 ιι
387 2524 490 2592 Quinto
500 2533 597 2580 nostro
609 2524 751 2596 dissentio,
763 2526 810 2581 sed
823 2541 853 2581 eu
865 2542 933 2599 quoe
944 2535 1049 2583 restant

87 2607 234 2664 audiemus.

150 2691 204 2748 llll.
226 2688 273 2751 27.
294 2692 334 2749 M.
356 2692 487 2764 Deinceps
502 2692 588 2764 igitur
602 2688 725 2746 omnihus
742 2689 944 2762 magistratibus
960 2692 1048 2763 nuspi-

86 2777 129 2833 cla
143 2783 172 2832 et
185 2775 281 2832 ludicla
296 2776 405 2847 dantur,
420 2775 529 2846 iudicis,
545 2782 576 2829 ut
587 2781 659 2829 esset
671 2772 764 2847 populi
777 2780 909 2847 potestas,
925 2772 1049 2845 adquam

86 2867 294 2933 prouocaretur,
308 2861 438 2932 auspicia,
455 2868 484 2915 ut
495 2857 598 2916 multos
608 2857 719 2913 inutiles
731 2858 885 2914 comitiatus
895 2856 1048 2933 prohabiles

85 2941 239 3018 inpedirent
253 2958 360 3010 morem
375 2958 457 3017 sneps
471 2944 542 2998 enim
557 2941 652 3015 populi
667 2942 797 3016 impetum
813 2943 943 2999 iniustum
958 2943 1048 3017 nuspi-

86 3029 136 3084 ciis
150 3027 178 3083 dt
193 3027 360 3083 Immortales
375 3034 574 3100 represserunt.
599 3041 629 3081 en
641 3027 674 3081 iis
686 3034 785 3094 sutem,
802 3026 848 3099 qui
861 3028 1048 3101 magistratum

85 3118 227 3185 ceperunt,
243 3110 316 3183 quod
331 3119 441 3167 senatus
457 3109 583 3180 efficitur,
606 3109 736 3182 populare
750 3104 808 3166 est8
823 3126 897 3181 sune,
914 3113 1048 3167 neminem

85 3195 113 3252 in
128 3210 264 3251 summum
278 3194 370 3251 locum
380 3195 430 3249 nisi
441 3209 490 3267 per
500 3193 631 3267 populum
643 3195 736 3249 uenire
753 3192 859 3251 sublata
874 3197 1047 3268 ocopmtione

86 3280 219 3336 censoria.
248 3277 297 3333 sed
312 3286 421 3353 praesto
437 3287 480 3333 est
496 3278 576 3333 huius
591 3278 641 3332 uitl
656 3280 829 3350 temperatio,
850 3278 923 3351 quod
938 3287 1048 3335 senatus

85 3362 148 3438 lege
169 3370 264 3418 nostra
283 3360 460 3419 confirmatur
479 3361 642 3431 ructodtas3
663 3356 711 3418 28.
727 3363 851 3436 sequitur
866 3365 951 3418 enlm:
972 3364 1048 3417 eius

84 3446 229 3504 decreta
248 3453 323 3501 rata
340 3455 453 3502 sunto.
493 3461 553 3501 nam
568 3446 607 3501 ito
623 3460 652 3501 se
667 3460 710 3501 res
727 3445 815 3518 habet,
837 3453 878 3514 ut,
900 3448 923 3501 sl
938 3453 1049 3501 senatus

83 3530 212 3587 dominus
233 3530 270 3586 sit
290 3528 392 3604 publici
414 3529 529 3592 consilii,
552 3528 680 3603 quodque
701 3530 725 3584 ls
747 3530 881 3599 creuerlt,
904 3528 1049 3585 defendant

159 3734 179 3802 ²)
194 3736 235 3802 qui
246 3735 301 3785 AB
313 3735 371 3785 edd.
402 3731 424 3800 ²)
433 3733 489 3783 AB
501 3733 558 3784 edd.
569 3734 618 3783 Nec
633 3750 667 3784 ex
677 3733 809 3799 Maduipii
822 3735 854 3796 φ’.
871 3733 910 3782 ed.
923 3732 953 3782 V.
964 3732 1049 3781 omnic

82 3810 150 3860 haec
159 3807 218 3857 llec.
235 3843 276 3856 ...
293 3805 416 3856 audiamus
427 3805 515 3856 Attico
529 3805 681 3855 attribuens.
711 3799 733 3868 ³)
744 3803 788 3852 Ero
800 3803 912 3851 Thraeci
926 3803 957 3863 ej.
973 3813 1050 3862 popu·

82 3881 160 3930 larem
176 3875 231 3928 AB
242 3877 356 3942 populare
370 3876 410 3926 ed.
421 3875 452 3926 V.
