2378 4386
202 551 268 616 422
463 566 589 605 roursrvs
607 564 755 602 nuncnune
774 552 887 602 tt-ao.

203 698 280 755 uelut
293 698 435 768 semisses,
450 698 495 769 qui
510 696 633 769 singulae
649 702 796 766 uocantur,
811 704 838 751 et
854 702 983 769 quattuor
997 695 1074 752 uelut
1088 712 1155 769 qua·
1170 709 1189 758 r

202 782 321 851 drantes‚
338 782 384 855 qul
400 781 513 836 teruncii
528 786 669 849 uocantur,
684 778 823 837 diuiditur.
872 842 875 847 ,

264 859 310 921 77.
333 863 462 919 Ponderls
477 862 569 918 eadem
589 862 685 919 diuisio
702 871 757 932 cst,
780 877 848 936 quae
864 864 949 937 acrls3
970 879 1030 918 nam
1045 864 1071 919 in
1087 880 1154 935 quas

203 955 292 1022 partes
315 963 343 1003 as
364 945 509 1017 diuiditur,
531 948 559 1003 lu
580 947 628 1003 luas
642 945 708 1003 libra
730 942 922 1020 dispenditur.¹
959 942 1007 1004 78.
1029 946 1072 1003 ’Et
1087 946 1155 1019 (dis-

198 1024 359 1105 pertitari²
373 1031 409 1086 ita
424 1046 452 1085 as
469 1029 592 1102 quidem,
608 1045 656 1086 seu
670 1030 704 1085 de
719 1029 852 1087 diuisione
867 1030 957 1100 solidi,
974 1047 1023 1087 seu
1037 1031 1071 1087 de
1087 1048 1155 1105 pon·

203 1114 277 1187 dere,
293 1130 342 1171 seu
356 1113 389 1169 de
405 1122 544 1170 numerata
558 1115 585 1168 ln
601 1129 664 1170 aere
678 1115 793 1188 pecunia
806 1122 917 1187 agatur;
940 1113 1005 1170 libra
1021 1123 1111 1172 autern
1126 1118 1154 1172 in

202 1198 338 1272 pondere,
365 1199 468 1254 nummi
493 1196 572 1252 'aerei
600 1191 669 1272 (ut)³
695 1201 817 1270 argentei
841 1200 868 1253 in
890 1192 1047 1271 'pecuniae⁴
1068 1197 1154 1255 forma

202 1280 308 1356 publica
323 1279 460 1337 dumtaxat
474 1296 572 1337 nomen
588 1282 730 1354 accipiunt.

264 1360 312 1422 79.
335 1364 518 1421 llensurarum
533 1364 647 1439 liquoris
662 1373 743 1438 atque
759 1365 836 1438 graui
856 1364 1006 1438 expeditior
1025 1375 1052 1422 ct
1068 1365 1153 1423 forma

202 1458 230 1506 et
244 1449 398 1523 appellatio.
430 1463 490 1503 nam
507 1449 674 1521 quadrantal,
690 1447 762 1522 quod
778 1463 850 1504 nunc
861 1446 985 1522 plerique
1000 1450 1153 1523 amphoram

202 1541 312 1606 uocant,
328 1530 408 1590 habet
422 1548 503 1588 urnas
518 1531 594 1604 duas,
610 1531 715 1589 modios
730 1539 797 1603 tres,
812 1532 948 1588 semodios
963 1549 1026 1603 sex,
1041 1535 1154 1606 congios

202 1626 277 1689 octo,
292 1617 423 1673 sextarios
435 1616 611 1690 quadraginta
627 1625 701 1686 octo,
716 1609 835 1671 heminas
848 1618 994 1690 nonaginta
1005 1632 1061 1682 sex,
1075 1632 1153 1689 quar·

203 1701 286 1757 tarios
300 1709 409 1759 eentum
423 1701 571 1772 nonaginta
585 1699 654 1769 duo,
675 1699 786 1772 cyathos
802 1702 966 1774 quingentos
981 1702 1153 1775 septuaginta

201 1800 259 1845 sex.
294 1782 347 1846 80.
370 1783 454 1841 Notae
470 1777 690 1839 mensurarum:⁵

503 1865 684 1941 quadrantalis
783 1884 817 1940 qt

503 1965 585 2007 urnae
782 1967 819 2024 qa

504 2048 585 2104 moun
782 2036 818 2108 ln

504 2149 616 2206 semodll
781 2137 820 2208 ias

504 2235 594 2306 congii
782 2219 802 2288 d

503 2319 612 2374 sextarii
627 2317 658 2373 ad
676 2319 767 2373 uinum
781 2328 802 2392 ζ)

654 2417 767 2476 granum
782 2396 826 2477 t)

203 2554 323 2603 sesternio
336 2566 366 2602 as
384 2567 528 2603 excurrens
542 2551 679 2602 notabatur
694 2578 726 2588 -
741 2559 766 2601 et
780 2549 921 2601 uocabatur
935 2548 1029 2609 libella,
1048 2552 1075 2599 in
1091 2565 1154 2602 noco

204 2623 343 2675 notabatur
362 2625 427 2677 -a
444 2630 469 2673 et
489 2622 630 2674 uocabatur
648 2623 715 2671 deae
734 2621 835 2672 libellae
853 2622 993 2671 teruncius.
1028 2620 1067 2684 Os.
1083 2623 1105 2684 §-
1120 2632 1154 2674 aa.

207 2690 227 2760 ¹)
242 2694 318 2745 Anao
328 2702 419 2759 partes
432 2695 517 2744 animo
528 2695 669 2757 liniantur,
687 2707 767 2757 caque
784 2693 878 2741 dioisio
893 2693 1054 2755 appellatur,-
1073 2692 1155 2741 librae

204 2781 265 2816 uero
275 2773 366 2829 partes
376 2766 443 2828 flant
453 2764 599 2829 pendendo,
609 2763 678 2828 quod
686 2763 839 2826 dispendere
849 2763 908 2811 olim
917 2762 1018 2811 dixere.
1040 2762 1078 2825 Cf.
1089 2764 1155 2823 §.on

206 2832 226 2901 ἵ)
241 2834 364 2900 Suppleoi
378 2850 412 2884 ea
426 2835 541 2885 anteced.
567 2829 683 2901 [Dicitur]
698 2833 737 2881 ed.
754 2832 866 2882 Monimo.
886 2830 921 2880 Aa
934 2832 961 2880 in
973 2832 1090 2896 pondere
1105 2847 1155 2884 non

204 2920 234 2955 as
248 2905 406 2955 dicitursed
419 2904 502 2959 libra,-
516 2905 663 2967 dispertitio
677 2909 774 2952 tantum
787 2902 876 2951 eadem
886 2908 931 2952 eat.
956 2902 993 2959 Et,
1007 2902 1077 2967 quod
1086 2904 1112 2951 in
1124 2902 1155 2950 P.

208 2975 240 3025 V.
254 2983 280 3024 et
292 2976 350 3024 edd.
365 2982 403 3025 est
415 2982 475 3023 ante
488 2974 558 3031 libra,
572 2974 622 3022 leuc
636 2975 763 3022 reuocari.
827 2969 980 3039 ³)Scripsie
999 2987 1056 3021 uero
1073 2973 1103 3021 P.
1124 2972 1154 3022 V.

204 3045 271 3101 edd,
286 3059 335 3107 qao
349 3057 440 3094 errore
454 3044 584 3094 commisso
599 3050 624 3091 ut
639 3045 756 3093 omissum
765 3050 810 3095 est.
857 3040 879 3108 ⁴)
893 3044 994 3106 pecunia
1010 3044 1040 3092 P.
1055 3042 1086 3091 V.
1096 3042 1154 3090 edd.

205 3112 227 3179 ι)
240 3112 285 3162 Ee
299 3114 339 3163 ltis
354 3121 429 3163 notae
446 3112 632 3173 Quadrantaiia
646 3120 669 3161 et
685 3112 769 3163 Medii
782 3114 869 3171 solidi,
883 3129 1019 3178 eorumque
1028 3111 1154 3169 Samiario,

204 3197 287 3233 urnae
301 3190 326 3231 et
338 3183 457 3239 semodii,
476 3184 660 3245 explanatione
679 3198 729 3232 non
750 3189 831 3248 egent.
862 3182 927 3233 Nota
943 3185 1031 3248 congii
1042 3183 1157 3246 sortasse

204 3261 242 3304 est
258 3250 450 3318 Q(uadrantai)‚
464 3252 579 3302 subiecta
593 3260 653 3303 nota
666 3255 811 3303 semunciae
825 3252 859 3316 (ἕ.
874 3252 919 3318 a.):
939 3268 1088 3318 quamquain
1102 3253 1157 3301 alia

201 3324 288 3388 forma
297 3323 444 3385 caprimere
454 3323 556 3371 videtur
564 3324 666 3373 litterae
677 3324 698 3373 0
703 3323 842 3373 subiectam
848 3325 964 3387 priscam
977 3324 999 3373 G
1006 3321 1156 3389 (condias).

203 3393 343 3444 Sextariua
357 3399 462 3442 notatur
475 3393 585 3451 sicilico,
600 3395 661 3457 quia
676 3396 699 3443 is
713 3401 763 3451 cst,
778 3400 806 3443 ut
819 3401 889 3443 recte
902 3393 950 3458 Bp.
965 3394 1157 3452 animadvertit,

204 3464 385 3529 quadrantalis
396 3478 462 3525 para
476 3463 673 3528 quadragesima
687 3472 777 3515 octana
791 3462 826 3528 (ἓ.
837 3462 894 3528 29.);
910 3466 937 3513 in
949 3464 1037 3514 Grano
1047 3466 1072 3512 ei
1079 3478 1157 3527 prae·

201 3536 259 3597 fica
273 3534 375 3582 videtur
391 3533 419 3582 G.
437 3533 541 3585 Ceterae
556 3541 630 3585 notae
644 3535 808 3585 carentonio
823 3535 942 3583 uidentur
952 3535 1076 3597 pendere.
1104 3533 1157 3582 He·

204 3606 287 3655 rainae
301 3611 383 3653 tamen
399 3612 459 3655 nota
471 3606 555 3669 suerit
570 3607 679 3655 initialis
693 3607 780 3654 littera
797 3603 913 3661 Graeca:
932 3620 1083 3668 quamquam
1103 3606 1157 3653 alia

203 3674 333 3739 significat
342 3676 469 3726 sicilicum
480 3676 647 3726 dimidiatum.
669 3674 804 3736 Quartarii
815 3675 929 3737 sortasse
936 3677 1047 3738 primunr
1057 3676 1158 3739 signam

207 3743 372 3812 dleruncius)
387 3768 420 3788 ε-
435 3747 576 3810 quadrans,
591 3749 698 3795 alterum
713 3753 848 3795 contracta
858 3752 919 3795 nota
928 3746 1043 3794 sertorii
1052 3746 1088 3794 ad
1095 3760 1157 3810 gra·

203 3831 277 3871 nunu
296 3817 352 3866 eius
370 3819 436 3866 enirn
455 3818 606 3882 quartarius
623 3824 661 3866 est
679 3824 772 3881 quarta
788 3831 862 3879 pars.
897 3815 989 3880 Cyatdl
1008 3822 1092 3865 notam
1107 3829 1157 3865 non

203 3887 327 3952 intelligo.
