2378 4386
491 544 514 578 C.
533 544 627 579 sunive
645 543 747 579 ΟΔΡῙΤΟ.

118 650 209 745 'papan
235 661 277 738 ὥς
306 661 452 743 (Ἀ)τήϊος
480 662 597 742 ἱστόρη-

141 749 595 819 uev;¹-Plutarch.0u.llom.50.

203 850 249 911 13.
271 847 358 908 ²llinc
371 861 400 908 et
410 855 502 908 Ateius
514 851 607 925 Caplto
620 870 718 909 annum
731 870 744 909 a
756 855 871 910 circuitu
883 856 1011 927 temporis
1023 862 1103 928 putat

140 941 253 1008 dictum,
275 938 337 1009 qnia
359 947 467 993 ueteres
482 934 539 990 ‘an'
555 953 604 1009 pro
620 937 743 993 ‘circuni’
761 954 863 1011 ponere
878 948 1056 1006 consuerunt,
1072 948 1102 994 ut

140 1025 206 1079 Cato
229 1023 258 1077 in
281 1019 445 1093 originibus:
475 1017 585 1075 ‘drator
599 1037 633 1075 an
649 1023 803 1076 terminum’
827 1021 909 1077 idest
926 1024 996 1078 circa
1013 1024 1102 1078 termi-
1155 1016 1160 1023 '

140 1106 229 1177 num',
251 1112 280 1160 et
303 1101 428 1160 ‘ambire’
451 1104 549 1160 dicitur
571 1120 620 1176 pro
643 1106 790 1160 circumire.
805 1133 846 1146 ·-
867 1104 983 1162 llaerolr.
999 1104 1054 1161 Sat.
1073 1105 1102 1177 1,

142 1191 194 1261 14,
209 1189 237 1247 a.

94 1339 135 1389 [aa]
409 1323 450 1377 lle
472 1323 548 1377 iure
571 1321 843 1377 sacrificiorum.

201 1439 245 1499 14.
268 1440 349 1496 Cuius
370 1438 419 1510 (sc.
435 1439 504 1493 Ateii
520 1435 666 1511 Capitonis)
688 1436 771 1493 uerba
787 1453 820 1492 ex
834 1435 903 1493 libro
918 1439 1007 1510 primo
1023 1439 1102 1494 saorl-

119 1526 263 1597 ‚fictorum
278 1525 344 1581 haec
358 1530 436 1578 sunt:
470 1520 575 1593 ‘ltaque
589 1520 646 1574 loui
661 1529 749 1588 tauro,
766 1536 854 1588 uerre,
877 1521 960 1575 ariete
974 1520 1104 1577 immolari

140 1628 196 1667 non
211 1609 298 1665 licet’.
313 1635 353 1647 -
370 1604 484 1662 llacrob.
501 1603 556 1659 Sat.
573 1603 603 1674 3,
620 1602 669 1660 10.
684 1603 712 1674 S.
730 1603 759 1660 3.
775 1633 817 1643 -
832 1595 945 1658 ³Ateius
965 1605 1036 1660 eninr
1058 1604 1104 1660 Ca·

140 1696 210 1768 pito,
227 1708 306 1765 quern
321 1693 347 1746 iu
362 1693 418 1747 acie
434 1696 529 1745 contra
544 1687 678 1742 llaronem
693 1687 799 1757 locasti,
815 1686 910 1743 adiecit
925 1687 990 1744 haec
1005 1689 1103 1745 uerba:

141 1776 182 1832 ‘Si
205 1777 265 1849 quis
288 1775 358 1830 loric
381 1782 458 1829 tauro
475 1771 531 1826 loui
546 1771 649 1842 lecerit,
671 1771 808 1844 piaculum
824 1769 910 1826 dato’.
926 1800 968 1810 —
984 1771 1103 1828 llaorob.

141 1860 199 1917 Sal.
217 1858 247 1930 3,
265 1858 313 1916 10.
329 1858 356 1930 8.
371 1857 400 1914 7.

204 1939 248 2000 lo.
273 1936 491 2014 ⁴‘Propudianus
505 1955 606 2012 porcus
621 1938 708 1994 dictos
724 1939 789 2008 est',
805 1946 835 1994 ut
846 1940 884 1994 ait
894 1937 988 2011 Capito
1000 1940 1103 2012 Ateius,

143 2028 201 2101 ‘qui
223 2029 250 2082 iu
266 2023 397 2082 sacrificio
413 2024 503 2097 gentis
519 2022 642 2079 Claudiae
657 2021 733 2078 uelut
748 2024 911 2095 piamentum
924 2031 952 2079 et
967 2022 1103 2081 exsolutio

143 2112 228 2168 omnis
239 2115 395 2166 contractae
406 2106 545 2179 religionis
557 2105 621 2164 est’.
630 2135 670 2145 —
678 2104 750 2165 Fest.
759 2123 783 2162 v.
791 2105 979 2179 Propudianus
990 2124 1018 2180 p.
1031 2106 1101 2165 238.

201 2190 248 2253 16,
272 2191 385 2246 Porcam
407 2204 512 2246 auream
533 2199 561 2246 et
583 2197 737 2264 argenteam
759 2190 822 2261 dici,
845 2189 1103 2263 aitCapitollteius,

143 2292 213 2350 quae
229 2275 280 2330 etsi
295 2288 408 2328 numero
425 2271 573 2329 hostiarum
587 2290 641 2329 nou
657 2275 722 2344 sint,
736 2290 833 2330 nomen
846 2282 935 2329 tamen
951 2289 1043 2330 earum
1059 2273 1105 2329 ha·

142 2361 220 2428 bere,
241 2356 352 2413 alteram
367 2372 400 2413 ex
416 2371 494 2428 auro,
508 2355 618 2413 alteram
634 2373 666 2412 er
683 2366 796 2430 argento
813 2358 909 2414 iactam
925 2357 1046 2415 adhiberi
1063 2374 1105 2414 sa·

143 2440 247 2501 crificlo
262 2439 368 2498 Ceriali.
382 2470 424 2481 -
439 2437 510 2496 l'est.
526 2457 551 2496 v.
566 2439 677 2497 Poroam
693 2457 721 2513 p.
739 2439 810 2499 238.

206 2523 250 2585 17.
273 2523 389 2581 ‘Rutilae
403 2539 495 2595 canes,
517 2522 544 2580 id
560 2532 672 2580 estnon
687 2524 813 2596 procula
829 2524 912 2580 rubro
928 2526 1032 2596 colore,
1055 2527 1103 2581 inr-

143 2608 304 2680 molantur’‚
328 2618 358 2664 ut
380 2609 417 2664 ail
431 2609 523 2663 Ateius
540 2607 644 2680 Capito,
666 2606 784 2662 ‘canario
807 2606 938 2663 sacrificio
954 2624 1004 2680 pro
1021 2608 1105 2681 frugi-

144 2693 195 2750 bus
209 2691 393 2767 deprecaudae
410 2692 539 2748 saeuitiae
554 2707 634 2747 causa
650 2687 747 2744 sideris
763 2690 921 2749 caniculae’.
938 2719 975 2728 —
992 2687 1065 2745 Fest.
1079 2706 1104 2745 v.

146 2775 250 2833 llutilae
264 2794 291 2851 p.
308 2774 378 2836 285.

426 2908 467 2964 lle
490 2907 616 2964 olllcio
639 2909 827 2963 serratorlo.

206 3022 252 3085 18.
276 3026 306 3082 C.
322 3027 419 3084 Caesar
440 3027 470 3082 in
492 3024 645 3090 consulatu,
669 3041 749 3099 quem
773 3041 833 3082 cum
847 3024 882 3082 ll.
898 3024 992 3083 Bibulo
1007 3027 1104 3101 gessit,

146 3120 273 3184 quattuor
295 3110 369 3167 solos
392 3120 468 3167 entra
484 3108 607 3164 ordinem
622 3124 734 3181 rogasse
749 3111 912 3165 sententiam
928 3109 1036 3167 dicitur.
1068 3109 1104 3166 Er

145 3194 186 3250 hls
208 3202 339 3269 quattuor
360 3195 508 3268 principem
530 3191 643 3264 rogabat
666 3192 700 3249 ll.
724 3191 862 3264 Crassum,
891 3193 938 3248 sed
961 3203 1104 3267 postquam

145 3276 225 3334 filiam
240 3277 289 3333 Cn.
305 3277 434 3350 Pompeio
456 3274 647 3349 desponderat,
671 3277 786 3349 primurn
809 3284 936 3350 coeperat
950 3276 1105 3349 Pompeium

144 3377 250 3435 rogare.
274 3359 338 3416 llius
354 3363 394 3417 rei
409 3361 541 3417 rationem
556 3355 706 3415 reddidisse
721 3375 782 3414 euna
797 3360 902 3415 senatui
913 3359 976 3415 'liro
989 3359 1105 3427 Tullius,

145 3442 176 3503 ll.
190 3445 327 3502 Ciceronis
343 3444 467 3514 libertus,
488 3442 583 3516 refert,
597 3445 688 3516 itaque
704 3457 733 3498 se
748 3459 779 3498 ex
795 3453 912 3516 patrono
927 3458 978 3498 suo
994 3444 1103 3498 audisse

216 3648 236 3718 ¹)
251 3650 326 3700 Haec
344 3665 442 3715 quoque
456 3665 490 3701 em
508 3650 583 3700 libris
601 3651 669 3698 iuris
683 3648 815 3712 pontificii
827 3663 889 3709 esse,
908 3649 1047 3697 verimmile
1061 3653 1106 3695 est.

146 3714 166 3784 ¹)
176 3721 320 3772 Accessita.
330 3721 370 3770 ed.
387 3717 473 3786 ⁸)an
483 3723 681 3784 supplementum
692 3722 718 3768 in
723 3721 808 3783 prima
816 3727 840 3767 et
850 3721 933 3768 altera
941 3719 980 3767 ed.
989 3719 1106 3767 omissum

145 3791 220 3843 dedeo
238 3789 708 3856 Ilbbelolidio(iidtt.9el.Anz.1aea.
724 3805 752 3853 p.
773 3788 844 3852 1148).
876 3787 897 3851 ⁴)
919 3788 973 3836 Vix
987 3786 1106 3834 drrditan·

145 3861 210 3922 dum,
225 3864 288 3928 quin
304 3863 343 3925 fr.
358 3872 453 3913 15-17.
469 3877 504 3912 ea:
518 3861 608 3910 iisdem
627 3861 719 3923 sacrif.
735 3858 811 3907 libris
825 3859 957 3918 desumpta
970 3857 1030 3903 sint.
