2378 4386
130 614 193 679 816
370 629 529 666 issaram
547 630 604 667 iva.
622 629 684 666 soii.
702 627 850 666 siaiirioi.

131 765 212 836 gulas
225 764 332 833 aliquas
345 765 567 827 constitutiones,
582 763 696 845 Ulpiani
709 762 861 841 (librorum
870 779 908 822 sc.
919 764 960 818 ad
970 765 1105 832 edietum)

130 837 231 899 πρῶτα
249 835 278 886 et
295 848 431 901 responsa
448 833 517 886 item
535 831 627 885 Paulh
645 831 681 885 ad
696 829 834 884 Sabinum
853 834 885 884 et
902 849 1105 902 responsorum

131 899 210 967 libri,
236 899 373 953 Marciani
396 896 603 967 ὑποθηκαρίας
626 897 811 975 μονόβιβλος,
836 897 993 966 (librorum
1012 900 1049 955 de
1066 903 1104 954 bu-

132 966 196 1022 telis
209 966 339 1031 auctoris,
359 965 504 1022 Darestius
519 968 652 1046 opinatur
665 964 736 1030 Gaii,
755 980 860 1019 nomen
873 967 976 1035 periit)
995 967 1105 1023 Floren-

132 1033 185 1088 tini
203 1034 402 1099 institutiones,
421 1033 572 1088 Modestini
591 1034 706 1102 regulae
726 1034 756 1086 et
773 1032 969 1089 differentiae.
1010 1037 1103 1089 Ambi-

132 1104 194 1156 tum
212 1102 300 1155 totius
318 1117 334 1155 0
357 1102 421 1166 eris,
441 1119 475 1156 ex
494 1117 549 1170 quo
568 1117 641 1168 quae
660 1102 772 1155 servata
784 1103 852 1153 sunt
865 1101 981 1157 scholia
993 1103 1105 1182 Ulpiani

132 1168 169 1224 ad
187 1168 322 1247 Sabinum
336 1119 390 1249 lib.
410 1175 442 1223 36
461 1172 490 1248 et
507 1175 539 1224 37
559 1169 691 1238 spectant
717 1184 750 1222 ex
769 1184 889 1247 numerp
910 1173 1105 1250 quaternionis

133 1233 182 1291 λα’
201 1255 220 1294 1.
234 1252 256 1296 e,
270 1253 406 1302 vigesimo
424 1253 515 1305 primo
528 1236 562 1291 fr.
577 1243 592 1291 8
605 1236 641 1290 ad
660 1209 767 1313 calcem
786 1235 936 1314 adscripto
956 1242 1105 1294 aestimare

132 1304 208 1359 licet.
238 1304 346 1360 Auctor
357 1304 403 1358 vel
416 1306 544 1359 auctores
563 1304 650 1357 totius
668 1318 761 1372 operis
779 1304 809 1357 et
825 1305 1014 1372 singulorum
1034 1307 1104 1362 solia

132 1373 233 1428 liorum
250 1372 360 1426 incerti.
397 1372 504 1441 Siglam
523 1371 598 1426 SAR.
624 1370 794 1439 quibusdam
816 1373 1037 1443 praescriptam
1058 1375 1105 1429 for·

132 1443 207 1495 tasse
229 1440 385 1510 significare
409 1440 568 1505 Sabatium,
595 1454 679 1506 quem
707 1437 778 1492 Nor.
802 1445 844 1493 35.
867 1440 940 1493 anni
964 1448 1028 1498 635.
1052 1442 1104 1496 Τή-

134 1509 247 1563 boniani
266 1509 295 1562 in
314 1508 461 1562 condenda
479 1506 656 1576 legislatione
679 1505 780 1561 laudat
797 1505 979 1575 adiutorem,
1007 1510 1105 1565 Zacha-

133 1576 203 1631 riaci
222 1578 265 1631 est
283 1593 328 1630 sus
349 1575 410 1630 icio.
446 1574 545 1629 Tutius
564 1573 704 1642 coniicias,
722 1573 798 1627 hunc
815 1575 1013 1631 novissimum
1032 1580 1104 1634 sobo·

132 1643 245 1698 liastam
273 1646 302 1697 et
327 1593 446 1698 lintasse
473 1643 561 1697 totius
582 1657 598 1697 0
620 1641 674 1718 eris
701 1641 877 1697 conditorem
908 1646 942 1697 et
969 1645 1104 1700 editorem

133 1711 224 1767 fuisse.
260 1710 450 1767 Professorem
469 1710 549 1776 iuris,
567 1660 618 1764 sed
635 1712 722 1763 etiam
741 1707 776 1763 de
794 1712 855 1764 iure
873 1710 1030 1766 interdurn
1048 1729 1106 1769 con·

133 1778 237 1831 saltum
256 1779 303 1845 (cf.
323 1779 356 1832 ir.
375 1779 414 1846 2),
433 1793 488 1831 non
507 1778 616 1842 desunt,
635 1793 707 1846 quae
724 1775 845 1847 prodere
864 1794 933 1832 eum
947 1778 1105 1835 uideantur.

202 1843 304 1898 Omnia
316 1845 423 1899 scholia
435 1844 471 1898 ad
488 1845 531 1898 ius
543 1844 716 1899 matrimonii
729 1846 759 1898 et
775 1844 852 1913 quod
864 1846 958 1900 etiam
969 1847 1104 1919 Ulpianm

133 1912 164 1965 in
182 1911 340 1966 Sabinianis
358 1912 437 1966 libris
455 1912 589 1981 posthoc
607 1912 751 1979 tractavit,
770 1911 878 1967 tutelae
891 1915 1055 1984 pertinent,
1072 1915 1104 1971 sd

134 1979 204 2034 illud
223 1980 257 2036 fr.
278 1987 369 2047 1-13,
389 1980 425 2034 ad
442 1980 495 2034 hoc
510 1986 616 2037 14-20.
647 1978 876 2045 Ceternmordo,
897 1998 1018 2052 quoqu
1072 1999 1103 2037 ue

135 2047 278 2118 descripta
289 2049 395 2118 pagina
407 2047 526 2101 alteram
538 2048 568 2100 in
580 2046 676 2101 codice
695 2049 792 2102 secuta
803 2046 848 2114 sit,
867 2065 925 2117 pro
937 2066 996 2119 apo
1088 2052 1102 2116 '‚

134 2131 190 2183 quo
218 2117 338 2181 utimur,
365 2115 477 2183 habitu,
507 2114 542 2168 de
569 2129 624 2182 quo
652 2115 708 2172 vid.
731 2114 846 2170 Zachar.
872 2132 903 2184 p.
927 2123 980 2172 622
996 2068 1099 2188 ἓξὲξ.

133 2199 161 2250 p.
173 2187 188 2235 2
202 2199 272 2250 seq,
292 2183 321 2236 in
339 2182 480 2251 plerisque
494 2180 617 2249 quidem,
634 2182 684 2235 sed
701 2198 756 2237 nou
776 2181 880 2251 ubique
896 2187 976 2241 certo
993 2184 1097 2240 definiri

133 2249 242 2325 potest,
263 2252 292 2305 et
309 2250 417 2326 diverse
436 2248 558 2302 editores
577 2249 733 2329 rationibus
746 2251 857 2370 partim
878 2266 918 2329 ex
1010 2253 1094 2331 'ento

133 2332 497 2460 icildliuigqgleiqifaatgnnuasenorgis
518 2316 738 2461 eppptoprpugptiism
757 2316 999 2442 dliiinewrnilndixoiis
1009 2322 1101 2443 ffi

134 2465 199 2502 eum
222 2450 441 2518 constituerunt,
466 2449 542 2517 quod
565 2454 645 2504 etin
668 2467 780 2520 quaque
806 2468 917 2522 pagina
941 2456 1101 2527 significari

134 2515 200 2585 lpse
225 2516 293 2570 licet
321 2517 349 2570 in
378 2516 546 2583 quibusdam
568 2519 604 2573 ab
626 2519 660 2572 iis
688 2519 864 2587 dissentiam,
892 2523 997 2578 tamen
1021 2521 1101 2579 obid

133 2600 228 2637 rursus
239 2600 342 2639 novum
356 2586 484 2641 ordinem
497 2586 592 2641 taedio
605 2587 717 2643 lectoris
729 2586 884 2656 periclitari
893 2589 987 2645 nolui.
1008 2591 1101 2661 Neque

135 2652 210 2706 enim
223 2653 336 2707 omnino
354 2654 505 2722 tantopere
522 2654 593 2709 haec
604 2672 648 2710 res
660 2655 749 2709 refert
775 2670 839 2708 cum
851 2657 951 2712 tamen
965 2674 1102 2739 nusquam

134 2719 207 2774 hano
230 2721 275 2774 vel
298 2721 376 2775 illam
419 2722 531 2791 aginam
555 2723 676 2777 alteram
699 2695 776 2777 nullo
802 2723 956 2780 interiecto
978 2741 1102 2799 excipere

134 2787 244 2842 ostendi
268 2789 364 2857 possit.
399 2738 504 2857 ltaque
526 2791 710 2844 novissimum
733 2789 882 2856 editorem,
931 2794 961 2847 ui
981 2812 1049 2851 suas
1066 2809 1103 2848 ra·

134 2855 225 2910 tiones
247 2875 274 2925 p.
298 2862 331 2912 28
354 2873 412 2923 seq.
436 2858 577 2926 exposuit,
603 2858 670 2927 quia
696 2857 754 2911 eius
781 2856 871 2911 editio
910 2808 1050 2932 larisque
1071 2861 1103 2917 ad

134 2939 234 2977 manus
253 2925 316 2990 erit,
334 2924 363 2977 in
375 2925 537 2978 universum
551 2928 670 2990 secutus,
689 2926 799 2979 tantuin
817 2926 846 2978 in
859 2876 937 2982 nolis
950 2928 1104 2995 interdum,

137 2990 185 3044 ubi
208 3007 279 3059 opus
302 2990 466 3057 videbatur,
494 2993 580 3046 etiam
602 2993 637 3047 de
659 2992 713 3045 hao
734 3008 765 3046 re
788 2996 820 3045 ut
846 2992 882 3046 de
911 2994 979 3050 aliis
1003 2997 1104 3054 monui.

136 3056 272 3112 Hiatuum
292 3058 337 3113 vel
355 3059 515 3113 litterarum
534 3059 723 3115 deficientium
740 3059 964 3129 significationes
985 3067 1105 3134 (ubiui-

136 3124 192 3179 cini
210 3126 338 3195 angulati
356 3128 467 3181 tantum
486 3128 626 3208 suppleta,
648 3127 726 3182 curvi
743 3129 825 3182 notas
842 3128 1006 3198 explicatas
1025 3134 1105 3189 deno

135 3194 224 3261 tant),
252 3195 285 3247 ut
306 3195 467 3262 scrupulose
492 3211 582 3265 accipi
603 3213 660 3250 non
688 3194 825 3263 debeant,
852 3200 1020 3270 apographi
1042 3201 1105 3257 facit

136 3260 335 3405 liabitffesffique
353 3328 421 3405 licet
438 3344 562 3406 sperem,
580 3332 651 3450 post
673 3331 798 3398 priorum
820 3329 964 3387 editorum
984 3336 1105 3403 labores.

137 3396 274 3462 aquibus
293 3411 405 3464 saepius
425 3396 545 3461 discessi,
563 3412 579 3450 e
605 3414 649 3451 ain
668 3414 744 3452 meas
761 3414 840 3453 curas
858 3398 902 3453 his
921 3402 1040 3461 miseris
1055 3420 1107 3461 nee

137 3464 233 3515 tamen
252 3461 464 3515 contemnendis
482 3462 608 3531 reliquiis
620 3465 678 3519 sive
691 3466 795 3521 rectius
808 3466 939 3536 legendis
953 3473 1004 3528 vel
1015 3489 1106 3530 emen·

138 3527 238 3581 dandis
257 3530 287 3581 et
304 3529 468 3599 supplendis
486 3530 544 3585 sive
562 3531 759 3602 intellegendis
772 3548 827 3588 non
840 3533 899 3588 sine
912 3541 997 3594 omni
1015 3541 1108 3597 fructu

137 3594 277 3672 impensas
296 3612 365 3664 esse,
384 3597 505 3650 multum
523 3601 619 3655 tamen
637 3600 727 3667 abest,
745 3602 847 3656 utiam
859 3605 969 3675 omnia,
989 3610 1021 3665 id
1034 3607 1109 3680 quod

136 3677 259 3716 maxime
283 3680 316 3717 ex
339 3681 411 3719 nova
428 3681 599 3735 papyrorum
618 3669 768 3723 collatione
788 3668 940 3739 pendebit,
966 3680 1061 3748 sarta,
1079 3678 1110 3734 ut

136 3728 225 3796 aiunt,
244 3734 274 3784 et
291 3734 369 3787 tecta
386 3736 417 3788 ut
434 3734 559 3803 oportet,
578 3735 676 3792 haberi
694 3737 809 3804 possint.

510 3954 720 3962 *—
