2378 4386
776 88 798 95 ..-

411 537 446 571 nu
464 537 576 573 unumve
594 538 672 572 ornan
686 538 726 573 111.
1009 529 1048 587 73

89 670 210 736 tempore
226 663 318 719 nescio
333 678 388 736 quo
403 673 482 736 pacto
504 673 642 721 recreatus
658 665 800 738 multoque
821 665 936 720 taetrior
950 672 978 720 et
993 664 1051 720 ioe-

89 746 149 802 dior
166 741 301 820 (reluatus
317 755 367 803 est.
404 747 447 804 lli.
467 764 535 820 quae
551 750 621 804 enim
637 742 718 804 malal
734 765 789 804 non
805 747 908 804 ediditl
930 749 977 823 qui
992 750 1050 822 pri·

89 846 172 900 mum,
193 837 225 885 ut
242 831 324 903 impio
343 830 455 904 dignum
472 831 534 902 luit,
551 832 671 905 patribus
684 833 930 889 omnemhonorem
941 832 1048 905 eripuit,

90 915 177 969 omnia
191 912 282 969 infima
298 916 408 970 summis
426 916 500 988 paria
516 915 596 987 iecit,
613 916 744 988 turbauit,
759 917 883 983 miscuit3
899 932 959 972 cum
976 915 1050 971 adili·

89 997 173 1053 xisset
187 998 337 1071 principum
352 1000 526 1070 grauitatem,
541 1016 685 1072 numquam
700 1008 788 1056 tamen
804 1001 970 1072 conquieuit.
998 994 1051 1058 20.

89 1095 205 1155 namque
226 1086 257 1138 ut
271 1080 300 1140 G.
316 1080 473 1138 Flaminium
493 1089 575 1155 atque
595 1099 634 1155 ea,
658 1100 726 1156 quae
746 1086 796 1139 iam
817 1084 906 1157 prisca
921 1083 1051 1139 uidentur

89 1173 202 1237 propter
223 1172 396 1236 uetustatem,
414 1167 579 1239 relinquam,
602 1167 665 1240 quid
686 1168 752 1222 iuris
774 1166 852 1223 bonis
873 1169 938 1223 uiris
960 1167 1059 1223 Tiberi

91 1246 200 1304 Gracchi
224 1249 376 1305 tribunatus
398 1249 527 1323 reliquit?
555 1252 607 1305 etsi
628 1252 812 1322 quinquennio
833 1260 894 1307 ante
916 1251 1050 1306 Decimum

90 1329 200 1387 Bnttum
213 1341 241 1388 et
250 1332 279 1386 P.
292 1332 444 1405 Scipionem
455 1333 592 1402 consules,
605 1349 674 1406 quos
693 1340 721 1387 et
737 1342 852 1405 quantos
868 1335 953 1403 uiros,
968 1335 1051 1388 homo

90 1417 208 1471 omnium
229 1413 337 1471 infimus
352 1423 380 1471 et
395 1416 614 1486 sordidissimus,
636 1415 761 1471 tribunus
776 1414 814 1487 pl.
829 1415 857 1470 C.
874 1415 1009 1470 Curiatius
1024 1417 1051 1471 in

88 1499 198 1555 uincula
213 1499 346 1565 coniecit,
362 1497 436 1569 quod
451 1505 513 1552 ante
529 1497 629 1554 lactum
645 1513 700 1552 uon
716 1506 783 1553 erat.
813 1496 842 1551 C.
858 1513 924 1552 uero
941 1496 1051 1554 Gracchi

88 1583 176 1636 ruinis
198 1588 226 1636 et
247 1581 280 1633 iis
301 1581 373 1648 sicis,
396 1595 463 1651 quas
478 1581 537 1651 ipsc
552 1595 582 1634 se
596 1580 742 1652 proiecisse
757 1581 785 1634 in
799 1579 890 1636 iorum
904 1580 979 1649 dtrtt,
994 1582 1053 1656 qul·

87 1663 141 1719 bus
163 1662 379 1734 digladiarentur
398 1663 471 1717 inter
492 1677 522 1717 ae
544 1663 627 1735 ciues,
648 1677 739 1717 nonne
754 1678 861 1719 omnem
876 1666 915 1720 rei
930 1663 1052 1738 publicae

89 1753 195 1803 statum
211 1745 397 1818 permutauit?
417 1745 482 1819 quid
496 1747 548 1801 lam
564 1745 598 1804 de
613 1746 776 1817 Saturnino,
791 1745 927 1820 Sulpicio,
942 1750 1052 1823 reliquis

89 1829 196 1887 dicam?
218 1845 288 1902 quos
308 1844 342 1884 ue
364 1828 500 1902 depellere
519 1830 626 1903 quidem
647 1846 662 1886 a
683 1847 713 1887 se
733 1832 791 1887 sine
812 1830 885 1888 ferro
905 1834 996 1906 potuit
1010 1850 1053 1890 res

89 1913 205 1986 publica.
236 1909 283 1971 21.
307 1921 460 1970 curantem
477 1922 524 1970 aut
538 1923 632 1971 uetera
646 1924 693 1971 aut
708 1913 793 1971 aliena
808 1916 944 1989 proferam
959 1919 1052 1991 potius

92 2013 172 2068 quam
192 2005 220 2053 et
242 2006 335 2052 nostra
356 2006 384 2053 et
401 1999 535 2054 recentia?
556 2001 632 2072 quis,
655 1992 793 2073 inquam,²
808 2008 861 2056 tam
877 2002 975 2073 audax,
997 2010 1051 2059 tam

92 2078 170 2136 nobis
191 2082 313 2137 inimicus
334 2080 439 2154 luisset,
459 2091 490 2138 ut
511 2085 644 2157 cogitaret
665 2099 791 2156 umquam
811 2083 845 2140 de
865 2092 937 2141 statu
956 2096 1052 2143 nostro

89 2163 287 2237 labefactando,
303 2166 355 2220 nisi
371 2181 527 2222 mucronem
539 2167 655 2240 aliquem
668 2166 840 2223 tribunicium
859 2170 1009 2224 exacuisset
1025 2169 1053 2224 in

92 2247 161 2302 nost
182 2263 261 2319 quern
275 2265 337 2305 curn
352 2250 474 2306 homines
490 2249 614 2306 scelerati
628 2266 659 2306 ac
674 2251 771 2324 perditi
787 2267 842 2307 non
858 2251 939 2308 modo
955 2249 1010 2307 ulla
1024 2253 1053 2308 in

93 2329 187 2401 domo,
201 2331 249 2387 scd
263 2332 337 2389 nulla
351 2334 379 2388 in
394 2342 476 2408 gente
490 2336 651 2407 reperirent,
667 2343 763 2408 gentos
778 2333 829 2391 sibi
845 2334 1001 2391 intenebris
1013 2336 1053 2391 rei

92 2412 216 2488 publicae
236 2415 429 2489 perturbandas
449 2425 623 2490 putauerunt
659 2417 732 2491 quod
752 2418 831 2474 nobis
852 2419 959 2491 quidem
975 2435 1053 2492 egre·

91 2500 165 2571 glum
185 2498 266 2555 etad
287 2500 507 2556 inmortalitatem
527 2501 673 2556 memoriae
693 2501 854 2573 gloriosum,
876 2504 1009 2558 neminem
1025 2503 1052 2558 in

92 2598 142 2638 nos
157 2582 279 2640 mercede
294 2584 350 2640 ulla
365 2583 504 2639 tribunum
520 2583 643 2656 potuisse
658 2585 789 2655 reperiri,
809 2585 861 2638 nisi
881 2587 923 2639 cui
943 2601 977 2640 ne
993 2600 1054 2639 esse

92 2665 199 2739 quidem
222 2665 347 2724 licuisset
368 2667 487 2723 tribuno.
530 2661 577 2724 22.
599 2666 647 2721 sed
672 2664 717 2720 ille
738 2681 804 2738 quas
826 2673 933 2737 strages
961 2665 1053 2721 edidit.

93 2765 139 2805 eas
159 2749 302 2824 uidelicet,
323 2768 389 2824 quas
409 2754 468 2808 sine
488 2751 595 2807 ratione
614 2765 646 2806 ac
666 2749 724 2805 sine
746 2748 801 2804 ulla
820 2764 868 2823 spe
887 2747 958 2805 bona
977 2747 1055 2805 furor

92 2832 174 2890 edero
192 2836 282 2906 potuit
300 2836 413 2908 inpurae
434 2834 528 2892 beluac
548 2834 696 2891 multorum
712 2830 891 2889 inflammatus
907 2831 1053 2891 furoribus.

89 2933 171 2991 quam
187 2916 293 2974 obrem
308 2921 336 2974 in
350 2921 401 2975 ista
416 2918 523 2992 quidem
538 2934 568 2974 re
584 2919 760 2975 uehementer
771 2917 872 2973 Sullam
889 2916 988 2991 probo,
1005 2918 1051 2992 qui

89 3001 203 3059 tribunis
217 3000 304 3075 plebis
319 3019 367 3058 sua
381 3002 443 3074 lege
456 3003 569 3058 iniuriae
580 3002 718 3058 faciendae
730 3008 893 3075 potestatem
909 3003 1051 3072 ademerit,

90 3087 180 3143 anxilii
195 3084 300 3142 lereudi
314 3085 472 3160 reliquerit,
486 3086 698 3159 Pompeiumque
714 3093 841 3142 nostrum
856 3088 954 3143 ceteris
970 3085 1052 3142 rebus

92 3169 218 3227 omuibus
236 3185 344 3242 semper
364 3169 534 3243 amplissimis
554 3170 720 3243 summisque
741 3170 830 3226 eclero
857 3169 994 3239 laudibus,
1020 3169 1054 3226 de

91 3252 236 3311 tribunicia
256 3261 393 3326 potestate
414 3262 507 3322 tace03
530 3269 581 3310 nec
599 3255 669 3309 euim
691 3252 891 3326 reprehendere
913 3253 979 3311 libet
1001 3268 1051 3308 noc

90 3337 201 3395 laudare
215 3353 339 3409 possum.

154 3420 187 3477 x.
210 3416 258 3479 23.
273 3421 314 3478 M.
332 3421 399 3477 Vitia
414 3421 523 3495 quidem
538 3420 690 3477 tribunatus
705 3420 852 3494 praeclare,
868 3419 975 3489 Quinte,
992 3434 1053 3491 per·

90 3505 184 3580 spicis,
196 3503 244 3560 sed
260 3513 302 3560 est
316 3507 407 3578 iniqua
421 3507 449 3562 ln
465 3505 537 3561 omni
552 3521 581 3561 re
596 3504 744 3561 accusanda
759 3505 956 3578 praetermissis
973 3501 1052 3558 bonis

90 3589 226 3647 malorum
248 3591 413 3644 enumeratio
435 3589 619 3661 uitiorumque
639 3588 764 3644 selectio:
786 3603 847 3642 nam
869 3588 922 3643 isto
946 3584 1053 3657 quidem

166 3776 188 3844 ¹)
202 3777 247 3829 Bar
265 3779 369 3829 Davisii
383 3781 415 3841 φ’.
435 3784 480 3842 que
500 3777 562 3827 enim
581 3777 619 3826 illa
634 3774 689 3825 AB
700 3775 740 3824 ed.
751 3773 781 3822 V.
820 3769 842 3836 ²)
857 3772 901 3821 Ex
918 3769 1054 3822 Goerenza‘l

89 3855 124 3917 «ᾔ.
140 3864 253 3915 umquam
269 3848 324 3898 AB
335 3850 374 3899 ed.
396 3849 426 3897 V.
