2378 4386
586 109 594 124 ν
750 135 760 141 ‚
787 133 791 136 .

394 528 460 564 svm
478 528 573 564 rursu
592 529 663 564 serr.
682 510 728 563 Ill.
749 518 773 566 6.
998 512 1064 577 499

109 661 235 740 ponenda
257 674 352 717 eorum
372 659 545 732 quaestione,
569 674 685 732 quorum
712 658 836 715 domiuus
862 657 960 716 dicitur
982 661 1064 717 inter·

109 755 227 821 emptus,
244 745 288 800 hic
302 742 371 798 ordo
384 749 523 797 seruatur:
539 744 664 815 primum,
680 750 710 798 ut
722 751 839 812 constet,
851 745 967 799 occisum
980 743 1063 800 domi·

109 847 190 892 num:
206 826 319 896 deinde,
335 832 366 880 ut
381 825 497 896 liqueat,
517 825 551 881 de
571 825 669 898 quibus
685 843 715 881 ea
731 829 853 900 quaestio
875 827 994 884 trahenda
1015 830 1063 895 sit;

109 924 192 988 etque
214 913 250 968 ita
270 911 304 966 de
325 911 379 964 reis
401 909 599 981 inquirendum.
643 908 685 966 12.
713 904 787 966 ¹Etsi
806 927 953 984 percussor
973 920 1064 969 certus

109 1000 156 1068 sit,
174 1006 263 1054 tamen
278 994 313 1049 de
328 991 425 1048 iamiiia
441 993 559 1048 habenda
576 996 697 1067 quaestio
713 1003 763 1064 est,
778 1003 808 1050 ut
822 994 909 1050 caedis
926 996 1065 1052 monetator

108 1081 229 1140 inueniri
248 1079 345 1153 possit.
388 1073 430 1134 1³.
460 1072 620 1145 ²0mnihus,
645 1079 690 1150 qui
715 1086 809 1132 contra
830 1077 997 1134 uoluntatem
1020 1080 1064 1136 de·

111 1166 195 1222 iuncti
211 1163 325 1231 iaciunt,
347 1168 378 1216 ut
400 1161 517 1233 indiguis
539 1161 660 1216 aufertur
682 1160 833 1230 hereditas,
855 1163 877 1217 si
900 1163 965 1219 nihii
981 1171 1064 1219 testa·

109 1257 203 1307 mento
224 1249 251 1302 in
274 1244 397 1301 fraudem
419 1245 488 1317 legis
512 1244 593 1300 suerit
616 1237 748 1302 cautum.³
797 1243 838 1301 14.
862 1238 944 1300 ⁴Siue
967 1246 1064 1302 salsum

111 1334 172 1389 siue
194 1340 306 1404 ruptum
332 1330 391 1384 siue
420 1330 524 1383 irritum
547 1327 651 1383 dicatur
673 1344 732 1383 esse
756 1334 961 1400 testamentum,
990 1330 1065 1385 salua

111 1432 207 1473 eorum
224 1413 430 1485 disceptatione,
446 1413 563 1484 scriptus
579 1412 657 1466 heres
673 1413 730 1466 iure
745 1413 771 1467 in
784 1413 983 1484 possessionem
995 1414 1064 1469 mitti

111 1498 258 1556 desiderat.
301 1493 340 1552 td.
366 1490 411 1551 ⁵Si
433 1497 503 1551 inter
524 1496 648 1550 heredem
670 1496 822 1550 institutum
844 1504 871 1551 et
886 1496 1064 1553 substitutum

110 1581 300 1640 controuersia
314 1581 367 1650 sit,
389 1581 474 1653 magis
489 1571 617 1652 'placet,⁸
636 1594 697 1634 eum
717 1580 743 1635 in
759 1581 959 1652 possessionem
975 1596 1064 1637 rerum

113 1664 336 1723 hereditariarutu
350 1665 430 1732 mitti,
452 1665 498 1736 qui
514 1664 600 1736 primo
616 1662 676 1719 ioco
692 1663 809 1735 scriptus
825 1671 874 1718 est
911 1658 952 1720 16.
977 1658 1065 1721 ⁷Scri·

111 1758 178 1824 ptus
194 1748 288 1817 heres,
310 1749 444 1803 utstatim
461 1748 488 1802 in
503 1749 701 1820 possessionem
718 1747 862 1810 mittatur,
880 1747 938 1802 iuro
960 1748 1065 1803 doside·

111 1824 181 1890 rat.⁸
225 1830 276 1886 hoc
297 1839 360 1904 post
374 1847 472 1886 annum
488 1832 545 1886 iure
566 1833 710 1904 impetrare
731 1848 784 1886 non
809 1833 918 1904 poterit.
956 1827 993 1888 tt.
1018 1826 1064 1888 ⁹in

112 1932 146 1973 eo
162 1922 337 1984 testamento,
359 1914 431 1987 qood
449 1930 509 1982 nec,
533 1923 563 1969 ut
586 1916 722 1987 oportuit,
745 1914 865 1970 oblatum
888 1931 938 1971 nec
959 1914 1065 1989 puhlice

112 2000 255 2056 recitatum
279 2006 337 2069 est,
360 1999 439 2053 heres
461 1999 578 2071 scriptus
600 1999 627 2053 in
650 2001 848 2071 possessionem
872 2000 940 2054 mitti
967 2000 1065 2055 frustra

112 2081 259 2140 desiderat.
302 2080 344 2140 18.
367 2080 397 2138 In
419 2083 618 2153 possessionem
641 2099 732 2138 earum
756 2098 860 2153 rerum,
885 2099 951 2156 quas
971 2085 1066 2139 mortis

113 2176 237 2239 tempore
253 2173 367 2221 testator
382 2181 437 2220 non
453 2165 583 2237 possedit,
600 2166 678 2221 heres
694 2169 820 2239 scriptus,
837 2167 991 2242 priusquam
1007 2169 1066 2224 iure

114 2249 251 2308 ordinario
267 2251 431 2322 experiatur,
448 2247 569 2321 improhe
584 2251 652 2305 mitti
669 2249 813 2306 desiderat.

294 2327 338 2409 [L.
356 2333 404 2388 17.
427 2332 464 2389 D.
480 2334 515 2388 de
529 2336 593 2388 iure
609 2335 730 2390 codiciit.
746 2326 810 2411 (29,
827 2327 883 2412 t).]

416 2485 477 2524 Ttr.
494 2485 534 2525 vi.
567 2485 607 2524 DE
623 2484 766 2526 Leunrls,

177 2578 198 2639 L
224 2572 307 2634 ¹⁰Per
322 2581 538 2651 praeceptionem
555 2580 599 2632 uni
615 2595 647 2632 ex
663 2577 807 2634 heredibus
823 2581 896 2634 numi
912 2579 1005 2652 iegati,
1020 2583 1067 2654 qui

113 2664 188 2721 domi
203 2679 256 2719 non
274 2671 360 2729 erant,
375 2662 465 2717 oiiicio
482 2661 576 2717 iudicis
594 2660 706 2716 inmitiae
719 2661 910 2717 herciscundae
926 2680 939 2716 a
957 2663 1067 2719 cohere-

59 2764 103 2814 οε]
116 2747 197 2804 dibus
212 2745 430 2820 praestabuntur.
466 2744 495 2802 2.
524 2741 623 2800 '¹hnte
644 2745 748 2800 heredis
771 2745 968 2801 institutionem
983 2745 1067 2819 iegati

113 2847 171 2888 non
196 2838 301 2904 potest:
325 2831 395 2884 inter
418 2829 517 2884 medias
541 2829 669 2884 heredum
692 2829 895 2898 institutiones,
919 2831 976 2884 siue
999 2829 1068 2885 aiter

113 2916 174 2971 siue
189 2922 304 2987 uterque
320 2905 435 2982 atieat,¹²
451 2922 552 2985 potest,
568 2912 623 2984 ’(ετ)
634 2906 659 2946 ¹³
673 2912 808 2968 interdum
824 2911 972 2983 dimidium,
985 2914 1067 2969 inter·

190 3078 209 3145 ¹)
225 3082 263 3144 cs.
280 3082 311 3132 a.
327 3093 392 3144 apr.
409 3081 440 3128 n.
456 3093 488 3131 n.
510 3082 540 3128 o.
552 3082 575 3129 t.
587 3089 604 3130 e.
653 3080 672 3145 2)
690 3082 727 3144 cs.
739 3081 769 3131 a.
782 3084 826 3130 ans.
838 3083 883 3144 pn.
901 3079 926 3130 0.
942 3081 1067 3145 tepuere.

114 3151 206 3217 (mi).
223 3179 255 3187 -
271 3151 338 3201 do.
365 3153 390 3199 0.
406 3152 526 3215 dereiip.
542 3151 632 3216 (mit).
658 3152 689 3201 L.
705 3163 725 3203 5.
747 3152 772 3201 C.
788 3151 955 3215 deditqut'b.
972 3160 998 3201 ut
1014 3154 1067 3202 ind.

115 3223 146 3288 (d,
161 3222 206 3287 tt).
228 3221 256 3272 F.
267 3221 299 3272 A.
309 3221 437 3286 Schilir'np
448 3221 563 3271 Beruerlr.
575 3238 602 3285 p.
613 3234 658 3274 ³15.
707 3220 727 3288 ὅ)
743 3223 818 3272 Velut
829 3223 979 3285 interposito
989 3226 1068 3274 tacito

111 3293 315 3356 fideicommissa
363 3289 943 3359 ⁴)Cs.l1.t.C.deedictoD.llodr.(o,ta).
992 3290 1012 3358 ὓ)
1028 3294 1067 3356 Cf.

114 3362 148 3412 L.
164 3375 183 3413 1.
204 3363 230 3412 0.
245 3364 301 3412 eod.
352 3359 374 3426 θ)
388 3363 434 3412 Sic
445 3365 563 3426 plerique
580 3364 640 3412 cdd.
657 3365 744 3426 placuit
759 3379 793 3413 eoa
807 3366 868 3412 otiis
882 3364 939 3412 edat.
992 3361 1012 3427 7)
1029 3364 1067 3426 Cf.

116 3433 147 3485 L.
157 3443 178 3486 t.
196 3433 222 3483 G.
232 3434 289 3483 eod.
343 3430 364 3497 ³)
379 3434 468 3484 Matina
484 3435 543 3482 mitti
560 3435 609 3482 iure
624 3435 752 3494 desiderat,
768 3435 807 3482 ita.
859 3430 935 3497 ⁹)Cf.
951 3434 1068 3485 b.tcit.

191 3503 239 3553 Tit.
260 3503 306 3552 VI.
338 3501 370 3567 ¹⁰)
388 3505 425 3567 Cf.
437 3504 468 3551 L.
480 3514 513 3553 25.
528 3505 551 3563 ξ.
562 3514 595 3551 22.
612 3505 641 3552 L.
653 3516 686 3554 ec.
703 3504 734 3551 Ι).
747 3504 810 3565 sam.
821 3519 873 3553 erc.
884 3502 966 3568 (tut).
994 3504 1070 3553 Volet

115 3573 165 3624 doc
175 3576 304 3638 pecuniae
318 3575 428 3638 leporum
443 3576 500 3622 iure
515 3573 594 3622 donne
606 3575 669 3634 fidei
673 3591 683 3629 ,·
702 3576 764 3622 otiis
778 3574 854 3623 rebus
867 3574 959 3637 [epotis
972 3577 1069 3623 voleret

118 3645 175 3693 iure
189 3643 251 3694 Scri
266 3643 417 3694 Neroniani.
490 3638 523 3707 ¹¹)
540 3643 577 3705 Cf.
597 3644 651 3706 (sip.
667 3656 701 3701 st,
717 3655 749 3694 15.
770 3657 790 3706 1,
805 3656 839 3694 ar.
858 3651 882 3692 et
897 3645 929 3692 de
943 3647 1069 3693 sententia

118 3712 248 3764 Goeacheo
266 3713 321 3763 Ods.
337 3717 388 3763 ior.
400 3730 426 3777 p.
437 3725 471 3763 40.
530 3709 563 3774 ¹²)
582 3712 654 3772 Quod
668 3716 693 3761 in
710 3713 826 3762 libertate
841 3720 937 3761 tantum
952 3714 1013 3762 doto
1029 3728 1069 3762 re·

114 3784 177 3847 seri,
192 3787 267 3834 ouius
281 3786 337 3834 dies
351 3784 383 3834 ud
397 3785 470 3833 odito
484 3783 626 3832 hereditate
641 3784 715 3832 cedit.
743 3783 780 3844 Cf.
796 3782 924 3845 Uipmt.
979 3780 1010 3846 ¹³)
1025 3781 1070 3830 Eoo

118 3854 240 3904 Arndtsii
255 3857 287 3917 ej.
302 3856 401 3903 addidi.
430 3852 558 3915 Scriptum
574 3861 631 3902 erut
646 3861 731 3915 poteet.

803 3933 856 3988 32*
