2378 4386
330 589 365 625 ns
383 588 576 625 cocurromave
594 589 627 625 nr
644 589 882 627 rnocvnaronmna.
1023 573 1085 641 809

130 719 275 791 utriusque
297 734 391 774 sexus:
421 735 482 776 nam
504 713 648 794 ’lugendi¹
670 736 718 776 eos
745 717 901 776 mulieribus
928 721 1010 778 morls
1033 730 1084 778 est.

131 818 292 876 quamquam
320 801 479 876 Papinianus
507 802 553 859 lib.
576 802 607 860 ll.
636 801 829 871 Quaestionum
857 803 935 861 etiarn
957 820 972 860 a
994 804 1089 862 liberis

131 886 217 942 uirilis
233 901 313 941 sexus
330 884 463 959 lugendos
475 902 536 943 esse
547 886 635 961 dicat3
652 888 724 960 qnod
737 889 829 944 neseio
846 884 892 944 ubl
902 887 1010 962 legerit.
1031 887 1084 945 Sed

131 978 264 1043 qnatenus
287 968 446 1026 extendatur
467 978 609 1043 parentum
631 971 788 1044 appellatio,
811 978 923 1028 nonest
944 969 1084 1029 definitum

130 1053 200 1127 apud
225 1045 411 1126 quemquam.²
447 1054 537 1125 itaque
559 1062 639 1109 erunt
661 1053 772 1128 lngendl
794 1055 873 1111 eliam
895 1070 927 1111 ex
955 1055 1084 1113 feminino

130 1151 195 1192 seru
211 1144 346 1209 parentes.
377 1134 487 1192 Liberos
502 1136 625 1191 similiter
645 1139 764 1210 accipere
780 1134 908 1193 dehemus
929 1145 956 1193 et
971 1148 1084 1213 nepotes

130 1228 157 1277 et
179 1220 304 1292 deinceps
326 1218 469 1275 ulteriores
496 1220 618 1291 exemplo
639 1221 799 1293 parentium.
844 1219 967 1294 Legendi
995 1231 1085 1279 aulem

129 1311 195 1359 sunt
217 1310 344 1376 parentes
366 1317 451 1373 anno,
475 1303 538 1358 item
562 1301 636 1359 liberi
659 1304 772 1360 maiores
795 1302 816 1357 X
838 1319 970 1359 annorum
999 1319 1085 1377 aeque

130 1378 228 1443 anno.³
272 1401 351 1457 quem
374 1400 471 1442 annum
494 1384 586 1443 decem
607 1380 776 1443 ’mensunm⁴
799 1402 869 1457 esse,
891 1381 1085 1461 ’Pomponius⁵

130 1469 178 1525 alt.
208 1483 259 1523 nec
274 1468 335 1522 lcue
350 1475 540 1541 argumentum
555 1477 607 1537 est,
623 1485 723 1525 annum
738 1469 758 1525 ll
774 1484 915 1526 mensuum
937 1486 1008 1541 esse,
1023 1487 1085 1528 cum

130 1553 249 1606 minores
265 1549 341 1606 llheri
358 1558 399 1607 lot
414 1549 549 1607 mensibus
570 1551 742 1626 cinguntur,
757 1562 825 1627 quot
845 1568 977 1610 annorum
992 1553 1084 1611 deces-

130 1633 232 1704 serint,
255 1649 341 1706 usque
364 1634 397 1691 ad
420 1637 573 1703 trimatnm3
596 1638 684 1691 minor
708 1638 787 1693 trimo
810 1649 865 1694 non
888 1637 1014 1711 lugetur,
1036 1637 1084 1694 sed

129 1715 308 1791 sublugetur3
341 1719 428 1775 minor
461 1719 585 1777 anniculo
619 1735 707 1793 neque
739 1720 867 1795 lugetur,
901 1735 988 1793 neque
1021 1719 1084 1778 sub·

129 1800 249 1858 luetur.

159 1818 262 1943 8822.
283 1882 415 1943 ’Porrllus
429 1886 477 1943 tto.
494 1879 563 1942 vlit
592 1884 676 1943 Verba
697 1897 787 1943 autem
809 1887 890 1943 edicti
913 1888 980 1944 lraec
1000 1895 1079 1945 sunt:
1101 1888 1176 1968 [1ξῇ

130 1967 236 2023 ‘Alieno
259 1971 376 2042 nomine,
392 1971 456 2026 ltem
471 1984 524 2043 per
538 1969 605 2026 alios
628 1972 723 2041 agendi
738 1979 901 2043 potestatem
916 1987 971 2027 non
987 1970 1180 2029 lactarem-lt

129 2054 157 2108 in
180 2052 221 2107 lrls
244 2053 348 2124 causis,
371 2055 398 2109 in
420 2052 517 2124 quibus
540 2069 574 2110 ne
596 2053 660 2110 dent
682 2057 869 2128 cognitorem,
890 2070 958 2111 neue
973 2054 1083 2128 dentur,

130 2136 247 2192 edictum
263 2135 479 2210 conprehendit’

191 2215 262 2277 82³.
285 2219 361 2286 Quod
384 2221 420 2276 alt
443 2218 541 2276 ‘alieno
556 2222 682 2292 nomine,
704 2223 768 2278 item
789 2238 838 2296 per
853 2221 945 2293 alios’,
965 2221 1084 2280 breulter

129 2304 229 2375 repetit
243 2302 298 2360 duo
314 2303 398 2360 adleta
415 2297 419 2380 l
435 2297 623 2377 ’cognitone'
640 2320 732 2374 unum,
755 2305 828 2378 qnod
844 2307 963 2379 pertinet
977 2305 1010 2362 ad
1025 2304 1165 2378 eos,[os]a.
1182 2350 1184 2354 Α

130 2386 176 2458 qui
191 2384 298 2456 dantur,
310 2384 453 2456 initorum
468 2388 508 2442 nd
521 2403 579 2458 eoa,
601 2392 651 2460 qui
669 2382 778 2458 (ὶαηη)8
795 2396 825 2444 nt
844 2390 890 2462 qni
905 2388 1084 2463 prohibentur

131 2467 252 2524 ueldare
268 2468 312 2524 uel
328 2469 384 2524 dari
396 2471 561 2544 cognitores,
574 2471 655 2527 tidem
670 2481 698 2528 et
712 2481 905 2545 procuratores
918 2471 982 2529 dare
993 2473 1084 2530 darlue

130 2560 282 2611 arceantur.

192 2629 261 2692 824.
285 2633 324 2691 Oh
346 2636 541 2710 turpitudinem
564 2646 592 2693 et
614 2638 793 2695 lamositatem
816 2636 995 2712 prohihentur
1015 2637 1084 2712 'qul-

84 2730 118 2779 1⁶]
128 2712 209 2774 dam⁹
231 2721 402 2792 cognituram
430 2722 582 2794 suscipere;
616 2721 795 2778 adsertionem
829 2722 935 2777 nonnlsl
962 2722 1084 2796 suspecti

148 2804 259 2859 raetori.

129 2821 146 2876 p
191 2881 258 2943 325.
280 2887 345 2943 Diui
368 2886 547 2944 Diocletianus
570 2895 598 2944 et
620 2887 793 2945 Constantius
816 2887 938 2945 Aureliae
962 2881 1188 2964 Panliae.3⁰p¹⁰c⁶,}g

128 2974 212 3026 notor
226 2972 265 3026 rel
281 2970 370 3026 lorum
384 2973 462 3045 sequi
477 2971 569 3042 debet,
585 2979 613 3027 et
627 2972 725 3028 mulier
740 2973 858 3046 'quoqne
869 2966 894 3005 ¹⁰
909 2971 998 3029 lacere
1019 2987 1081 3046 peo-
1093 2966 1176 3006 Μ’

128 3063 281 3111 curatorem
303 3055 361 3110 sine
384 3056 483 3111 tutoris
506 3057 665 3112 auctoritate
687 3071 742 3112 non
761 3054 929 3130 prohibetur.
959 3057 1082 3130 siquam
1151 3118 1157 3131 ,

127 3140 218 3212 itaque
234 3137 315 3194 habes
330 3139 473 3210 actionem,
490 3140 604 3212 experiri
619 3141 704 3214 magis
720 3141 788 3202 iure,
802 3155 881 3214 quam
894 3139 1024 3196 aduersus
1041 3156 1081 3210 ea,

201 3347 221 3416 ¹)
244 3351 333 3402 Malim
355 3352 437 3413 lugeri.
516 3348 537 3417 ¹)
558 3368 594 3404 ee.
617 3355 643 3402 in
665 3353 742 3402 duint
761 3352 841 3403 edicti
861 3353 1082 3416 interpretatione.

127 3416 149 3482 8)
165 3420 205 3482 Cf.
220 3421 296 3471 Paul.
311 3421 338 3471 S.
355 3421 386 3471 R.
401 3435 421 3479 1,
436 3434 469 3473 tl.
485 3424 508 3485 §-
523 3435 556 3474 iti.
579 3423 712 3474 Plutarch.
730 3421 802 3473 Num.
818 3433 850 3474 lt.
867 3423 961 3473 Corioi
976 3434 1010 3476 tt.

126 3488 149 3553 ⁴)
165 3490 202 3538 De
216 3490 265 3540 dae
277 3492 365 3553 forma
379 3492 413 3554 cs.
430 3492 541 3542 Momma.
558 3493 593 3540 nd
606 3493 629 3540 la.
645 3495 662 3541 l.
736 3490 756 3554 Β)
770 3492 981 3556 Superscriptunr
998 3501 1037 3544 eet
1054 3495 1082 3544 in

132 3558 159 3607 V
161 3558 181 3607 ὅ.
195 3559 219 3608 l.
240 3560 304 3609 Num
320 3561 368 3625 (ex)
384 3561 484 3610 Cassio?
504 3562 542 3624 Cf.
558 3561 589 3609 L.
604 3573 625 3611 4.
640 3563 666 3622 5.
681 3573 701 3613 t,
725 3561 804 3613 Inde
820 3564 846 3611 ln
865 3565 906 3611 ins
924 3578 979 3613 roc.
998 3563 1081 3629 (M).

128 3625 149 3690 ⁶)
165 3629 282 3679 ....llll.
303 3631 329 3679 V
332 3631 351 3679 θ.
378 3630 467 3680 lnern
486 3631 511 3682 Ρ.
526 3630 567 3682 lib.
583 3629 639 3691 llll,
654 3645 703 3694 quo
717 3630 783 3681 libro
798 3632 834 3680 od
846 3633 956 3681 edictum
972 3632 1082 3682 Paullus

125 3700 157 3749 de
173 3701 391 3763 procuratoribus
406 3702 519 3763 coepisse
534 3714 612 3762 agere
634 3701 742 3749 uidetur.
768 3698 832 3764 ‘Uip
848 3701 888 3751 lib.
904 3699 1025 3750 tntilli!
1041 3703 1080 3751 ed.

126 3769 240 3820 Mennis.
269 3771 308 3820 De
322 3786 351 3820 re
366 3771 400 3833 ef.
418 3769 474 3819 Gai.
491 3782 512 3826 l,
528 3781 573 3820 124.
627 3765 646 3832 ²)
661 3768 705 3818 En
718 3769 812 3822 Hollw.
828 3774 860 3833 φ’.
876 3772 1034 3833 cognitorium
1048 3770 1077 3817 V

126 3837 147 3902 ⁸)
162 3838 292 3902 Suppleoi.
367 3837 388 3905 ⁹)
403 3840 497 3904 quidem
517 3842 549 3900 ej.
569 3837 668 3888 Bucdlt.
683 3839 811 3902 probante
828 3839 917 3890 Sanin.
937 3840 1035 3905 Spetenr
1054 3839 1080 3889 d.

127 3907 215 3956 Ciatlr.
231 3909 267 3958 II.
279 3924 307 3973 p.
323 3919 369 3960 215.
424 3906 457 3974 10)
472 3909 487 3957 d
506 3907 535 3957 V.
552 3906 615 3972 (pro
630 3907 679 3973 cpi).
699 3908 794 3972 quidem
807 3909 865 3958 edd,
896 3909 934 3970 Os.
949 3911 973 3970 ὅ.
989 3918 1036 3959 att.
