2378 4386
109 576 168 640 792
315 594 414 630 rursu.
433 594 486 629 ruo.
505 595 568 631 sou.
588 595 675 631 varic.
694 582 853 633 iit—274.

107 743 166 783 rum
182 725 324 782 euidenter
338 725 503 780 continetur.
541 723 624 780 lintre
640 740 752 796 quoque
774 720 887 783 ’itiae¹
913 745 963 786 res
979 747 1083 788 uenun·

108 811 188 866 dante
204 807 272 864 nibil
287 809 311 863 ei
333 801 462 863 'anierri²
485 825 576 880 posse,
599 824 654 864 nou
670 806 829 880 ambigitur.
872 810 1044 889 Subscripta
1058 815 1083 871 l.

108 891 160 950 lial.
177 891 235 947 ilai.
251 890 352 960 Sirmii,
368 890 458 947 Caess.
476 884 582 948 conss³

171 969 234 1032 ttt.
253 973 333 1029 iidem
349 969 473 1031 'Boncio⁴
488 974 621 1032 Secundo.
651 973 763 1030 Praeses
779 979 965 1053 prouinciae,
982 985 1082 1040 amicos

109 1067 213 1130 noster,
229 1057 369 1115 notionem
384 1074 458 1115 suam
473 1060 614 1131 inpertiet,
630 1074 685 1115 non
699 1061 834 1131 ignorans
849 1079 908 1135 pro
925 1081 979 1123 sua
992 1076 1081 1124 aucto·

108 1144 187 1199 ritate
202 1151 282 1215 atque
294 1144 469 1215 experientia,
485 1145 507 1197 si
519 1141 659 1199 docebitur
673 1141 852 1198 inmoderatis
866 1145 1080 1219 donationibus,

108 1241 163 1284 nou
178 1234 284 1282 rctcnta
300 1234 394 1297 quarta
410 1226 442 1282 ad
458 1225 650 1283 excludendam
665 1223 812 1281 inofliciosi
832 1232 985 1301 quereiam
1002 1251 1081 1309 nepo·

109 1311 143 1367 tls
159 1326 191 1367 ex
207 1308 262 1367 illio
277 1311 343 1380 nati,
366 1311 554 1382 patrimonium
569 1325 647 1365 suum
663 1324 743 1364 auum
762 1310 943 1384 exhausisse,
970 1315 1079 1389 'pleris-

109 1409 162 1468 que
184 1389 436 1451 constitutionibus⁶
458 1392 613 1450 huiusmodi
635 1393 785 1449 conmentis
808 1394 844 1450 ad
861 1401 1029 1473 exemplum
1043 1404 1118 1460 initi

110 1476 226 1536 ciliciosi
248 1477 376 1551 querelae
401 1493 461 1534 csse
487 1493 640 1534 occursum.
684 1475 734 1531 ΡΡ.
758 1476 935 1552 Mogontiaci
960 1484 1009 1542 ill.
1032 1485 1078 1542 lai.

109 1560 159 1618 lul.
175 1560 286 1618 blaximo
302 1569 330 1616 ot
344 1561 471 1633 Aquilino
486 1553 592 1618 conss.6

3 1647 106 1685 innn.
171 1640 239 1701 2⁷2.
281 1642 374 1714 ’iores
393 1649 434 1698 iii.
449 1649 509 1701 xiii.
525 1636 591 1716 ut]⁷
628 1643 777 1716 inperator
800 1643 953 1722 Phiiippus
978 1651 1078 1728 ’igno

108 1721 244 1784 Cominio⁸
263 1744 313 1784 suo
331 1726 453 1790 salutem.
489 1730 562 1784 inter
576 1734 706 1801 patronos
722 1735 750 1783 et
764 1726 882 1785 libertos
900 1733 936 1790 de
954 1737 1019 1792 iure
1034 1736 1079 1793 do·

108 1811 247 1869 nationum
262 1813 370 1869 tractari
385 1829 439 1869 non
455 1819 575 1886 oportet,
590 1828 651 1866 curn
663 1812 714 1867 etsi
730 1810 859 1882 perfectis
875 1814 1076 1876 donationibus

108 1896 136 1953 in
161 1896 360 1969 possessionem
387 1896 514 1953 inductus
542 1894 655 1951 libertus
680 1892 852 1967 quantolibet
884 1908 1016 1974 ternpore
1038 1921 1075 1974 ea,

109 1995 177 2054 quae
193 1978 244 2036 sibi
259 1979 451 2050 donatismi,
474 1979 554 2052 pleno
571 1979 628 2034 iure
644 1987 674 2034 ut
689 1978 814 2033 dominus
831 1984 1007 2057 possederit,
1030 1987 1077 2042 ’ta·

111 2059 186 2120 menl
208 2065 295 2120 omnis
310 2064 420 2121 donatio
435 2071 534 2118 mutata
549 2069 725 2134 patronorum
750 2058 896 2120 uoluntate
920 2069 1076 2125 reuocanda

3 2114 156 2237 [ulff'B'sit.
194 2145 271 2214 Quod
286 2145 474 2203 obseruabitur
488 2146 567 2200 etiam
579 2146 648 2200 circa
666 2139 669 2219 Ι
687 2161 733 2215 ca,
755 2160 824 2216 quae
840 2145 1008 2206 libertorum
1023 2169 1072 2207 no·

78 2223 84 2235 ’
102 2223 194 2301 mine,
217 2232 329 2303 pecunia
345 2238 432 2285 tamen
448 2236 627 2300 patronorum
642 2236 669 2283 et
684 2226 813 2284 beneficio
831 2243 984 2304 conparata
998 2245 1072 2306 sunt,

109 2313 234 2385 namqui
256 2312 394 2384 obsequiis
408 2315 468 2367 sitis
489 2310 675 2367 liberalitatem
698 2322 876 2384 patronorum
901 2334 1074 2389 prouocaue·

109 2403 184 2468 runt,
199 2403 264 2449 sunt
279 2395 365 2468 digni,
383 2389 467 2467 'qui¹⁰
482 2410 539 2450 eam
555 2412 609 2450 non
625 2397 770 2466 retineant,
785 2411 847 2452 cum
863 2404 1012 2473 coeperint
1028 2403 1074 2459 ob·

94 2479 200 2555 'seqoia
215 2478 374 2552 neglegere:
397 2495 458 2535 cum
473 2480 559 2552 magis
574 2495 622 2535 eos
638 2480 744 2535 conlatu
766 2477 918 2539 liberalitas
942 2485 977 2541 ad
995 2486 1073 2542 obse·

109 2564 201 2636 quium
216 2563 343 2618 inclinare
358 2561 465 2634 debeat,
481 2579 559 2636 quani
575 2563 607 2618 ad
625 2563 794 2618 insolentiam
807 2566 926 2636 erigere.
960 2567 1072 2625 Fundos

109 2655 209 2717 autem,
233 2662 312 2720 quem
327 2646 416 2720 Agilio
431 2646 529 2703 liberto
545 2647 658 2703 donasse
674 2654 700 2701 te
723 2641 870 2717 ’scribis,¹¹
896 2658 925 2705 et
949 2651 1071 2724 decuria,

109 2747 177 2804 quae
192 2731 278 2804 ipsius
292 2733 402 2787 nomine
417 2731 593 2803 ’comparato
606 2739 657 2799 cst,
672 2738 748 2787 recte
762 2732 821 2785 siue
837 2733 866 2785 in
882 2749 946 2790 rem
959 2740 1072 2795 actione

109 2818 171 2872 siue
186 2816 364 2872 condictione
378 2822 555 2886 repetentur,
576 2829 678 2870 necea
694 2812 807 2868 libertus
823 2813 989 2891 uindicabit,
1007 2837 1072 2877 cum

110 2905 280 2955 certantum
295 2899 455 2955 donationes
471 2897 514 2953 nel
531 2898 659 2972 pecuniae
675 2890 863 2971 largitioneo¹²
884 2896 1006 2959 libertus
1025 2903 1072 2960 ob·

183 3080 203 3147 ¹)
218 3085 235 3133 i.
249 3098 271 3133 e.
289 3083 416 3133 Caeciliae
431 3084 601 3148 Anogriuuoe
619 3081 743 3147 (genitivo
760 3079 842 3145 cusu).
920 3082 941 3149 ²)
962 3087 991 3134 V
994 3088 1016 3138 ⁴¹.
1031 3092 1071 3140 ed.

110 3155 223 3205 Momms.
242 3154 334 3202 ouierre
359 3153 417 3202 Vat.
436 3154 493 3202 edd.
513 3161 620 3202 ceterae.
695 3149 716 3216 ³)
731 3168 755 3200 a.
770 3164 817 3204 att.
833 3180 866 3188 —
886 3152 1018 3219 Sequitur
1037 3162 1073 3210 od

109 3240 189 3288 marg.
204 3224 298 3273 codol:
313 3223 354 3271 llic
371 3223 399 3271 dc
415 3223 548 3271 immodicis
559 3223 731 3271 donationibus.
779 3221 800 3287 ⁴)
811 3223 908 3271 lionicio
920 3225 1025 3279 Bucbli.
1038 3234 1070 3294 ς).

111 3291 132 3359 ⁶)
145 3294 190 3343 Em
206 3293 318 3342 Monimo.
334 3295 366 3353 ej.
381 3293 417 3339 od
434 3292 462 3340 V
462 3291 481 3341 ⁴.
497 3301 596 3354 postque
611 3294 791 3341 constitutiones
810 3293 868 3341 Vot.
879 3295 939 3346 edd.
955 3307 1070 3350 ceterae.

110 3360 170 3428 ο)α.
185 3374 231 3413 oss.
307 3359 498 3424 ⁷)Quibuodom
517 3364 616 3411 canusio
636 3365 674 3411 oet
693 3365 795 3412 mutatis
813 3369 887 3412 extat
901 3364 934 3416 L.
952 3381 971 3420 i.
995 3370 1023 3419 0.
1039 3372 1072 3421 ite

108 3447 161 3482 reu.
176 3432 235 3480 don.
250 3428 281 3492 (a,
296 3431 340 3494 to).
371 3429 402 3478 Iu
417 3445 497 3495 marg.
513 3434 614 3481 lemma:
633 3433 689 3481 ilica
710 3435 732 3481 in
753 3433 849 3481 libertos
864 3433 977 3487 collatam
994 3455 1008 3488 a
1026 3456 1070 3504 po·

109 3509 177 3550 trono
192 3500 351 3557 donationem,
367 3501 388 3548 si
400 3501 485 3560 ingrati
499 3509 585 3560 extent,
600 3504 767 3565 reiterandum,
782 3504 819 3552 uel
834 3504 853 3550 si
870 3507 967 3555 nornine
983 3524 1070 3561 eorum

109 3570 165 3634 quid
180 3577 283 3633 emptum
298 3571 336 3618 sit,
410 3567 431 3635 8)
446 3569 557 3621 Cosmino
574 3573 599 3621 C.
615 3573 679 3625 lust,
753 3571 775 3636 ⁹)
796 3573 820 3622 C.
837 3572 900 3623 lust.
917 3578 1030 3630 inserit:
1048 3583 1070 3631 si

109 3643 214 3701 ingratus
228 3641 266 3690 sit.
288 3640 325 3703 Cf.
341 3642 364 3702 ς.
378 3653 425 3692 atti.
504 3640 535 3706 ¹⁰)
550 3642 647 3694 Buclzlt.
663 3645 695 3705 ej.
716 3645 770 3706 quin
791 3643 821 3691 V.
841 3644 879 3692 ed.
900 3644 999 3697 Hotiw.
1021 3666 1069 3700 non

108 3718 163 3759 suot
177 3711 254 3771 digni,
273 3726 319 3774 qno
339 3726 390 3760 cam
405 3713 521 3762 retineant
535 3712 598 3762 luat.
616 3714 640 3762 C.
717 3711 749 3778 ¹¹)
763 3713 861 3763 Bucltlt.
881 3717 914 3776 ς).
936 3719 1015 3767 tribus
1036 3720 1069 3769 V.

108 3781 165 3831 edd.
194 3780 345 3830 Librarium
362 3783 470 3845 fefellit,
492 3784 560 3846 quod
578 3784 686 3833 decurio
704 3786 854 3847 pierumque
873 3786 951 3834 irtaeto
970 3789 1068 3838 tribum

108 3860 324 3903 commemoratur.
400 3849 433 3917 ¹¹)
452 3852 496 3903 Sic
515 3855 573 3916 sere
594 3855 676 3903 iocum
695 3856 770 3902 etiam
790 3856 815 3901 in
840 3852 889 3902 Vl.
910 3856 1068 3920 desperatae

108 3924 226 3973 lectionis
240 3925 376 3973 restituere
395 3924 456 3972 milti
474 3925 545 3973 nisus
564 3939 631 3981 aum,
652 3924 751 3987 dequo
770 3924 820 3972 vid.
840 3930 877 3973 est
892 3925 1010 3978 Momm.
1026 3930 1068 3979 ed.
