2378 4386
441 556 657 613 PRAEFATIO.
951 558 1029 610 XVII

123 708 175 773 Ex
207 707 377 791 Papiniani
404 708 566 792 responsis
595 712 626 772 et
655 706 737 772 libro
766 707 893 792 quidem
916 729 1025 771 eorum

53 794 166 879 primo
190 797 279 855 extra
295 791 465 856 Iustiniani
489 813 602 875 corpus
624 793 701 856 iuris
723 799 818 856 antea
840 794 932 876 pauci
955 798 1026 857 tan·

53 885 126 943 tum
146 897 256 940 versus
272 881 305 940 et
326 878 414 959 quasi
438 877 471 940 in
488 877 674 941 memoriam
689 877 739 941 vel
761 876 916 941 honorem
931 878 1026 942 modo

53 962 147 1029 tanti
176 961 235 1024 viri
263 960 426 1025 Breviorio
454 961 639 1025 Alarioiano
667 961 783 1025 servati
812 966 916 1026 erant.
967 964 1028 1026 Ac·

54 1049 227 1114 cesserunt
241 1066 327 1109 nunc
343 1066 381 1108 ex
396 1045 527 1128 proprio
543 1049 788 1130 pervetustoque
808 1046 902 1111 huius
921 1048 1026 1130 operis

55 1154 134 1199 eum
168 1130 255 1194 notis
283 1129 376 1193 Pauli
405 1133 437 1193 et
469 1128 601 1212 Ulpiani
633 1130 741 1195 codice
774 1132 878 1214 primo
913 1131 1026 1194 folium

54 1216 259 1298 duplicatum
275 1213 482 1279 Berolinense
498 1221 531 1278 et
545 1215 641 1297 paulo
658 1219 731 1298 post
745 1215 848 1279 frusta
869 1217 1025 1299 quaedam

55 1300 194 1367 Parisiis
224 1303 401 1382 asservata,
430 1299 509 1362 illud
540 1298 621 1362 libro
644 1300 771 1381 quinto,
800 1299 914 1364 haecce
944 1301 1026 1365 libro

54 1392 152 1452 nono
172 1384 383 1468 assignanda:
406 1388 540 1467 utraque
556 1404 642 1465 vero,
666 1389 824 1467 quatenus
847 1405 905 1447 suo
927 1385 1026 1449 nitori

55 1474 239 1555 potuerunt
266 1469 406 1546 restitui,
436 1488 546 1531 rursus
574 1467 812 1549 praeclarorum
842 1468 956 1531 horum
979 1470 1027 1532 in·

55 1554 230 1643 geniorum
253 1553 397 1636 insignes
420 1552 537 1616 foetus.

124 1638 186 1703 Sed
204 1640 236 1700 et
258 1637 319 1719 ipsi
335 1634 474 1718 Ulpiano
498 1656 556 1698 suo
578 1635 707 1698 nomine
731 1638 763 1698 et
786 1634 875 1699 libris
897 1636 1026 1719 quidem

56 1724 146 1805 eius,
169 1726 204 1784 ut
226 1720 458 1801 demonstravi,
486 1719 525 1782 ad
548 1719 703 1800 edictum,
733 1740 772 1782 ex
799 1720 914 1802 quibus
936 1725 1026 1785 extra

55 1808 196 1892 Digesta
217 1810 313 1869 antea
335 1808 462 1869 tantum
484 1804 582 1868 verba
605 1803 711 1887 aliqua
734 1803 774 1867 ab
797 1804 868 1867 aliis
890 1806 1026 1888 scripto·

56 1893 151 1958 ribus
183 1891 284 1954 relata
315 1888 524 1968 habebamus,
561 1909 666 1953 novae
703 1889 832 1952 maioris
870 1891 1026 1954 momenti

78 1995 246 2057 uanquam
268 1974 399 2038 mutilae
422 1974 600 2037 sententiae
622 1973 786 2037 addendae
809 1979 916 2057 erant,
946 1996 1025 2058 quas

54 2000 173 2127 lolium
197 2059 359 2143 singulare
378 2057 590 2123 Berolinense
614 2057 839 2141 suppeditavit.

126 2143 251 2208 Deinde
275 2165 313 2206 ex
334 2143 486 2207 inferiore
508 2146 614 2206 aetate
630 2141 810 2207 Iustiniana
834 2144 897 2206 iam
920 2143 1027 2208 vicina

55 2230 123 2297 nisi
139 2227 218 2291 adeo
241 2249 356 2292 coaeva
379 2227 566 2311 prodierunt
588 2226 703 2291 incerti
726 2226 866 2291 auctoris
889 2227 1027 2291 scholio·

57 2335 134 2380 rum
157 2314 352 2376 Graecorum
375 2314 409 2374 in
433 2310 563 2394 Ulpiani
587 2311 684 2376 libros
712 2312 751 2375 ad
775 2310 932 2376 Sabinum
954 2312 1026 2375 reli-

80 2399 156 2463 uiae
190 2418 270 2479 quae
301 2396 397 2477 vulgo
431 2415 517 2458 nunc
546 2395 743 2479 Fragmenta
778 2396 856 2460 iuris
889 2395 1026 2460 Romani

55 2422 217 2550 diunisiae
248 2501 286 2542 ex
314 2479 523 2555 monasteri0,
557 2478 612 2543 ubi
641 2484 768 2562 reperta
795 2486 886 2562 sunt,
920 2481 1028 2564 appel·

55 2570 182 2644 lentur,
206 2583 267 2625 1100
290 2583 326 2624 ea
349 2562 599 2640 contemnenda,
622 2568 654 2627 et
676 2584 732 2626 suo
754 2564 824 2628 looo
846 2566 1027 2630 inserenda.

129 2647 219 2710 11000
243 2645 352 2709 01111110
375 2649 549 2729 augmenta
577 2667 616 2708 ex
638 2667 709 2709 mea
730 2650 930 2728 recensione,
958 2671 1028 2731 par-

56 2738 121 2802 tim
146 2734 272 2795 tantum
295 2731 358 2795 iam
382 2734 479 2794 antea
501 2729 620 2813 publici
644 2729 722 2792 iuris
744 2729 831 2794 facta
846 2731 1028 2815 vulgantur,

56 2824 97 2885 ut
114 2818 210 2881 eliam
234 2816 295 2880 hac
317 2819 409 2900 parte
424 2821 536 2880 nostra
551 2814 648 2879 editio
662 2835 748 2878 nova
770 2814 882 2880 lectori
905 2816 1026 2881 offerat.

124 2901 164 2966 In
194 2902 276 2967 votis
310 2900 439 2984 quidem
467 2900 641 2985 aliquando
670 2904 752 2979 erat,
786 2900 883 2965 etiam
910 2900 1027 2966 librum

58 2988 140 3053 iuris
164 2986 242 3071 Syro
264 2985 402 3050 Romani
432 3007 451 3049 a
473 2985 507 3052 C.
532 2985 569 3053 G.
592 2984 731 3049 Brunsio
753 2986 839 3051 00010
863 2992 1027 3071 assumpto

58 3072 188 3139 Sachau
215 3071 393 3155 publicato,
425 3075 458 3134 et
485 3071 590 3154 ipsum
613 3090 689 3134 sane
713 3074 788 3135 ante
810 3070 1026 3136 lastinianum

58 3155 245 3222 confectum
274 3156 323 3219 001
352 3155 467 3218 saltem
495 3155 672 3220 sententias
701 3156 779 3219 iuris
808 3157 1026 3221 consultorum

57 3241 297 3321 Romanorum,
349 3260 408 3303 uae
434 3240 528 3303 ineo
552 3240 770 3320 continentur,
800 3240 1026 3323 aliquomodo

57 3328 95 3390 in
118 3329 261 3388 nostram
284 3261 506 3388 collectionem
529 3344 621 3407 posse
643 3325 801 3407 recipere,
828 3346 869 3388 ne
893 3326 969 3408 quid
993 3327 1026 3390 iu

58 3432 112 3491 ea,
141 3410 223 3490 quod
253 3408 367 3472 titulus
395 3408 580 3505 promittere
608 3408 749 3491 videtur,
780 3409 1023 3474 desideraretur.

58 3493 125 3561 Sed
154 3496 186 3554 ct
213 3492 343 3575 linguae
371 3492 537 3557 diversitas
574 3493 717 3577 aliaeque
746 3493 952 3558 difficultates
980 3496 1027 3559 rei

58 3580 136 3661 apte
153 3575 363 3655 perficiendae
379 3576 560 3655 effecerunt,
584 3580 620 3640 ut
634 3598 791 3660 perpensa
806 3599 850 3656 re,
871 3577 934 3643 1100
949 3599 1026 3642 0011·

58 3662 168 3728 silium
181 3707 188 3737 ‚
213 3658 389 3739 peritorum
411 3664 448 3724 ut
464 3682 573 3744 spero,
597 3682 669 3725 cum
691 3661 817 3744 plausu,
841 3661 1024 3725 obiicerem.

130 3758 231 3825 Scrib.
250 3756 463 3824 Vratislaviae
486 3781 594 3825 mense
617 3760 704 3824 Maio
727 3783 753 3825 a.
771 3766 1026 3822 Mocccuxxxv.

445 3904 645 3917 ·-——-----

113 4023 211 4056 ruamur.
226 4021 302 4051 mm.
317 4020 367 4052 arn.
387 4020 425 4053 00.
440 4022 462 4053 v.
808 4004 828 4059 ὶ)
