2378 4386
747 109 799 119 ρ»

433 557 456 592 c.
474 553 568 591 tantvs
587 553 695 590 oannes.
999 546 1040 606 95

80 689 207 757 possunt.
236 697 296 737 cum
318 680 425 755 populis
446 680 538 737 liberis
559 681 611 737 'set
629 698 683 737 non
706 673 864 736 foederatis¹
880 688 907 736 et
923 697 983 737 cum
999 698 1042 738 re·

81 766 160 839 gibus
183 765 377 839 postliminium
392 764 471 821 nobis
485 772 527 820 est
543 766 595 836 ita,
618 766 657 820 uti
672 781 733 821 cum
748 762 883 820 hostibus.
914 781 981 838 quae
996 780 1042 821 na-

82 851 169 906 tiones
184 847 224 904 in'
243 888 270 907 ..
284 888 291 905 .
307 841 426 905 dicione²
440 857 534 905 nostra
543 857 617 922 sunt,
633 848 747 905 cumbis
761 846 973 921 (postliminium
984 866 1041 906 non

83 935 145 1004 est).
164 962 203 972 —
221 932 294 989 l'est.
310 950 334 988 v.
351 932 519 988 Postliminio
535 949 563 1005 p.
580 932 650 989 218.

143 1013 172 1074 2.
196 1015 288 1073 Gallus
303 1015 395 1072 Aelius
410 1015 478 1072 libro
494 1016 524 1072 ll.
539 1014 768 1090 significationum
790 1014 950 1088 uerborum,
971 1032 1041 1091 quae

82 1101 114 1157 ad
129 1103 171 1157 ius
186 1102 334 1174 pertinent,
351 1101 401 1155 ait:
424 1096 506 1154 ‘licus
521 1109 578 1168 est,
600 1102 646 1173 qui
667 1117 727 1157 cum
748 1100 832 1156 altero
854 1100 926 1156 litem
948 1110 1041 1156 conte·

82 1193 177 1242 statam
192 1183 284 1254 babet,
299 1185 358 1240 siue
374 1184 396 1239 is
412 1185 479 1257 egit,
494 1185 552 1239 siue
567 1200 628 1240 curn
643 1200 675 1240 eo
692 1192 780 1240 actum
795 1192 846 1240 est.
870 1183 940 1239 licus
956 1185 1041 1258 stipu-

82 1261 178 1324 lando³
192 1277 233 1325 est
245 1268 335 1335 idem,
357 1269 403 1341 qui
417 1267 561 1341 stipulator
575 1269 688 1336 dicitur,
705 1270 804 1342 quippo
819 1285 869 1323 suo
885 1269 993 1324 nomine
1009 1267 1040 1323 ab

82 1351 169 1408 altero
191 1352 257 1426 quid
279 1351 422 1424 stipulatus
438 1360 488 1421 est,
511 1367 566 1407 non
582 1352 615 1421 is,
638 1353 684 1423 qui
704 1351 780 1406 alteri
795 1350 974 1424 adstipulatus
989 1358 1040 1407 est.

83 1434 154 1492 licus
175 1435 362 1510 promittendo
385 1443 436 1505 est,
460 1436 505 1508 qui
528 1450 578 1490 suo
600 1437 709 1490 nomine
731 1434 808 1489 alteri
825 1434 889 1506 quid
907 1435 1040 1506 promisit,

85 1516 161 1594 (non)
178 1520 224 1593 qui
243 1535 294 1592 pro
309 1517 395 1574 altero
412 1519 475 1592 quid
491 1517 638 1591 promisit'.
655 1548 693 1559 -
709 1516 782 1571 Fest.
802 1534 825 1572 v.
840 1516 910 1572 lteus
925 1534 951 1590 p.
969 1517 1038 1574 273.

39 1664 46 1674 .
146 1598 177 1658 3.
200 1602 302 1659 Saltum
316 1602 410 1658 ,Gallus
429 1601 519 1658 Aelius
531 1601 549 1657 l.
562 1601 593 1660 ll.
609 1599 848 1674 significationum,
864 1616 932 1673 quae
950 1600 983 1655 ad
1001 1601 1041 1656 ius

84 1687 234 1759 pertinent,
246 1687 283 1742 ita
298 1685 406 1742 delinit:
423 1685 526 1741 ‘Saltus
542 1693 594 1756 est,
610 1683 655 1740 ubi
670 1682 754 1740 siluae
770 1692 796 1738 et
811 1686 948 1757 pastiones
964 1694 1037 1756 sunt,

86 1783 199 1842 quarum
219 1784 296 1825 causa
316 1786 393 1826 casae
412 1785 536 1845 quoque:
558 1770 581 1824 si
602 1785 654 1843 qua
673 1767 804 1842 particula
818 1769 845 1822 in
861 1784 893 1824 eo
908 1768 979 1825 saltu
995 1785 1041 1841 pa-

85 1860 191 1908 storum
206 1861 252 1909 aut
267 1853 410 1910 custodum
426 1870 505 1910 causa
521 1862 622 1924 aratur,
639 1869 669 1908 ea
684 1868 728 1907 res
743 1868 798 1907 uon
813 1853 927 1925 peremit
942 1867 1042 1908 nomen

38 1936 186 2008 [sonaltui,
208 1953 262 1993 non
282 1938 368 2010 magis
389 1954 468 2010 quarn
489 1937 581 2007 tundi,
603 1938 649 2010 qui
670 1938 752 1993 estin
769 1936 924 2010 agroculto
941 1938 1040 1992 eteius

86 2036 164 2078 causa
185 2019 265 2077 babet
285 2019 449 2091 aedilicium,
469 2023 492 2076 si
513 2037 565 2094 qua
585 2019 716 2094 particula
736 2021 763 2075 in
777 2036 811 2076 eo
826 2019 906 2076 babet
921 2019 1039 2076 siluam'.

86 2133 127 2145 -
138 2104 211 2161 best.
227 2122 253 2158 v.
271 2104 375 2161 Saltum
390 2122 417 2178 p.
435 2103 506 2161 302.

146 2185 178 2246 4.
200 2189 319 2245 'lotrens
339 2230 425 2245 .....
447 2187 580 2261 siguificat
596 2190 674 2244 etiam
691 2187 819 2259 fluuium,
841 2185 937 2242 subitis
951 2186 1042 2242 imbri·

86 2269 138 2325 bus
152 2273 323 2342 concitatum,
339 2274 385 2346 qui
400 2271 499 2344 alioqui
514 2272 678 2328 siccitatibus
694 2273 839 2342 exarescit,
854 2272 931 2327 cuius
946 2286 1041 2343 aquarn

86 2355 183 2426 ipsam,
207 2370 274 2426 quae
296 2354 370 2432 iluit,
394 2354 493 2411 flumen
515 2364 588 2412 recte
610 2356 662 2411 dici
684 2358 720 2411 ait
741 2355 832 2411 delius
856 2353 945 2411 Gallus
968 2354 986 2410 l.
1010 2353 1040 2411 ll.

86 2433 381 2513 '(tipnifieotionum),⁴
396 2456 465 2513 quae
480 2438 511 2495 ad
527 2441 569 2496 ius
584 2441 734 2512 pertinent3
750 2448 869 2495 ceterum
886 2439 961 2513 uolgi
978 2454 1041 2496 con·

85 2522 228 2578 suetudine
247 2524 298 2578 iam
319 2522 371 2580 dici
391 2522 492 2579 ilumen
507 2531 535 2579 et
549 2539 694 2597 perennem
711 2522 823 2579 iiuuium
838 2531 866 2577 et
882 2531 1040 2579 torrentem.

85 2635 126 2646 -
141 2604 214 2662 uest.
234 2624 259 2660 v.
275 2605 393 2663 'forneus
408 2625 435 2680 p.
452 2606 523 2664 352.

145 2685 173 2749 b.
198 2689 225 2746 G.
248 2688 339 2745 Aelius
360 2688 449 2746 Gallus
471 2693 498 2746 in
517 2689 587 2746 libro
608 2689 642 2744 de
669 2688 865 2761 significatione
886 2685 1042 2758 uerborum,

87 2789 155 2847 quae
169 2773 201 2829 ad
215 2775 258 2830 ius
272 2773 353 2830 ciuile
368 2776 517 2848 pertinent,
532 2773 650 2830 secundo
667 2770 831 2827 uestibulum
842 2786 902 2826 esse
914 2769 978 2826 dicit
988 2787 1043 2827 uon

88 2858 116 2912 in
130 2857 198 2930 ipsis
212 2856 321 2914 aedibus
336 2874 425 2931 neque
439 2866 543 2931 partem
557 2856 678 2927 aedium,
693 2854 741 2911 sed
756 2856 845 2912 locum
861 2863 922 2910 aute
937 2856 1042 2911 ianuam

87 2939 183 2996 domus
205 2956 328 3014 uacuum,
350 2958 401 3014 per
423 2957 502 3015 quem
525 2958 539 2997 a
563 2942 604 2996 uia
627 2940 714 2997 aditus
730 2955 907 3013 accessusque
922 2939 954 2994 ad
970 2939 1042 2995 aedis

87 3031 138 3094 est,
159 3041 219 3081 cum
240 3025 333 3082 dextra
353 3027 516 3099 sinistraque
537 3027 641 3080 ianuam
662 3033 733 3081 tecta
747 3020 854 3098 ’(ειιηί),
876 3018 959 3098 quae⁵
978 3033 1043 3080 sunt

87 3110 145 3164 uiae
164 3110 266 3181 iuncta,
287 3118 368 3183 atque
388 3111 446 3184 ipsa
465 3111 544 3165 ianua
563 3109 659 3183 procul
679 3125 693 3164 a
713 3110 755 3164 uia
776 3115 834 3180 est,
855 3124 916 3165 area
938 3109 1042 3165 uocanti

85 3192 217 3250 intersita.
238 3223 276 3234 -
297 3193 365 3254 Geli.
384 3193 435 3265 16,
452 3192 481 3253 5.
499 3192 526 3265 S.
545 3193 574 3253 3.
590 3192 631 3250 ut.
648 3191 764 3249 llacrob.
781 3191 837 3250 Sat.
854 3192 883 3263 6,
901 3193 929 3250 8.
945 3192 973 3264 S.
992 3191 1040 3248 16.

147 3271 175 3336 6.
196 3278 226 3338 G.
247 3270 369 3334 Aeliusss:
394 3277 532 3351 ‘lmpubcs
552 3277 680 3350 libripens
702 3293 762 3333 esse
777 3293 832 3333 non
847 3283 939 3349 potest
955 3291 1043 3350 neque

158 3448 178 3515 ¹)
191 3449 310 3514 Scriptis
324 3457 348 3500 et
361 3450 546 3500 cumloederetis
557 3450 601 3499 od.
613 3457 636 3498 et
645 3464 692 3499 uon
702 3450 830 3499 foederatis
845 3452 878 3512 qi.
888 3448 920 3497 E.
933 3448 960 3496 F.
972 3449 1044 3498 Hace

90 3517 125 3570 ‘tl
140 3523 182 3571 iate
191 3519 316 3586 portitor)
330 3533 402 3585 pte.
424 3522 462 3585 Cf.
478 3521 510 3569 L.
525 3531 546 3572 t.
562 3522 584 3582 ς.
596 3533 616 3570 t.
631 3521 663 3570 L.
678 3531 690 3569 t
702 3536 745 3583 pr.
760 3521 783 3580 5.
800 3532 819 3569 1.
830 3519 862 3567 L.
879 3531 904 3568 ts
914 3534 957 3581 pr.
968 3521 1000 3568 D.
1012 3520 1043 3568 de

88 3598 151 3655 rapt.
162 3599 187 3642 et
196 3594 310 3656 postlim.
324 3591 370 3658 (tt,
386 3590 430 3658 rt).
461 3588 482 3659 ²)
497 3592 609 3654 opinione
625 3591 668 3640 Cel.
686 3591 821 3640 Fortasse:
835 3591 861 3637 oi
873 3590 971 3652 (officio,
987 3587 1043 3653 ilde)

88 3663 186 3713 dicione.
207 3658 327 3730 [ditione
336 3663 467 3714 arbitratu
478 3663 593 3712 amicitia
602 3658 765 3728 lr]orpioioue
774 3667 856 3709 nostro
867 3661 899 3721 φ’.
910 3659 983 3709 Hace
993 3662 1009 3709 l.
1020 3675 1042 3708 e.

84 3746 110 3795 p.
122 3745 159 3785 tu.
187 3729 209 3792 ⁸)
226 3731 292 3783 Nolo
306 3732 348 3784 bio
362 3741 387 3784 et
401 3735 475 3795 infru
489 3740 588 3782 mutare
604 3732 648 3781 (il.
662 3733 835 3794 scripturum:
846 3736 937 3792 posteo
945 3729 1044 3792 perreli-

86 3817 141 3853 oton
155 3803 324 3868 usurpabant.
353 3801 375 3869 ⁴)
390 3804 521 3869 Suppleoi.
551 3800 699 3866 ⁶)Seripsl,·
713 3807 775 3848 tecta
789 3798 1043 3861 quaestionemque

87 3874 125 3924 ed.
132 3874 223 3925 Hertz.
253 3871 376 3938 ⁸)Dubt'to
384 3891 462 3933 nunc,
471 3888 531 3923 num
540 3879 609 3921 recte
618 3872 661 3922 laic
671 3872 836 3934 intellepotur
844 3865 935 3916 Aetius
947 3866 1043 3918 Gallus,
