2378 4386
698 117 770 128 „m-

383 549 445 585 nam
464 549 568 591 ansuis.
592 531 613 585 Ι.
636 536 755 590 30-82·.
995 530 1054 596 179

88 693 220 749 Romanas
236 692 279 748 uei
296 692 403 748 Latinas
418 691 578 749 coloniarias
593 691 636 748 uei
648 690 768 748 eiusdem
784 689 963 760 condicionis,
977 691 1054 746 cuius

88 788 114 833 ct
135 778 187 852 ipsi
203 785 305 846 esseni,
327 777 409 851 idque
429 778 519 833 testati
540 776 643 833 inerint
658 775 783 832 adhibitis
799 791 853 830 non
869 775 957 831 minus
973 791 1053 849 quam

88 869 192 936 septem
214 861 328 918 testibus
344 860 447 918 ciuibus
463 862 589 918 Romanis
604 860 760 935 puberibus,
784 869 811 917 ei
827 858 910 915 filium
927 876 1053 933 procrea·

88 948 186 1016 norint,
204 964 264 1003 cum
279 948 302 1002 is
319 946 391 1002 iilius
406 946 548 1002 anniculus
561 962 621 1002 esse
634 948 764 1020 coeperit,
780 944 861 1001 datur
875 945 915 1001 eis
931 954 1054 1019 potestas

88 1047 137 1104 per
152 1048 209 1087 eam
225 1031 328 1105 legem,
351 1031 425 1088 adire
446 1041 600 1104 praetorem
618 1031 661 1086 uei
683 1032 710 1087 in
731 1031 881 1105 prouinciis
902 1030 1053 1103 praesidem

88 1117 244 1189 prouinciae
257 1124 285 1170 et
296 1115 457 1190 adprobare,
469 1132 498 1171 se
510 1131 543 1170 ex
558 1116 619 1188 lege
631 1115 705 1170 Aelia
716 1115 808 1170 Sentio
820 1131 932 1170 uxorem
944 1114 1053 1170 duxisse

88 1210 116 1255 ci
131 1216 161 1255 ex
176 1216 207 1256 ea
228 1199 312 1256 filium
328 1200 483 1256 anniculum
499 1199 613 1255 habere:
634 1209 661 1254 et
682 1201 704 1254 si
724 1201 764 1270 is,
786 1198 856 1272 apud
877 1215 957 1272 quem
973 1215 1053 1254 causa

88 1285 199 1357 probata
221 1294 273 1355 est,
294 1285 320 1340 id
342 1287 379 1339 ita
399 1301 461 1340 esse
475 1284 706 1357 pronuntiauecii,
729 1291 832 1338 nuncet
847 1284 906 1356 ipse
922 1277 1051 1338 Latinus¹

87 1378 114 1426 et
129 1386 198 1425 uxor
213 1372 282 1439 eius,
305 1371 327 1424 si
348 1378 376 1425 et
395 1370 454 1442 ipsa
469 1368 591 1424 eiusdem
607 1365 857 1440 (condicionum,
878 1376 905 1423 et
925 1367 1054 1438 ipsorum

85 1457 171 1525 filius,
194 1458 221 1509 si
242 1461 270 1509 ct
289 1458 352 1524 ipse
373 1447 512 1528 eiusdem)
528 1450 693 1507 condicionis
708 1452 752 1520 sit,
775 1451 849 1506 ciues
866 1449 977 1505 Romani
993 1465 1053 1507 csse

85 1538 224 1594 iubentur.
263 1533 313 1592 30.
335 1536 411 1591 idco-
425 1545 514 1591 autem
535 1534 572 1589 ‘in
599 1536 725 1607 ipsorum
748 1527 827 1605 filio²
847 1533 991 1590 adiecimus
1018 1532 1054 1592 ‘si

85 1625 188 1694 etipse
205 1619 508 1681 ciusdemoondicionis
523 1617 581 1686 siv,
605 1621 672 1691 quia
694 1619 716 1673 si
733 1634 801 1673 uxor
816 1617 903 1673 Latini
918 1619 984 1675 ciuis
1001 1617 1052 1674 iio-

85 1723 165 1760 manu
182 1713 234 1774 osi,
252 1706 297 1776 qui
313 1720 344 1758 ex
361 1720 391 1759 ea
407 1705 534 1772 nascitur,
558 1720 589 1759 en
605 1719 679 1759 nouo
694 1711 805 1760 senalus
820 1704 956 1776 consulto,
978 1702 1052 1777 quod

84 1798 200 1845 auctore
225 1789 289 1844 diuo
313 1787 446 1844 Hadriano
469 1788 569 1844 iactum
593 1796 650 1858 est,
673 1790 740 1845 ciuis
764 1788 899 1844 Romanus
921 1791 1051 1846 nascitur.

84 1870 129 1934 81.
151 1873 211 1930 Hoc
232 1882 321 1929 tamen
341 1875 383 1929 ius
399 1873 585 1946 adipiscendae
600 1873 716 1930 ciuitatis
731 1873 866 1930 Romanae
881 1873 985 1928 etiamsi
1001 1874 1053 1929 soli

22 1969 75 2018 [10⁸]
86 1961 204 2015 minores
226 1959 339 2031 triginta
362 1974 493 2014 annorum
512 1959 667 2014 manumissi
689 1967 717 2014 ei
738 1956 826 2014 Latini
849 1956 912 2014 iacti
936 1973 968 2013 en
990 1957 1053 2031 lege

86 2044 158 2099 Aelia
175 2043 269 2099 Sentio
284 2042 447 2114 habuerunt,
471 2053 560 2099 tamen
579 2052 674 2116 postea
690 2052 802 2099 senatus
817 2042 957 2114 consulto,
977 2041 1052 2117 quod

86 2127 189 2201 Pegaso
205 2137 233 2184 et
245 2128 363 2183 Pusione
378 2128 537 2185 consulibus
552 2128 653 2184 iactum
670 2137 722 2200 esi,
738 2136 766 2184 et
779 2126 924 2183 maioribus
940 2128 1051 2200 triginta

87 2228 217 2266 annorum
240 2213 410 2268 manumissis
425 2211 527 2268 Latinis
545 2212 622 2268 iactis
645 2229 803 2270 concessum
824 2220 875 2270 est.
910 2207 959 2273 82.
975 2211 1053 2270 Cete-

87 2310 147 2349 rum
163 2297 264 2353 etiamsi
280 2306 342 2352 autc
357 2297 505 2353 decesserit
515 2296 636 2370 Latinus,
653 2314 732 2372 quam
747 2297 864 2354 anniculi
880 2295 928 2354 iiiii
944 2314 1052 2355 causam

88 2378 220 2455 probarit,
235 2389 328 2455 potest
340 2391 425 2438 maten
437 2383 495 2437 eius
507 2398 613 2437 causam
628 2381 755 2458 probare,
772 2391 799 2438 et
811 2383 850 2437 sic
865 2391 892 2439 ei
907 2385 965 2457 ipsa
981 2381 1028 2439 iict
1044 2376 1048 2459 i

86 2465 153 2521 ciuis
168 2463 297 2537 Romana,
318 2467 341 2521 si
357 2459 464 2522 Latiua³
485 2465 577 2538 suerii,
597 2476 624 2522 et
647 2465 729 2537 iilius,
749 2469 825 2522 cuius
841 2484 961 2523 causum
981 2486 1050 2540 pro·
1062 2466 1087 2516 8·

84 2541 193 2626 boicii.⁴
223 2552 384 2622 permissum
404 2557 563 2620 praeterea
579 2558 622 2606 est
641 2554 701 2622 filio
715 2551 819 2607 Latino
835 2555 920 2607 etiam
936 2555 997 2620 soli,
1020 2559 1051 2607 ut

85 2637 158 2690 ciuis
173 2633 323 2691 Romanus
336 2628 404 2712 filas,
425 2650 465 2691 ex
480 2633 641 2704 quibusdam
656 2638 755 2691 cauno
772 2649 892 2690 causam
909 2636 1051 2705 probare,

85 2725 112 2773 et
128 2736 294 2790 quanquam
314 2714 318 2793 Ι
338 2721 396 2792 ipse
412 2717 483 2775 iilius
499 2719 567 2774 ciuis
582 2719 717 2774 Romanus
734 2721 778 2788 sit,
801 2719 862 2791 quia
878 2733 910 2771 ex
925 2718 985 2773 ciue
999 2718 1051 2773 iio·

86 2818 164 2857 mana
179 2812 263 2859 matre
279 2813 359 2859 natus
382 2812 433 2873 est,
457 2813 545 2859 tamen
563 2801 643 2857 debet
658 2818 764 2858 causam
786 2800 913 2875 probare,
935 2809 965 2856 ui
985 2818 1051 2859 suus

86 2886 166 2941 lieres
181 2889 249 2960 patri
265 2885 320 2942 fiai.
365 2883 428 2946 32¹.
443 2880 555 2966 (Quae)
571 2904 637 2943 uero
652 2879 776 2964 diisimus
793 2887 825 2943 dc
841 2884 897 2942 iilio
914 2887 1049 2956 anniculo,

503 2978 519 3003 Ο

84 3003 296 3012 ——.-.—..

158 3053 177 3120 ¹)
197 3057 261 3107 Post
279 3057 302 3107 d.
321 3073 343 3107 u.
358 3059 384 3105 in
404 3053 449 3105 W
467 3059 626 3108 correctoria
640 3074 716 3107 manu
730 3074 811 3121 supra
826 3059 920 3108 lineam
934 3059 1050 3109 additum

85 3123 223 3195 [iuni]anus
233 3128 349 3191 insipida
359 3130 442 3193 mapis
449 3131 537 3193 plossa
547 3146 622 3193 quam
632 3132 761 3180 correctio
772 3130 881 3179 uidetur.
922 3126 943 3194 1)
960 3130 1050 3180 Possis

83 3201 160 3248 etiam
179 3201 265 3263 lepere
283 3200 307 3247 in
326 3213 428 3262 persona
449 3200 490 3248 ssiii
510 3198 561 3265 (cic
579 3201 617 3251 ed.
638 3200 738 3266 Polen.)
756 3203 796 3250 uel
814 3201 837 3250 in
857 3202 927 3250 buius
946 3216 1049 3266 persona

82 3267 132 3332 (sic
147 3270 185 3320 ed.
200 3269 249 3318 Kr.
265 3268 306 3335 s).
372 3265 393 3334 ⁸)
409 3270 511 3320 Abhinc
525 3272 593 3321 banc
607 3274 629 3334 §-
643 3288 721 3330 nunc,
739 3274 846 3323 reiectis
856 3272 1001 3336 prioribus,
1015 3287 1050 3321 ecc

82 3340 172 3404 Suppl.
188 3339 224 3391 St.
236 3356 263 3403 p.
281 3339 339 3388 XX
352 3340 391 3392 ed.
403 3352 424 3391 2.
439 3344 530 3404 refeci,
541 3344 640 3405 partim
654 3350 752 3392 tuntum
765 3346 906 3393 sententiae
922 3345 948 3391 in
962 3343 1049 3393 eodem

83 3413 168 3474 spatio
186 3411 376 3476 sipnificandue
392 3413 491 3475 pratia.
519 3413 569 3462 Kr.
588 3414 628 3463 ed.
648 3426 661 3464 s
679 3421 777 3463 tantum
796 3413 871 3463 babet
892 3415 970 3475 inerit,
994 3428 1050 3476 per-

84 3484 191 3543 missum,
206 3483 347 3545 quibusdam
358 3488 383 3530 et
397 3483 448 3544 ipse
464 3484 526 3532 iilius
537 3500 593 3533 cum
602 3499 652 3548 seq.
690 3481 712 3549 ⁴)
722 3484 754 3533 In
767 3485 792 3534 C.
801 3486 996 3546 videtursuisse
1006 3485 1050 3532 inii

84 3560 107 3600 ci
121 3554 184 3601 filius
200 3554 238 3601 cui
254 3567 349 3601 causam
362 3548 450 3618 pbarit.
476 3553 584 3604 Scilicet
597 3557 674 3605 etiam
687 3557 755 3605 alios
766 3557 836 3617 filios
850 3554 944 3604 babere
954 3561 1048 3617 potest.

83 3650 295 3659 ψ-

153 3690 178 3763 5.
194 3697 236 3747 30.
256 3694 294 3757 Cf.
310 3695 396 3755 §buo
412 3706 446 3745 80.
470 3694 525 3759 Uip.
540 3707 561 3757 s,
576 3708 596 3746 a.
669 3691 695 3764 ᾗ
711 3698 753 3746 31.
776 3696 814 3759 Cf.
839 3695 893 3759 llip.
913 3706 934 3752 e,
952 3706 972 3743 s.
993 3694 1049 3753 Peg.

84 3773 106 3813 ei
121 3763 186 3833 Pus]
207 3765 241 3828 cs.
257 3777 277 3822 2,
292 3775 339 3816 sos.
368 3767 391 3827 δ.
408 3776 429 3816 o.
458 3765 479 3814 I.
500 3768 531 3815 de
552 3766 638 3828 fideic.
657 3767 745 3815 iered.
766 3768 797 3830 (s,
817 3765 853 3831 so)
877 3763 1049 3827 ‘Vespasiani

83 3836 150 3901 Aup.
166 3833 342 3900 temporibus&
408 3835 433 3898 9.
449 3838 492 3886 32.
514 3837 552 3899 Cf.
569 3836 658 3885 eouat.
674 3848 743 3895 1c,s.
763 3838 801 3897 ἐς.
816 3848 835 3886 n.
852 3845 885 3886 so.
905 3834 977 3894 infra
992 3843 1012 3882 8-
1027 3842 1047 3880 o·

84 3907 107 3967 §-
122 3909 178 3958 32⁸.
199 3907 238 3969 Cf.
253 3907 327 3969 infro
345 3919 366 3965 1,
381 3918 415 3957 τὶ.

796 3985 846 4039 lu·
