2378 4386
954 112 961 119 .

427 624 463 658 DE
481 623 592 659 usumve
611 624 689 658 urm
706 625 725 661 1.
1016 619 1056 677 27

91 748 283 825 agnationibus
303 748 460 805 familiarum
482 748 686 822 distinguuntur
702 757 800 819 status,
815 751 848 822 ‚td
864 753 892 808 ln
906 767 997 807 rerum
1010 769 1057 808 na·

93 845 153 890 tura
169 841 245 890 tauto
260 840 304 889 est
318 831 533 907 magnificentius
549 841 681 906 tantoque
696 833 868 908 praeclarius,
889 843 920 891 ut
934 835 1057 892 homines

92 918 207 974 deorum
230 918 374 991 agnatione
394 925 422 972 et
437 925 519 991 gente
535 924 685 972 teneantur.
718 916 782 974 Vlll.
803 912 851 976 24.
872 935 932 974 nam
947 934 1008 975 cum
1023 919 1057 976 de

93 1010 189 1058 natura
204 1001 321 1057 hominis
336 1002 493 1072 quaeritur,
508 999 641 1072 disputari
656 1000 743 1072 solet,
760 997 807 1074 iet)
823 1004 948 1058 nimirum
963 1004 1001 1058 lta
1016 1012 1057 1059 est

93 1094 125 1141 ut
140 1085 310 1158 disputatur,
326 1086 464 1157 perpetuis
480 1083 603 1140 cursibus
619 1082 919 1159 conuersionibusique)
935 1087 1057 1144 caelesti·

93 1169 145 1226 bus
165 1170 291 1225 extitisse
319 1167 451 1240 quandam
475 1168 653 1223 maturitatem
675 1168 784 1224 serendi
806 1172 914 1243 generis
937 1169 1056 1242 humani,

95 1252 169 1326 quod
187 1268 312 1326 sparsum
332 1253 360 1306 in
376 1259 462 1307 terras
477 1260 558 1324 atque
570 1259 658 1307 satum
673 1251 765 1308 diuino
780 1262 888 1309 auctum
904 1255 939 1309 sit
954 1257 1056 1310 animo-

95 1353 156 1392 rum
167 1352 289 1407 munere,
302 1351 439 1408 quomque
451 1335 510 1404 alia,
523 1333 619 1408 quibus
631 1333 807 1393 cohaererent
818 1337 950 1408 homines,
962 1353 1055 1394 emor·

94 1419 141 1476 tali
155 1436 256 1494 genere
271 1421 447 1492 sumpserint,
463 1435 530 1493 quae
546 1417 650 1492 fragilia
664 1426 755 1476 essent
770 1419 919 1491 etcaduca,
941 1423 1057 1476 animum

95 1519 154 1559 esse
175 1505 364 1577 ingeneratum
385 1519 399 1558 a
421 1502 483 1560 deo.
512 1517 545 1557 ex
564 1518 619 1575 quo
642 1518 706 1558 uere
722 1502 766 1558 uel
780 1505 888 1577 agnatio
904 1503 980 1559 nobis
996 1520 1057 1560 cum

96 1585 255 1643 caelestibus
271 1587 314 1642 uel
330 1603 416 1659 genus
432 1586 476 1643 uel
492 1587 575 1658 stirps
590 1584 718 1657 appellari
733 1594 834 1658 potest.
864 1588 953 1659 itaque
968 1603 1001 1641 es
1015 1595 1058 1644 tot

95 1669 243 1743 generibus
266 1669 369 1726 nullum
392 1678 435 1725 est
456 1669 553 1725 animal
575 1676 684 1741 praeter
705 1669 849 1739 hominem,
873 1669 946 1743 quod
961 1668 1058 1728 babeat

95 1753 220 1809 notitiam
235 1751 348 1824 aliquam
362 1753 416 1824 dei,
436 1754 556 1826 ipsisque
567 1754 594 1807 in
610 1751 763 1807 hominibus
778 1751 851 1808 nulla
867 1769 934 1826 gens
951 1761 993 1809 est
1006 1771 1055 1811 ne·

96 1851 151 1909 que
167 1842 220 1889 tam
235 1845 372 1893 mausueta
386 1853 475 1909 neque
490 1845 542 1892 tam
558 1836 623 1905 fera,
639 1852 707 1909 quae
723 1852 788 1906 non,
809 1838 888 1892 etiam
904 1838 927 1892 si
938 1839 1056 1910 ignoret,

95 1918 204 1993 qualem
225 1917 322 1975 babere
340 1921 420 1976 deum
442 1920 551 1996 deceat,
575 1929 663 1975 tamen
684 1918 833 1977 habendum
848 1923 925 1980 sciat.
953 1916 1001 1978 25.
1025 1937 1057 1978 er

96 2019 150 2076 quo
172 1999 290 2059 eflicitur
309 2002 387 2074 illud,
407 2011 437 2059 ut
456 2005 478 2059 is
501 2012 629 2076 agnoscat
644 2002 735 2075 deum,
756 2006 813 2077 qui,
835 2005 906 2061 unde
922 2013 999 2061 ortus
1011 2007 1057 2076 sit,

97 2087 173 2160 quasi
187 2086 348 2142 recordetur
362 2103 392 2143 ac
406 2083 525 2143 noscat¹
553 2089 604 2143 iam
620 2103 686 2143 uero
702 2090 790 2143 uirtus
802 2089 894 2145 eadem
908 2090 937 2145 in
948 2090 1056 2146 homine

96 2186 128 2226 ac
142 2169 193 2226 deo
208 2177 251 2226 est
265 2187 355 2243 neque
369 2170 420 2226 alio
438 2170 493 2226 ullo
508 2173 536 2226 in
552 2187 652 2244 genere
666 2178 822 2243 praeterea;
839 2179 880 2227 est
896 2180 985 2227 autem
1001 2175 1056 2227 uir-

96 2262 141 2309 tus
161 2253 227 2309 uibil
248 2253 319 2310 aliud
341 2255 391 2309 uisi
413 2254 532 2327 perfecta
553 2262 581 2309 et
596 2255 628 2309 ad
642 2271 775 2310 summum
798 2253 928 2327 perducta
948 2262 1055 2310 natura:

97 2345 141 2392 est
155 2338 239 2409 igitur
252 2337 353 2393 homini
368 2354 429 2393 curn
444 2336 495 2392 deo
510 2336 666 2396 similitudo.
696 2337 769 2411 quod
791 2354 851 2393 cum
866 2339 903 2393 ita
917 2339 968 2408 sit,
990 2354 1057 2410 quae

96 2417 205 2476 tandem
226 2436 284 2476 esse
305 2430 397 2495 potest
416 2423 528 2494 propior
542 2422 677 2476 certiorne
692 2422 835 2493 cognatio?
855 2424 945 2495 itaque
961 2420 993 2476 ad
1008 2422 1057 2478 ho·

96 2506 198 2560 minum
217 2505 423 2561 commoditates
443 2511 471 2560 et
493 2520 558 2559 usus
578 2512 680 2558 tantam
694 2520 784 2559 rerum
800 2505 948 2561 ubertatem
963 2515 1058 2561 natura

96 2587 194 2661 largita
208 2596 261 2659 est,
276 2597 307 2644 ut
322 2604 363 2659 ea,
378 2605 446 2661 quae
462 2588 623 2661 gignuntur,
638 2587 736 2642 donata
750 2588 876 2643 consulto
892 2589 981 2658 nobis,
1002 2605 1056 2643 non

98 2671 211 2727 fortuito
234 2679 295 2728 nata
317 2673 470 2739 uideantur,
494 2686 544 2726 nec
566 2669 654 2725 solum
677 2685 717 2738 ca,
740 2686 808 2741 quae
831 2669 953 2741 frugibus
976 2679 1057 2742 atque

97 2753 168 2810 bacis
179 2762 266 2810 terroe
277 2755 335 2811 fetu
347 2753 559 2830 profunduntur,
572 2752 621 2808 sed
632 2753 712 2807 etiam
723 2752 841 2824 pecudes
854 2745 985 2824 'quoque²
998 2768 1057 2824 per·

97 2838 220 2912 spiceum
239 2840 275 2894 slt
295 2840 393 2912 partim
407 2853 468 2894 esse
483 2837 515 2893 ad
526 2854 605 2893 usum
617 2836 766 2904 hominum,
782 2836 877 2908 partim
887 2835 919 2890 ad
930 2833 1057 2907 fructum,

95 2921 195 2995 partim
216 2921 249 2977 ad
271 2921 435 2978 uescendum
456 2930 620 2994 procreatas.
656 2915 705 2977 26.
727 2929 798 2975 artes
820 2933 885 2974 uero
908 2920 1058 2975 innumera·

95 3003 164 3061 biles
179 3013 302 3080 repertae
317 3013 382 3062 sunt
397 3005 513 3062 docente
527 3015 637 3075 natura,
660 3021 739 3078 quam
760 3005 860 3059 inritata
882 3005 950 3061 ratio
967 3020 1010 3060 res
1025 3004 1058 3061 ad

96 3091 179 3144 uitam
205 3091 369 3145 necessarias
390 3088 517 3144 sollerter
537 3096 681 3144 consecuta
704 3097 754 3143 est.
791 3087 832 3144 lli.
861 3090 948 3161 ipsum
969 3097 1057 3145 autem

95 3173 232 3229 hominem
254 3172 348 3229 eadem
370 3182 464 3229 natura
485 3188 540 3227 non
561 3172 650 3227 solum
672 3172 809 3229 celeritate
829 3173 925 3227 nreutis
942 3174 1056 3245 ornauit,

95 3256 143 3313 sed
158 3264 187 3312 et
200 3272 297 3312 sensus
310 3265 443 3329 tamquam
458 3256 587 3312 satellites
603 3255 730 3311 adtribuit
744 3271 774 3311 ac
788 3257 908 3324 nuntios,
925 3264 952 3311 et
967 3271 1058 3312 rerum
1112 3250 1115 3254 Α

94 3339 270 3415 plurimarum
286 3339 413 3397 obscuras
429 3338 491 3413 (set)
507 3331 686 3396 necessarias³
705 3339 906 3413 intellegentias
923 3331 962 3394 ei³
976 3339 1057 3394 dous·

94 3424 136 3481 uit
151 3424 229 3497 quasi
244 3423 416 3480 fundamenta
431 3423 561 3497 quaedam
582 3424 726 3493 scientiae,
748 3421 918 3497 figuramque
934 3424 1057 3495 corporis

94 3507 211 3565 habilem
226 3517 255 3563 et
269 3514 359 3581 uptam
373 3509 482 3582 ingenio
498 3507 614 3563 humano
629 3505 716 3562 dedit:
733 3522 792 3562 nam
808 3523 868 3562 cum
883 3515 986 3562 ceteras
1002 3506 1057 3560 ani·

93 3600 199 3648 mantes
221 3589 363 3648 abiecisset
381 3592 414 3647 ad
433 3599 550 3665 pastum,
571 3591 659 3646 solnm
681 3590 816 3645 bominem
831 3591 915 3646 erexit
931 3588 964 3644 ad
980 3588 1058 3644 caeli·

167 3792 189 3862 ¹)
204 3802 318 3858 agnoscat
335 3794 391 3845 AB.
411 3803 436 3845 et
454 3802 566 3857 agnoscat
583 3796 622 3845 ed.
634 3794 664 3844 V.
699 3790 720 3859 ’)
739 3791 867 3857 quodAB.
902 3789 924 3857 ⁸)
942 3793 1057 3841 obscuras

91 3882 137 3918 nec
156 3867 217 3916 satis
236 3866 413 3927 intellegencias
432 3864 564 3929 (mutatam
584 3868 611 3914 in
629 3865 729 3928 gendes)
749 3872 773 3912 et
791 3863 846 3911 AB.
879 3864 994 3911 obscuras
1013 3872 1057 3906 neo

90 3940 152 3989 tetis
165 3950 203 3990 rs*
217 3936 391 3998 intellegentias
405 3943 429 3984 et
442 3936 481 3984 ed.
502 3936 533 3984 V.
550 3936 588 3998 Of.
604 3948 624 3995 t,
639 3945 673 3994 tt,
687 3944 721 3984 te.
736 3934 768 3981 de
779 3934 825 3994 fin.
839 3941 861 3991 o,
875 3943 910 3992 tt,
924 3941 958 3981 os.
