2378 4386
165 531 230 597 m
444 528 833 585 mwmnmmo

165 689 259 752 tatem,
274 680 351 754 quasi
360 679 451 735 heredi
463 686 491 734 et
504 679 532 733 in
545 676 671 733 heredem
687 676 749 733 dare
761 676 862 749 coepit,
874 690 975 748 eaeque
987 675 1015 731 tn
1027 673 1117 732 edicto

166 771 366 839 proponuntur.
402 758 470 819 264.
494 761 546 817 Sed
562 777 657 817 rursm
673 763 734 834 quia
750 760 864 816 heredes
879 760 982 832 scripti,
999 775 1059 815 cum
1072 769 1119 817 aut

167 856 250 904 totam
264 845 440 903 hereditatem
456 853 502 902 aut
517 860 602 918 paene
614 852 698 901 totam
710 845 870 917 pierumque
881 845 1025 899 restituere
1038 860 1119 917 roga·

166 930 280 1001 bantur,
305 929 378 986 adire
403 928 579 986 hereditatem
601 927 636 984 oh
659 928 761 984 nulium
782 937 828 984 aut
849 929 987 983 minimum
1012 925 1119 984 lucrum

165 1012 336 1084 recusabant,
352 1022 433 1087 atque
448 1012 483 1070 oh
497 1012 525 1069 id
540 1011 766 1086 extinguebantur
783 1010 998 1080 fideicommissa,
1010 1011 1119 1084 'postea

165 1093 287 1171 Pegaso¹
309 1104 338 1153 et
359 1097 475 1153 Pusione
491 1092 674 1168 (consulibus)
695 1104 806 1153 senatus
827 1097 949 1165 consuit,
972 1103 1002 1150 ut
1017 1096 1055 1165 ei,
1073 1098 1119 1169 qui

165 1190 279 1255 rogatus
294 1191 369 1238 escet
383 1181 560 1238 hereditatem
575 1182 736 1250 restituere,
760 1179 874 1253 proinde
889 1180 983 1236 liceret
997 1188 1118 1253 quartam

165 1274 268 1341 partem
284 1267 411 1337 retinere,
428 1274 509 1339 atque
523 1281 538 1321 e
554 1264 615 1338 iege
628 1263 741 1320 dulcidio
753 1266 781 1319 ia
793 1263 888 1336 iegatis
898 1262 1043 1321 'retinendi
1055 1256 1119 1321 ius²

165 1349 338 1407 conceditur:
358 1365 389 1405 ea
404 1349 520 1423 singuiis
536 1365 647 1422 qnoque
662 1348 761 1419 rebus,
783 1364 853 1420 quae
867 1364 917 1421 per
932 1347 1119 1406 fideicommis-

165 1450 226 1490 sum
245 1433 454 1507 reiiapuuntur,
481 1431 575 1489 eadem
594 1433 712 1489 retentio
738 1433 868 1506 permissa
888 1440 938 1488 est„
975 1450 1024 1508 per
1045 1432 1116 1506 quod
1128 1438 1178 1486 [²01

165 1526 274 1575 senatus
289 1518 444 1575 consultum
459 1518 518 1592 ipse
535 1513 637 1589 (derce)
655 1531 737 1572 onera
747 1515 909 1573 hereditaria
924 1519 1056 1583 sustinet;
1072 1516 1118 1572 iiie

166 1610 270 1672 antem,
291 1603 338 1674 qui
352 1618 384 1658 en
407 1599 614 1657 iideicommisso
630 1599 758 1673 reliquam
778 1608 884 1674 partem
900 1601 1059 1659 hereditatis
1073 1615 1117 1655 re·

165 1686 240 1758 cipit,
255 1683 380 1757 legatarii
392 1686 514 1759 partiarii
527 1683 590 1740 ioco
606 1691 657 1755 est,
673 1683 757 1740 idest
772 1686 830 1741 eiua
846 1683 982 1758 legatarii,
997 1687 1040 1742 cui
1055 1701 1117 1758 pars

164 1766 298 1824 honorum
312 1766 433 1843 legatum
455 1783 523 1840 qnae
543 1767 647 1839 species
668 1766 752 1840 iegati
771 1770 882 1843 partitio
905 1778 1034 1839 uocatur,
1056 1769 1118 1841 quia

165 1867 226 1910 cnm
241 1852 339 1909 herede
355 1852 500 1925 legatarius
517 1852 631 1923 partitur
639 1851 831 1908 hereditatem:
847 1850 918 1907 uude
930 1853 1053 1909 eiiectum
1066 1860 1117 1920 est,

165 1943 196 1993 nt
211 1952 279 2009 quae
294 1935 384 1992 soient
399 1933 587 2009 stipulationes
603 1936 673 1991 inter
688 1934 813 1991 heredem
829 1942 858 1991 et
872 1937 1027 2008 partiariunr
1043 1937 1117 2010 iega-

165 2021 262 2075 tarium
277 2020 422 2092 interponi,
434 2017 542 2074 eaedem
553 2018 762 2093 interponantur
772 2019 844 2074 iuter
854 2033 925 2087 eum,
941 2022 987 2091 qni
1000 2035 1031 2074 et
1043 2018 1118 2075 fidei·

164 2104 300 2160 commissi
316 2119 395 2160 eausa
410 2103 506 2175 recipit
522 2101 707 2174 hereditatem,
723 2101 908 2171 etheredum,
924 2101 951 2156 id
968 2109 1020 2173 ast,
1045 2111 1073 2156 nt
1090 2110 1117 2157 et

164 2186 269 2243 incrum
284 2195 313 2242 et
326 2187 451 2242 damnum
467 2184 657 2242 hereditarium
672 2203 722 2260 pro
736 2193 794 2242 rata
809 2194 885 2259 parte
897 2185 969 2240 inter
983 2202 1031 2241 eoa
1043 2201 1118 2241 com·

166 2285 246 2326 mnne
266 2271 311 2327 ait.
354 2265 420 2328 866.
444 2268 514 2342 Ergo
535 2269 667 2343 siqnidem
688 2285 742 2326 non
756 2268 818 2343 pius
834 2283 914 2343 qaam
928 2269 1088 2327 dodrantem
1112 2264 1116 2348 i

97 2357 156 2408 120.
166 2353 324 2409 hereditatis
344 2355 461 2428 scriptus
477 2353 555 2411 heres
569 2363 680 2427 rogatus
700 2355 738 2409 sit
751 2354 911 2425 restituere,
931 2362 990 2410 tum
1006 2370 1038 2410 er
1054 2355 1118 2411 Tre·

166 2428 280 2493 deii'iano
295 2446 405 2494 senatus
420 2438 546 2495 consuito
561 2440 714 2494 restituitur
728 2437 874 2507 hereditas,
891 2445 919 2494 et
932 2439 961 2494 ia
971 2447 1117 2511 utrumque

166 2522 286 2578 actiones
297 2521 474 2579 hereditariae
485 2539 535 2597 pro
547 2530 606 2578 rata
617 2529 694 2596 parte
707 2521 815 2592 dantur,
830 2523 857 2577 ia
869 2521 996 2599 heredem
1009 2523 1115 2597 quidem

165 2607 224 2662 iure
243 2608 331 2678 ciuili,
348 2608 375 2663 in
391 2623 451 2664 eum
467 2622 549 2677 uero,
571 2607 617 2679 qui
631 2606 727 2679 recipit
741 2605 933 2678 hereditatem,
955 2622 987 2663 er
1007 2615 1116 2663 senatus

165 2691 292 2749 consulto
311 2692 497 2759 Treheiiiaa03
523 2706 684 2764 quamquam
705 2690 784 2746 heres
804 2691 882 2745 eiiam
904 2706 954 2763 pro
975 2706 1005 2746 ea
1029 2699 1116 2763 parte,

165 2791 244 2850 quam
259 2778 389 2848 restituit,
404 2777 484 2832 heres
500 2782 647 2848 permanet,
665 2775 743 2847 eique
758 2781 787 2830 et
800 2775 828 2830 iu
844 2788 905 2829 eum
917 2772 1024 2830 solidae
1035 2775 1117 2829 actio·

165 2875 214 2915 aes
234 2867 404 2934 competuat3
424 2857 472 2915 sed
493 2874 548 2914 nou
569 2856 683 2914 niterins
705 2865 852 2929 oneratur,
872 2873 923 2914 nee
943 2856 1058 2913 ulterius
1079 2856 1117 2912 ilii

166 2942 264 2999 dautur
283 2946 419 3013 actiones,
437 2957 516 3016 quam
538 2942 612 3014 apud
630 2957 691 2998 eum
713 2940 884 2998 commodum
904 2940 1057 2997 hereditatis
1072 2955 1116 2994 re·

166 3034 265 3080 manet.
316 3021 383 3083 256.
411 3027 447 3080 nt
470 3026 494 3080 ti
513 3024 574 3098 quis
596 3023 657 3098 pius
682 3041 762 3097 quam
786 3024 945 3082 dodrantem
965 3023 1008 3080 uel
1034 3022 1114 3078 etiam

165 3157 377 3166 -———.—-

240 3213 259 3279 l)
274 3216 305 3265 In
320 3216 344 3264 V
347 3212 368 3248 ¹⁸
378 3216 537 3280 praeeeditp
540 3253 546 3274 ,
562 3217 631 3281 quad
643 3219 743 3281 alioqui
751 3219 883 3283 aipnilieat
897 3226 984 3281 potest,
999 3223 1115 3282 potestate

166 3285 274 3347 Publius3
292 3286 339 3335 ced
356 3289 470 3336 ronauiic
484 3302 641 3350 praenomen
660 3290 809 3352 ipnoratur,
832 3305 937 3352 cumpace
956 3291 1032 3338 etiam
1050 3290 1117 3337 aliae

166 3365 242 3407 notae
251 3358 274 3420 p'
285 3365 309 3406 et
319 3360 335 3420 p
346 3364 532 3420 permutentur,
547 3374 603 3406 cunt
613 3357 686 3407 Sada
696 3366 735 3422 (p.
745 3357 795 3425 aaa)
805 3374 840 3408 ex
850 3358 933 3408 Instie.
945 3361 1017 3409 edidi
1026 3367 1117 3423 postea.

164 3421 186 3490 ¹)
200 3427 331 3476 retinendis
351 3422 402 3474 W.
426 3427 532 3476 retinere
546 3427 585 3475 ed.
600 3426 674 3476 Stud.
695 3428 769 3490 0111,
785 3440 818 3479 at.
838 3439 859 3488 t,
874 3439 906 3477 ιι.

236 3578 260 3650 5.
276 3585 334 3632 254.
351 3585 456 3644 =§.a.
476 3582 537 3633 dh.
553 3583 676 3648 t.(e‚ra).
696 3584 883 3649 apennia.
913 3587 967 3650 Uip.
984 3599 1018 3645 aa,
1034 3600 1067 3638 aa.
1084 3598 1116 3639 ιι.

167 3653 241 3701 Pani.
256 3663 278 3712 ι,
292 3664 312 3704 ι.
337 3652 361 3702 P.
377 3659 401 3701 ei
420 3653 444 3701 P.
460 3653 608 3722 consulibus]
635 3655 791 3718 Vespasiani
809 3657 965 3717 temporibus·
982 3673 1006 3704 a.
1022 3670 1118 3709 ιιι-80.

105 3750 113 3763 ·
164 3719 274 3791 partitio]
294 3724 328 3786 of.
353 3722 408 3786 tap.
427 3735 465 3781 at,
485 3734 518 3775 aa.
546 3724 695 3788 Theopha,
714 3736 748 3774 aa.
767 3727 789 3785 ξ.
805 3736 825 3774 a.
893 3720 918 3790 ς.
935 3728 993 3774 255.
1011 3730 1081 3787 τις.
1097 3740 1117 3777 a.

164 3793 226 3842 La.
242 3801 258 3843 t.
274 3793 305 3858 (a,
320 3792 364 3860 aa).
389 3792 428 3856 Cf.
447 3793 501 3857 Uip.
517 3805 551 3852 aa,
566 3806 599 3845 at.
624 3794 655 3842 L.
670 3804 703 3844 oa.
730 3793 761 3841 D.
777 3794 842 3842 adt.
859 3792 930 3843 fote.
945 3793 990 3858 (ιι,
1005 3794 1036 3860 a).

162 3859 726 3933 §mmmmmnmmm
