2378 4386
499 565 535 600 ns
553 523 712 602 vsnrnvcrv.
1020 548 1080 612 745

166 691 167 694 ’
193 690 240 751 stt.
264 693 292 750 st
316 702 402 751 tamen
424 710 473 769 per
488 693 685 752 damnationem
709 694 880 752 ususfructus
901 695 1018 770 legetur,
1040 697 1083 752 ius

130 778 303 837 adcrescendi
326 787 427 835 cessat:
451 794 505 836 nnn
528 779 664 849 inmerito,
688 781 814 853 quoniam
835 779 971 837 damnatio
993 789 1083 854 partes

131 863 203 920 facit.
244 862 357 919 Proinde
373 865 396 918 si
411 865 449 918 rei
461 862 562 919 atienae
579 862 750 920 ususfructus
767 863 889 937 legetur,
909 872 937 920 et
952 879 984 920 ex
999 863 1082 920 Nero·

129 949 208 1004 niano
224 944 399 1003 confirmetur
414 946 547 1020 legatum,
570 948 627 1002 sine
643 944 723 1002 dubio
741 946 884 1003 dicendum
900 956 957 1017 est,
981 951 1023 1004 ius
1038 946 1083 1003 ad·

130 1029 268 1088 crescendi
291 1045 413 1100 cessare,
442 1031 464 1085 si
486 1029 566 1084 modo
589 1038 652 1101 post
678 1032 856 1087 constitutum
885 1030 1083 1089 usumfructum

131 1116 211 1171 fuerit
234 1115 355 1169 amissus.
401 1111 497 1185 quodsi
520 1106 633 1167 'anten¹
660 1115 751 1169 socius
777 1115 897 1184 amittat,
925 1117 976 1172 erit
997 1115 1084 1172 danda

131 1200 214 1255 totius
238 1199 345 1271 petitio.
389 1195 526 1269 idemque,
549 1196 620 1250 etsi
643 1196 746 1251 sinendi
769 1196 850 1252 modo
874 1197 955 1255 fuerit
976 1198 1083 1272 legatus

129 1282 310 1341 ususfructus.
354 1282 394 1334 An
417 1288 506 1334 tamen
529 1280 555 1333 in
578 1272 755 1350 Neroniano,²
783 1280 909 1352 quoniam
932 1281 1083 1353 exemplum

127 1365 317 1422 uindicatfonis
339 1363 487 1435 sequimur,
511 1360 605 1416 debeat
625 1361 687 1433 dici,
711 1362 802 1418 utilem
818 1364 960 1434 actionem,
984 1366 1083 1420 amisso

128 1449 272 1506 usufructu
288 1446 321 1501 ab
337 1446 433 1516 aitero,
449 1445 526 1500 alteri
542 1443 663 1514 dandam,
681 1447 771 1518 quaeri
787 1453 892 1518 potest:
915 1455 942 1502 et
957 1453 1025 1520 puto
1039 1462 1082 1502 se·

128 1530 245 1588 cundum
262 1528 407 1598 Neratium,
430 1527 634 1584 admittendum.
680 1528 706 1583 in
724 1526 931 1586 ddetcommisso
952 1529 1082 1586 autemid

128 1615 276 1686 sequimur,
295 1611 368 1685 quod
384 1614 411 1667 in
426 1611 604 1671 damnatione.

191 1690 240 1752 86.
264 1688 444 1768 ³Nouissimo,
467 1696 540 1768 quod
562 1696 598 1751 ait
616 1693 740 1767 Sabinus,
761 1698 784 1753 si
807 1698 885 1753 uxori
907 1712 967 1754 cum
990 1695 1082 1754 liberis

128 1779 301 1837 ususfructus
323 1779 449 1854 legetur,
477 1780 581 1835 amissis
604 1779 695 1836 liberis
717 1795 775 1836 eam
798 1780 911 1851 habere,
935 1781 1014 1854 quale
1035 1783 1080 1851 sit,

128 1863 283 1919 uidendum.
321 1861 353 1918 m
368 1862 500 1934 siquidem
517 1861 564 1918 ‘do
580 1861 656 1938 lego’
672 1864 790 1938 legetur,
814 1866 920 1920 tametsi
936 1866 997 1937 quis
1012 1862 1082 1921 filios

128 1946 273 2022 legatarios
289 1948 438 2020 acceperit,
454 1947 510 2001 sine
527 1945 608 2003 dubio
625 1947 714 2005 locum
729 1945 837 2003 habebit
853 1955 964 2021 propter
979 1949 1021 2003 fus
1037 1948 1082 2004 ad·

75 2029 277 2092 concrescendi.
313 2030 361 2086 sed
376 2031 397 2085 si
414 2029 535 2103 legatarii
550 2045 605 2086 uon
622 2031 731 2102 fuerint,
747 2030 833 2086 multo
845 2032 940 2105 magis,
956 2032 1082 2105 quoniam

128 2123 230 2190 partem
253 2117 277 2170 ei
301 2129 355 2170 unu
378 2111 518 2184 fecerunt,
542 2117 646 2170 tametsi
668 2131 729 2172 cum
751 2130 782 2171 ea
805 2123 955 2172 uterentur.
1000 2113 1082 2171 diatro

128 2207 216 2255 autem
233 2206 353 2268 mortua,
372 2196 504 2269 siquidem
519 2196 643 2270 legatarii
656 2198 782 2268 fuerunt,
806 2198 857 2255 soli
873 2196 1009 2255 habebunt
1024 2200 1083 2255 iure

127 2281 313 2338 adcrescendi:
329 2282 351 2336 si
363 2280 487 2349 heredes,
499 2296 554 2336 non
566 2282 624 2336 iure
635 2281 817 2354 adcresccndf,
829 2281 878 2338 sed
889 2284 946 2339 iure
958 2282 1081 2349 dominii,

128 2366 151 2420 si
167 2364 267 2419 fundus
283 2379 375 2422 eorum
389 2371 440 2434 est,
456 2365 522 2437 ipsis
536 2359 709 2434 'adcrescit;⁴
723 2367 764 2422 sin
780 2368 878 2437 minus,
894 2367 1003 2423 domino
1019 2382 1083 2443 pro·

128 2448 259 2521 prietatis.
273 2448 320 2504 sed
329 2449 352 2504 si
361 2465 411 2505 nec
422 2446 534 2503 heredes
542 2446 718 2521 fuerunt,nec
726 2449 857 2524 legatarii,
867 2449 932 2506 nihil
940 2448 1083 2509 habebunt.

190 2527 238 2592 87.
262 2526 377 2600 ⁵0n0ust
399 2547 448 2605 per
463 2531 658 2588 damnationem
680 2533 763 2589 fuerit
784 2533 955 2589 ususfructus
974 2532 1082 2607 legatus

128 2617 218 2687 matri,
232 2615 365 2691 siquidem
380 2614 504 2687 legatarii
518 2624 582 2671 sunt
604 2615 660 2685 iiiii,
678 2625 767 2690 partes
786 2611 933 2689 ’ifoctrsm⁰
954 2624 1034 2671 sunt:
1059 2618 1082 2672 si

127 2714 182 2756 non
197 2709 278 2771 sunt,
301 2698 360 2755 sola
376 2707 462 2755 mater
475 2699 602 2773 legatario
617 2706 675 2769 cst,
698 2713 749 2754 nac
765 2699 914 2755 mortalitas
936 2697 1083 2755 liberorum

127 2793 229 2856 partem
252 2776 343 2839 ’etus⁷
367 2783 437 2839 facit.
482 2777 557 2858 [82]
583 2775 714 2838 ⁸Sabinus
737 2790 810 2839 certe
833 2780 924 2839 uerbis
945 2783 1005 2837 istis
1027 2797 1082 2839 uon

128 2866 260 2937 ostendit,
285 2873 376 2922 utrum
399 2865 520 2940 legatarii
543 2866 658 2937 fuerint,
681 2882 730 2923 neo
749 2881 792 2922 ne.
837 2865 885 2922 scd
901 2864 1018 2922 fulfanus
1035 2864 1081 2922 tto.

127 2949 223 3007 xxxV.
239 2949 309 3024 dig..
333 2950 415 3005 relata
431 2948 521 3005 Sabini
537 2952 685 3022 scriptura,
709 2951 760 3020 ait,
782 2948 989 3025 intelligendum
1009 2965 1082 3021 eum,

128 3035 173 3106 qui
190 3033 264 3090 solos
279 3032 379 3090 liberos
394 3032 507 3089 heredes
522 3032 630 3103 scribit,
654 3050 709 3090 non
725 3044 755 3089 ut
775 3033 968 3107 legatariorum
986 3032 1083 3090 fecisse

127 3119 303 3190 mentionem,
319 3117 366 3173 sed
381 3124 411 3172 ut
427 3117 583 3174 ostenderet
598 3119 693 3192 magis,
710 3125 821 3173 matrem
838 3118 874 3173 ita
886 3133 915 3173 se
933 3116 1003 3174 uelle
1019 3117 1082 3188 frui,

128 3208 157 3256 ut
174 3201 274 3258 liberos
293 3217 384 3258 secum
403 3199 511 3256 habeat:
535 3199 701 3276 ‘alioquin’,
724 3202 822 3274 inquit,
845 3198 889 3255 ‘in
912 3198 1082 3258 damnatione

127 3286 195 3340 ratio
224 3301 278 3341 non
305 3284 479 3359 permittebat
506 3286 548 3341 fus
576 3277 791 3343 adcrescendi.’⁹
820 3285 965 3358 proposuit
992 3292 1083 3341 autem

201 3467 221 3535 ¹)
236 3470 384 3521 DeBncdd.
400 3474 432 3535 φ’.
448 3479 501 3519 aute
517 3481 540 3521 et
555 3472 612 3520 Vot.
624 3474 681 3521 edd.
734 3467 969 3536 ¹)Gfildai.2,1ttt.
1017 3468 1082 3537 ⁸)In

127 3542 251 3602 epitomen
267 3542 368 3606 redegit
381 3542 445 3591 doec
459 3541 490 3589 h.
501 3553 521 3590 ts.
542 3541 574 3588 1).
589 3542 621 3590 de
636 3541 719 3603 onufr.
734 3557 803 3591 ocor.
820 3540 852 3607 (t,
862 3541 892 3606 a).
915 3541 952 3605 Gs.
965 3541 1018 3591 Cr'c.
1030 3557 1083 3604 pro

130 3611 202 3659 f'oec.
217 3624 238 3661 4.
254 3626 336 3674 supro
350 3614 373 3673 fi.
388 3623 421 3663 ta.
480 3607 502 3672 ⁶)
518 3610 607 3659 Modiin
622 3611 723 3659 adcedit
782 3609 803 3675 ι)
820 3610 968 3661 Oromenus
981 3618 1082 3660 antece-

128 3682 212 3729 dentis
227 3682 254 3742 §i
267 3681 310 3730 iiic
324 3689 352 3730 ut
365 3683 393 3730 in
408 3682 468 3729 aliia
482 3681 530 3740 δίε,
547 3682 669 3730 etiamst.
684 3687 709 3729 et
722 3691 766 3737 stt„
782 3683 852 3729 nulio
867 3683 1010 3738 interiecto,
1021 3696 1083 3730 con-

128 3753 237 3808 tinuari,
248 3754 336 3815 poium
350 3759 395 3801 eat.
470 3745 492 3813 ⁸)
506 3748 624 3806 Recidit,
639 3756 667 3798 ut
681 3756 754 3813 puto,
770 3751 830 3798 fecte
844 3750 875 3800 ob
888 3751 1082 3799 similitudinem

127 3829 241 3883 operte,
257 3823 301 3870 oui
315 3837 326 3870 s
341 3836 375 3869 ex
389 3827 444 3869 sunt
457 3819 583 3870 addoerit.
606 3827 686 3881 partes
701 3827 797 3867 sumunt
810 3819 849 3868 ed.
862 3819 975 3869 Momma.
1025 3817 1045 3885 7)
1060 3820 1083 3868 ei

133 3890 192 3938 Vct.
207 3890 265 3939 edd.
334 3888 356 3954 ο)
371 3890 402 3938 L.
418 3901 438 3940 a.
454 3891 497 3938 cit.
512 3888 636 3952 quaedam
650 3903 684 3938 ex
702 3889 743 3937 dio
761 3888 841 3937 dedet.
912 3886 984 3954 ⁹)Et
998 3896 1080 3938 tamen
