2378 4386
356 538 416 575 om
434 538 531 578 issara.
549 519 583 574 ll.
602 524 755 578 ibi-270⁴.
978 522 1039 588 281

76 681 281 755 relinquantur,
302 680 334 736 sb
350 681 402 753 his,
424 697 498 755 quae
513 680 616 738 directo
632 681 690 737 iure
712 680 849 755 legantur.
886 676 958 739 269.
974 681 1040 738 Nam

75 783 137 824 eoce
153 783 202 841 per
217 765 452 823 fideicommissum
468 763 562 822 ’etiam
577 768 651 833 snite
671 765 778 822 heredis
800 760 1040 838 (institutionem)¹

75 850 191 926 relinqui
211 859 315 924 potest:
338 867 398 908 cuin
421 850 540 924 alioquin
562 851 682 925 legatum
698 850 872 908 'testamenti
890 853 977 918 inittio
995 854 1040 909 da·

76 929 146 992 turn²
176 934 270 992 inutile
301 936 347 992 sit.
367 928 486 1005 ††·†³
525 930 595 993 270.
618 936 685 992 ltem
718 937 864 994 intestatus
891 939 1039 995 morituras

10 1027 59 1081 [²0⁴1
75 1028 167 1095 potest
183 1019 215 1076 ab
230 1036 276 1091 eo,
301 1020 334 1075 ad
356 1036 437 1093 quem
459 1019 530 1074 bons
552 1021 610 1074 eius
626 1021 780 1093 pertinent,
798 1019 1040 1079 fidelcommissum

75 1104 154 1161 elicui
169 1104 337 1178 relinquere3
353 1121 414 1160 eum
431 1104 551 1177 alioquin
567 1103 599 1159 eb
611 1120 644 1159 eo
660 1103 745 1178 legari
761 1121 815 1160 non
832 1108 929 1178 possit.
956 1102 1039 1164 2⁷0⁸.

74 1189 147 1246 Item
166 1192 291 1264 leuatum
310 1190 451 1246 codicillis
466 1188 589 1244 relictum
613 1204 666 1243 non
687 1187 766 1244 aliter
787 1189 868 1253 uolet,
892 1206 970 1264 quam
986 1194 1039 1247 sie

76 1281 207 1330 testatore
223 1271 374 1331 confirmati
395 1273 507 1344 luerint,
530 1270 556 1326 id
572 1279 625 1341 est,
647 1273 698 1327 uisi
713 1273 739 1327 in
756 1280 917 1330 testamento
934 1280 1040 1331 caueri

75 1365 143 1415 ante
158 1366 209 1415 aut
220 1351 308 1431 post⁴
324 1366 450 1428 testator,
470 1364 499 1412 ut
515 1355 645 1429 quidquid
660 1357 687 1410 in
703 1355 833 1412 codicillis
848 1359 998 1433 scripserit,
1014 1359 1040 1414 id

74 1450 161 1499 ratum
183 1445 233 1510 sit;
255 1441 491 1497 fideicommissum
514 1456 580 1496 uero
603 1441 681 1495 etism
704 1455 758 1495 non
781 1439 946 1497 confirmatis
968 1441 1041 1498 codi-

73 1561 138 1568 ...,-.
147 1558 287 1567 ..v-ffl—

149 1610 168 1673 1)
184 1611 287 1674 Scripsi
291 1628 301 1665 ,-
314 1611 382 1659 lianc
397 1611 463 1658 enim
477 1609 652 1673 differentiam
666 1625 682 1658 a
695 1608 761 1658 Gaio
775 1612 857 1659 omitti
867 1627 916 1661 non
924 1613 1040 1675 poluisse

71 1697 180 1746 suraque
191 1683 303 1744 primurn
314 1682 411 1743 fuisse,
426 1695 501 1744 quarn
514 1681 636 1743 referret,
651 1696 685 1729 esc
694 1682 718 1742 ξ.
729 1691 775 1731 229.
791 1682 920 1744 efficiturs
934 1682 969 1746 cs.
984 1684 1038 1749 Uitr.

72 1766 107 1816 ss,
122 1764 142 1805 s.
166 1748 373 1802 ‘institutionem’
390 1767 451 1802 uero
465 1751 496 1802 ob
510 1751 647 1816 archetypi
656 1754 747 1817 siglam
758 1767 813 1816 1119,
829 1762 941 1817 quaeest
956 1751 1039 1819 ‘ltere-

72 1827 115 1875 dis
129 1819 269 1874 institutio’
286 1821 402 1889 (Putsels.
421 1822 530 1873 Groneia.
546 1829 592 1872 oet.
604 1839 632 1887 p.
647 1821 721 1888 1stt),
735 1831 836 1874 tanturn
848 1840 898 1888 pro
913 1821 1038 1875 ‘beredis’

72 1904 206 1960 acceptans
225 1895 355 1944 excidisse
370 1902 443 1958 puto.
482 1896 557 1943 etiam
577 1901 634 1943 autu
658 1894 803 1961 heredilto)s
823 1895 862 1945 ed.
882 1894 930 1960 By.
948 1903 1040 1947 contro

73 1968 142 2031 quod
156 1967 207 2017 uid.
224 1961 330 2015 ‘Gaius'
344 1982 371 2029 p.
387 1976 421 2017 tt.
438 1967 511 2014 etism
526 1981 577 2016 aon
592 1966 707 2015 instituto
725 1965 814 2016 herede
829 1967 869 2016 ed.
883 1965 931 2033 By.
947 1979 967 2019 5.

76 2035 96 2101 ²)
111 2037 143 2086 In
157 2038 198 2087 bis
215 2037 379 2086 Blaltmianis
399 2030 495 2103 t'iailtio
510 2037 603 2098 dutum,
622 2039 746 2100 seriptum
763 2038 847 2101 fuisse
862 2039 962 2102 putaui.
991 2038 1038 2105 Ba.

73 2110 112 2159 ed.
129 2108 216 2174 (etiarn
230 2109 267 2171 5):
280 2109 328 2157 nisi
345 2107 348 2175 i
365 2115 507 2157 testamento
523 2109 593 2156 lecto.
632 2108 686 2158 Nee
704 2110 754 2168 ait,
774 2124 824 2173 auo
843 2109 912 2160 lianc
927 2111 1039 2174 primane

73 2180 247 2243 differentium
265 2186 385 2243 spectare
403 2181 463 2230 oelit
478 2177 563 2245 (infra
577 2180 643 2229 enirn
662 2178 695 2229 ab
709 2195 739 2230 eo
758 2182 834 2230 citati
852 2183 904 2232 loci
921 2182 958 2231 ad
975 2189 1038 2231 natu

75 2251 192 2300 relictum
208 2252 325 2314 sdessurn
339 2250 498 2316 pertinent),
514 2257 611 2309 utrum,
628 2260 789 2316 repugnante
804 2251 938 2303 uerborum
951 2268 1037 2313 sensu,

75 2320 111 2369 ad
121 2320 246 2384 fdcmisaa
260 2329 319 2371 ante
333 2321 358 2370 b.
374 2323 558 2372 institutionem
573 2337 607 2370 an
624 2321 656 2371 ob
677 2324 796 2373 intestato
816 2324 878 2372 duta
897 2325 936 2391 (ut
957 2325 1039 2375 Gaius

74 2391 141 2441 idem
155 2391 197 2441 liic
211 2400 236 2442 et
249 2394 272 2453 ξ.
288 2404 335 2445 eto.
355 2393 456 2442 dixisse
475 2391 604 2458 cogatur).
680 2389 700 2458 8)
721 2393 775 2443 Aut
793 2394 920 2445 librarius
935 2398 1038 2447 insolite

74 2461 178 2528 (quippe
191 2466 277 2513 statim
292 2465 367 2514 initio
386 2479 467 2513 nouae
481 2462 615 2529 materiae)
636 2466 762 2528 reliquum
777 2481 867 2514 uersus
878 2474 979 2529 partem
995 2482 1038 2516 uo·

74 2548 147 2584 cuum
167 2535 315 2599 relinquens
334 2536 388 2598 ipse
407 2537 525 2584 lacunam
544 2536 656 2594 codicis,
676 2536 743 2584 unde
765 2535 938 2594 describebat,
957 2538 1038 2601 siqni-

70 2606 160 2667 flcooit
174 2612 220 2654 unt
232 2608 318 2655 statim
332 2606 368 2654 ad
385 2606 524 2656 seeundum
543 2601 605 2654 Item
620 2607 705 2655 oculis
722 2606 844 2668 delapsus
854 2608 967 2669 primurn
982 2622 1039 2654 curn

72 2675 113 2726 bis
128 2691 194 2740 qaae
207 2676 379 2741 sequebantur
397 2678 488 2726 omisit.
529 2675 602 2724 Certe
620 2675 664 2724 liic
678 2677 787 2723 alteram
803 2675 978 2738 differentiam
992 2690 1039 2724 es-

74 2747 177 2805 cidisse,
188 2763 263 2811 quarn
273 2747 343 2811 Epit.
354 2760 375 2809 s,
386 2760 405 2799 t.
417 2750 441 2810 ξ.
451 2759 472 2798 8.
487 2748 536 2796 boc
547 2747 603 2808 ipso
614 2747 670 2795 loco
681 2745 764 2806 refert
774 2744 815 2793 dis
825 2745 923 2794 uerbis:
939 2742 1038 2794 ‘lidii-

74 2820 231 2868 conmissum
240 2819 276 2867 ad
285 2834 348 2876 curn,
364 2821 408 2868 cui
417 2818 519 2881 aliquid
528 2818 660 2866 dimissum
670 2823 708 2864 est
717 2815 812 2864 herede
822 2822 929 2874 mortuo,
942 2818 1039 2879 poterit

70 2890 221 2951 peruenire,
244 2892 268 2938 si
287 2892 347 2938 tulis
368 2890 451 2952 fuerit
471 2889 592 2938 condicio
611 2888 768 2937 testamenti:
791 2902 849 2936 nans
872 2889 982 2952 legatum
1002 2889 1039 2938 ita

74 2960 188 3023 relinqui
205 2976 255 3011 non
267 2957 374 3024 potest’,
398 2967 507 3023 praeter·
525 2959 593 3008 duae
609 2958 743 3022 Epitornoe
758 2959 840 3008 locam
858 2960 935 3008 etiam
954 2970 975 3015 t.
990 2970 1037 3023 tet,

74 3029 117 3079 ubi
130 3031 195 3081 baec
210 3033 362 3094 proprietas
382 3032 523 3095 lenatoram
538 3038 562 3079 et
582 3031 639 3093 ipsa
653 3031 771 3094 sequitur
784 3046 848 3089 eam,
866 3046 940 3096 quarn
957 3030 1038 3081 Gaius

73 3102 96 3162 i.
111 3113 159 3153 tto.
179 3117 273 3151 rursus
291 3102 508 3158 commemorauit,
528 3109 552 3150 et
571 3102 644 3164 infru
663 3100 741 3150 verba
761 3103 783 3163 ἓ.
803 3113 851 3154 ttt.
871 3102 963 3167 etquis
983 3112 1038 3167 post

73 3181 173 3221 mortem
188 3187 281 3236 queque
296 3172 393 3221 heredis
408 3173 620 3221 fideicommissum
637 3173 688 3221 deri
703 3181 781 3235 potest
796 3174 949 3231 ostendant:
968 3190 1037 3224 more

72 3245 137 3293 enim
151 3259 199 3293 sao
216 3242 297 3293 Gaius
311 3244 378 3293 banc
393 3257 497 3293 causam
516 3244 615 3306 offerre
634 3259 685 3293 noa
701 3251 818 3307 poterat,
838 3247 890 3294 nisi
910 3247 959 3295 iarn
985 3261 1038 3295 rem

72 3316 209 3364 retulisset.
275 3311 296 3379 ⁴)
314 3314 373 3362 Cura
388 3316 491 3363 litterae
506 3315 535 3362 rit
551 3330 600 3364 non
615 3315 749 3378 sufficiant
762 3317 799 3364 ad
811 3317 966 3379 capiendam
981 3332 1038 3365 aer·

72 3399 133 3443 sura,
149 3384 193 3434 ubi
208 3381 313 3448 ‘septem
323 3388 362 3434 oet
373 3383 475 3448 plures’
492 3387 595 3435 litterae
610 3387 661 3450 legi
671 3401 721 3435 non
727 3394 878 3449 potuerunt,
892 3386 1039 3435 addendum

73 3464 129 3505 erat
148 3464 201 3505 onte
221 3455 284 3522 alat)
303 3454 379 3522 p(est)
399 3456 433 3518 cf.
454 3458 477 3518 ξ.
497 3458 557 3509 1³5⁵.
599 3454 696 3506 Omittit
715 3456 764 3506 lir.
784 3458 824 3506 ed.
840 3468 864 3523 t,
884 3458 936 3506 nisi
954 3457 1038 3518 suerit

70 3526 185 3588 fortasse
200 3525 236 3575 ibi
250 3527 366 3575 additura
381 3526 440 3590 ipso.

142 3683 169 3756 ξ.
184 3688 245 3737 269.
267 3685 305 3749 Cf.
321 3698 342 3748 s,
356 3697 403 3737 eso.
428 3684 484 3748 Uip.
498 3697 533 3746 ss,
546 3698 566 3736 o.
640 3681 665 3753 ᾖ.
682 3687 741 3736 tto.
764 3684 802 3744 Cf.
820 3682 890 3748 Epir.
907 3686 923 3732 t.
939 3699 961 3732 e.
981 3682 1036 3746 tltp.

73 3767 110 3819 tt,
125 3769 145 3808 t.
164 3759 187 3820 ἕ.
204 3770 238 3808 10.
259 3756 280 3805 I.
300 3756 333 3805 de
349 3756 432 3818 sdcss.
451 3757 539 3806 bered.
554 3754 590 3819 (t,
606 3756 649 3817 ΞΒ).
705 3751 730 3822 ξ.
746 3756 821 3807 270⁵.
843 3753 881 3815 Cf.
896 3751 966 3814 Epir.
982 3754 998 3802 l.
1014 3768 1036 3801 e.

78 3826 131 3892 Uip.
146 3840 181 3891 tt,
195 3841 216 3880 8.
237 3828 313 3878 Paat.
328 3839 350 3888 t,
366 3840 385 3876 t.
406 3829 427 3889 ἓ.
444 3839 477 3878 10.
493 3829 516 3889 ξ.
533 3840 552 3877 ι.
572 3826 593 3875 l.
608 3827 640 3874 de
655 3826 737 3875 codic.
759 3825 790 3890 (s,
805 3822 849 3887 ts).
880 3822 906 3870 C.
921 3822 953 3868 de
963 3819 1037 3881 finib·

74 3908 149 3960 ²11⁷«
