2378 4386
967 64 970 77 l

433 623 468 658 ne
486 622 598 659 necteus
617 623 695 659 mansu
713 625 731 659 1.
1021 616 1062 674 29

98 751 224 820 serimus,
241 746 401 805 conficimus
415 748 524 822 aliquid,
540 749 735 821 concludimus,
758 759 832 806 certe
847 724 1063 824 estiommnnis,

98 833 222 890 doctrina
239 831 375 903 differens,
392 831 511 888 discendi
527 832 635 906 quidem
651 833 780 890 facultate
795 850 852 907 par.
882 851 942 890 nam
958 842 985 890 et
1000 850 1062 890 seu·

99 916 172 975 sibus
190 916 282 972 eadem
299 917 387 971 omnia
403 916 670 988 conprehendnutur,
690 926 717 973 et
733 934 774 987 ea,
792 933 861 991 quae
876 924 987 974 mouent
1001 933 1061 973 sen-

98 1018 155 1072 sns,
179 1000 274 1056 itidem
294 1007 407 1056 mouent
429 1002 558 1071 omnium,
580 1016 702 1074 quaeque
716 1003 744 1057 in
759 1002 855 1057 animis
870 1003 1062 1074 inprimuntur,

99 1085 133 1140 de
154 1083 252 1157 qrnbns
267 1092 330 1139 ante
345 1082 416 1153 disi,
436 1083 577 1139 inchoatae
592 1083 810 1157 intellegentiae,
826 1085 949 1140 similiter
963 1086 990 1140 in
1007 1100 1062 1140 om·

98 1168 178 1224 uibus
193 1169 383 1241 inprimuntur,
400 1168 588 1240 interpresque
603 1170 700 1223 mentis
718 1170 804 1224 oratio
821 1168 911 1224 uerbis
928 1168 1063 1241 discrepat

98 1252 240 1307 sententiis
256 1266 426 1324 congruens3
449 1267 499 1307 nec
513 1260 556 1306 est
571 1252 713 1325 quisquam
728 1253 817 1326 gentis
833 1251 924 1324 ullius,
948 1253 992 1325 qni
1014 1252 1062 1308 du·

99 1351 159 1392 cem
178 1343 273 1391 nactus
296 1333 328 1388 ad
349 1335 480 1390 uirtutem
499 1335 642 1408 peruenire
667 1351 722 1391 non
744 1336 839 1408 possit.
875 1336 917 1393 Xl.
945 1332 990 1392 31.
1013 1351 1063 1391 neo

99 1417 189 1475 solum
203 1419 231 1474 in
246 1418 345 1488 rectis,
367 1416 415 1473 sed
436 1419 515 1472 etiam
536 1419 564 1473 in
578 1418 755 1491 prauitatibns
771 1419 883 1490 insignis
898 1428 940 1475 est
954 1418 1061 1473 humani

100 1503 208 1576 generis
230 1500 387 1557 similitudo.
417 1517 476 1557 nam
500 1509 528 1556 et
550 1501 690 1575 uoluptate
710 1504 854 1575 capiuntur
869 1518 973 1570 omues,
993 1517 1062 1573 quae

100 1587 151 1642 etsi
173 1594 216 1641 est
237 1583 371 1641 inlecelua
394 1583 584 1657 turpitudinis,
614 1593 701 1640 tannen
729 1585 809 1640 halet
831 1583 954 1657 quiddam
976 1582 1062 1639 simile

99 1668 233 1724 naturalis
247 1666 326 1731 boui;
347 1666 477 1742 'ingenita
491 1676 534 1722 est
550 1662 633 1723 enim¹
649 1676 677 1723 et
697 1669 830 1723 suauitate
851 1667 1001 1724 delectans:
1024 1668 1063 1724 sio

100 1753 135 1808 ab
151 1767 244 1806 errore
258 1753 353 1807 mentis
370 1760 504 1824 umquam
519 1750 637 1806 salutare
652 1751 753 1825 aliquid
777 1750 948 1819 adsciscitur3
972 1751 1062 1807 simili·

102 1850 157 1908 qne
171 1834 276 1889 inscitia
296 1850 368 1890 mors
389 1835 494 1909 sugitur
515 1837 590 1909 qnasi
606 1835 749 1891 dissolutio
765 1843 889 1904 naturae,
912 1837 967 1891 nita
981 1852 1062 1909 etpe-

100 1921 180 1989 titnr,
204 1918 267 1990 qnia
288 1934 338 1974 nos
358 1921 385 1976 iu
407 1936 461 1994 qno
477 1921 532 1975 nati
547 1935 640 1975 sumus
656 1922 787 1988 continet,
809 1918 889 1975 dolor
902 1921 929 1974 in
944 1919 1062 1974 maximis

100 2001 177 2059 malis
197 2000 316 2074 ducitur,
331 2019 392 2058 cum
407 2020 454 2058 sua
470 2005 626 2076 asperitate,
649 2011 705 2059 tum
722 2004 794 2078 quod
809 2012 920 2059 naturae
936 2003 1062 2059 interitus

101 2085 209 2142 uidetur
229 2087 321 2158 sequit
348 2082 395 2144 82.
415 2095 582 2161 propterque
604 2088 752 2143 honestatis
773 2095 801 2143 et
821 2087 923 2162 gloriae
938 2087 1061 2144 similitu·

101 2169 190 2226 dinem
205 2167 276 2225 beati
292 2170 339 2243 qui
353 2170 478 2227 honorati
493 2180 557 2226 sunt
574 2169 707 2240 uidentur,
728 2173 818 2226 miseri
833 2181 922 2227 autem
938 2173 984 2244 qni
999 2177 1063 2225 sunt

100 2253 222 2327 inglorii.
267 2253 419 2323 molestiae,
442 2254 574 2324 laetitiae,
597 2255 776 2328 cupiditates,
804 2254 916 2310 timores
938 2253 1063 2308 similiter

102 2338 222 2392 omnium
236 2346 339 2393 mentes
354 2347 547 2412 perungantur,
562 2355 622 2409 nec,
637 2340 659 2394 si
676 2340 816 2412 opiniones
832 2338 899 2393 aliae
918 2345 983 2392 snut
998 2343 1063 2409 aput

102 2419 186 2490 elios,
206 2419 304 2477 idcirco
319 2423 366 2494 qni
381 2439 472 2479 canem
488 2430 516 2478 et
530 2422 627 2477 luelem
643 2431 672 2477 ut
687 2422 753 2478 deos
768 2423 878 2492 colunt,
900 2438 955 2477 non
971 2419 1062 2475 eadem

101 2504 308 2577 superstitione,
331 2522 383 2578 qua
405 2514 511 2562 ceterae
534 2514 640 2578 gentes,
663 2505 861 2562 conflictantur.
890 2522 957 2579 quae
973 2512 1062 2560 autem

100 2588 177 2643 natio
198 2604 253 2643 non
275 2591 436 2660 comitatem,
460 2605 515 2644 non
535 2588 739 2660 benignitatem,
755 2604 808 2644 non
824 2599 930 2663 gratum
946 2590 1062 2643 animum

102 2679 131 2727 et
144 2669 267 2727 beneficii
281 2688 426 2728 memorem
447 2672 553 2745 diligit?
577 2688 644 2743 quae
664 2670 805 2744 superbos,
827 2688 894 2744 qnae
915 2671 1062 2740 maleficos,

103 2769 170 2827 quae
192 2755 327 2827 crudeles,
349 2772 417 2830 qnae
439 2757 560 2830 ingratos
575 2771 630 2810 uon
646 2762 815 2827 aspernatur,
838 2770 891 2808 non
907 2752 981 2807 odit?
1004 2753 1062 2824 qui·

101 2837 152 2894 bns
167 2854 200 2895 ex
213 2837 296 2896 rebus
311 2856 372 2895 cum
388 2856 466 2895 omne
482 2855 569 2913 genus
584 2839 723 2894 hominum
735 2838 865 2892 sociatum
880 2837 951 2891 inter
962 2851 990 2890 se
1003 2851 1062 2890 esse

101 2920 287 2996 intellegatur,
308 2924 374 2979 illud
390 2932 537 2979 extremum
553 2932 605 2995 est,
627 2921 700 2997 quod
714 2930 787 2977 recte
802 2921 911 2977 uiuendi
924 2920 992 2977 ratio
1007 2935 1061 2976 me·

100 3005 184 3061 liores
198 3005 291 3062 eflicit.
322 3023 392 3081 quae
406 3009 430 3063 si
444 3007 608 3081 adprobatis,
623 3022 733 3081 pergam
748 3005 781 3061 ad
796 3005 914 3081 reliqna:
932 3007 975 3061 sin
996 3005 1062 3079 qnld

100 3090 249 3164 requiritis,
263 3089 291 3145 id
306 3091 469 3165 explicemus
484 3089 568 3166 prius.

164 3173 199 3232 A.
222 3172 276 3229 llos
292 3190 358 3230 uero
374 3175 452 3246 nihil,
468 3184 498 3231 nt
513 3192 562 3248 pro
578 3184 696 3249 utroque
708 3175 894 3250 respondeam.

164 3255 219 3313 llll.
251 3253 299 3315 83.
331 3259 372 3316 M.
406 3258 534 3332 Sequitur
565 3261 650 3334 igitur
677 3261 708 3316 ad
737 3259 948 3334 participandum
981 3259 1062 3315 adnm

100 3335 203 3415 (cum)²
229 3341 282 3398 alio
304 3342 607 3418 communicandnmque
627 3345 700 3400 inter
720 3360 812 3401 omnes
834 3345 876 3400 ins
897 3359 947 3399 nos
968 3353 1061 3398 natura

98 3441 160 3482 esse
175 3425 274 3482 laetos.
303 3435 384 3500 atque
406 3428 457 3483 lroc
477 3429 504 3483 iu
526 3431 598 3485 omni
621 3429 669 3484 inae
690 3428 873 3503 disputatione
888 3430 927 3484 sic
941 3426 1062 3499 intellegi

99 3510 178 3582 nolo,
200 3509 275 3582 qnod
290 3510 375 3566 dicam
390 3521 526 3582 naturam,
546 3505 595 3569 *d
610 3529 684 3578 esse,
706 3521 807 3568 tantam
822 3521 911 3568 antem
927 3522 987 3567 esse
1003 3527 1062 3566 cor·

97 3593 235 3668 ruptelam
251 3593 335 3651 malae
351 3595 569 3666 consuetudinis,
593 3605 623 3651 nt
644 3595 676 3650 ab
691 3611 722 3651 ea
737 3605 873 3670 tamqnam
888 3595 999 3669 igniculi
1015 3611 1061 3649 es-

174 3798 195 3867 ¹)
209 3801 314 3853 lenitatis
330 3809 366 3851 est
380 3803 442 3850 euim
456 3800 507 3850 AB
518 3802 613 3851 leuitate
629 3808 665 3850 cst
680 3803 742 3851 enim
756 3802 795 3851 ed.
815 3801 846 3850 V.
881 3796 903 3864 ⁹)
917 3800 1025 3849 Addidi.

96 3870 120 3938 ⁸)
134 3872 312 3936 Supplendum
331 3873 432 3922 uidetur
451 3873 565 3922 iustitiam
581 3879 720 3935 ceterasque
739 3873 840 3921 uirtutes
860 3871 975 3930 ingenitas
992 3868 1061 3916 nobis

94 3951 189 3995 natura.
