2378 4386
568 154 572 161 ¹
586 146 647 173 ‘’a-t

111 525 174 571 vlu
484 522 690 569 PRAEFATIO.

110 673 247 754 tinebat,
271 672 359 736 illam
381 670 462 753 dico,
486 671 749 754 quemadmodum
770 672 849 736 fines
870 674 957 737 inter
977 673 1073 741 iuria·

111 756 313 841 prudentiam
334 760 367 820 et
388 760 525 839 cognata
546 755 723 819 litterarum
746 776 864 839 genera
884 757 955 841 regi
976 757 1084 841 debeq¹
1111 812 1114 829 ἰ

111 843 197 923 rent,
227 844 264 903 ut
290 860 351 904 nec
382 840 486 903 aliena
513 839 692 922 miscuisse,
726 860 786 904 nec
812 841 993 905 necessaria
1018 842 1073 909 vel
1109 862 1114 875 ·

111 928 186 1008 apte
220 927 305 987 certe
333 928 365 987 et
394 922 486 986 utilia
514 923 657 987 omisisse
686 922 818 987 viderer.
863 921 947 988 Sane
975 924 1073 991 facile

111 1012 254 1092 poteram
277 1006 419 1102 defungi,
442 1007 467 1071 ei
491 1027 598 1070 eorum
619 1009 745 1070 tantum
764 1006 897 1071 nomina
911 1027 1072 1091 sequerer,
1108 1018 1114 1067 .'

110 1092 164 1174 qui
197 1094 230 1153 et
261 1111 348 1154 nunc
380 1090 597 1154 iurisconsulti
626 1088 721 1174 vulgo
751 1090 913 1171 feruntur,
948 1095 980 1155 et
1006 1092 1071 1157 iam

110 1176 340 1257 imperatorum
362 1178 465 1237 aetate
487 1172 583 1257 uulgo
605 1173 797 1237 ferebantur.
831 1171 892 1238 Sed
915 1172 956 1238 ad
977 1174 1071 1241 iuris·

111 1257 313 1341 prudentiam
349 1259 451 1341 magis
487 1278 582 1339 quam
619 1257 658 1320 ad
695 1256 934 1321 iurisconsultus
970 1259 1071 1325 totins
1105 1272 1114 1297 ²·

111 1342 216 1425 operis
238 1341 321 1405 ratio
343 1362 393 1404 me
416 1339 618 1423 conferebat,
648 1344 680 1404 et
701 1345 737 1404 ut
758 1339 991 1423 iurisconsulti,
1014 1341 1073 1440 qni

111 1432 236 1509 proprie
258 1423 472 1508 appellantur,
503 1423 599 1487 etiam
627 1422 690 1487 alia
712 1424 827 1503 multa,
855 1444 935 1507 quae
957 1424 998 1489 ad
1019 1446 1071 1491 rus

111 1530 177 1573 non
199 1509 379 1592 pertinent,
403 1508 539 1573 scribere
562 1506 681 1588 solent,
710 1507 756 1570 ita
778 1508 847 1589 alii,
875 1528 956 1591 quae
977 1507 1070 1573 iuria-
1110 1554 1114 1585 2

111 1593 299 1675 prudentiae
327 1597 412 1657 sunt.
458 1591 607 1673 Accedit,
631 1590 714 1674 quod
736 1592 872 1655 maxime
894 1595 970 1655 ante
992 1590 1070 1657 Cae·
1112 1616 1114 1623 ·

111 1696 217 1739 sarum
239 1680 394 1760 tempora,
417 1675 560 1740 nondum
581 1677 727 1739 accurate
742 1673 887 1740 discretis
902 1675 1070 1741 hominurn
1112 1682 1114 1687 '

111 1758 239 1841 studiis,
272 1781 338 1823 non
364 1763 431 1822 tam
458 1759 552 1821 facile
581 1759 615 1821 in
643 1778 770 1841 unoquo
793 1780 832 1822 ue
860 1757 997 1841 dixeris,
1026 1780 1070 1827 an
1111 1794 1114 1811 =

110 1840 734 2007 {aurulasurslingen
772 1779 1070 1993 lassaron·

111 2009 259 2073 exoritur.
306 2006 386 2072 Cum
419 2011 504 2071 enim
532 2011 599 2071 toto
629 2009 734 2091 priore
762 2029 854 2091 aevo,
888 2030 929 2073 ne
956 2008 1070 2093 primis

111 2091 238 2176 quidem
261 2089 432 2156 Caesarum
455 2091 650 2173 temporibus
673 2094 829 2176 exceptis,
851 2092 1071 2159 iurisconsulti

133 2176 300 2260 raeprimis
323 2176 418 2238 etiam
440 2175 475 2238 in
496 2176 563 2238 iure
587 2176 769 2259 pontificio,
793 2175 936 2260 augurali
959 2181 992 2241 et
1011 2198 1078 2260 pu·-

110 2198 194 2324 Elico
211 2263 422 2339 versarentur,
438 2262 546 2322 tamen
562 2259 626 2322 iam
642 2259 680 2322 ad
695 2259 791 2322 finem
804 2264 956 2343 vergente
967 2259 1071 2325 libera

110 2364 176 2425 rep.
199 2342 319 2406 multae
340 2343 417 2405 iuris
440 2342 522 2406 sacri
544 2347 576 2405 et
598 2343 715 2425 publici
739 2347 845 2427 partes
868 2346 900 2406 et
923 2343 1069 2428 antiqua·

110 2448 181 2490 rum
210 2425 316 2508 legum
346 2431 551 2491 monumenta
572 2427 668 2491 etiam
690 2426 731 2491 ab
753 2427 839 2509 aliis,
868 2426 923 2509 qui
945 2427 1072 2493 foreat

111 2507 332 2592 respondendo
366 2531 496 2593 operam
528 2531 594 2575 non
627 2511 760 2594 dabant,
792 2511 924 2575 tractari
956 2514 1071 2595 coepta

111 2597 196 2677 sunt,
219 2595 338 2678 partim
360 2595 485 2678 quidem
507 2595 607 2678 ipsius
627 2616 701 2659 usus
722 2595 838 2678 gratia,
862 2592 978 2678 partim
993 2614 1069 2659 vero

111 2678 208 2743 etiam
221 2684 257 2743 ut
271 2679 374 2764 magis
389 2680 597 2762 antiquitates
612 2677 839 2759 historiamque
850 2677 960 2760 populi
972 2676 1068 2743 Rom.

111 2761 160 2825 vel
202 2764 340 2845 priscam
377 2762 526 2843 loquendi
562 2758 823 2824 consuetudinem
859 2758 1067 2841 illustrarent,

111 2865 206 2927 quam
233 2848 269 2907 ut
296 2844 560 2927 iurisprudentiae
582 2841 787 2921 inservirent,
811 2840 911 2905 donec
932 2842 1069 2925 impera·

110 2931 215 2989 torum
238 2927 340 2989 aetate
363 2929 396 2989 et
415 2925 551 2989 maxime
573 2928 646 3007 post
667 2923 774 3007 gentis
789 2922 887 2986 Iuliae
902 2923 1069 2995 interitum

111 3010 173 3073 hoc
202 3010 379 3072 litterarum
408 3029 509 3092 genus
532 3029 551 3071 a
573 3006 790 3091 grammaticis
813 3010 845 3071 et
867 3008 1070 3091 antiquitatis

111 3091 340 3157 scrutatoribus
373 3091 501 3175 propria
535 3095 674 3154 exerceri
707 3094 740 3153 et
768 3111 788 3154 a
819 3090 1070 3174 iurisprudentia

110 3175 206 3259 plane
230 3175 369 3257 disiungi
392 3177 539 3257 coeptum
562 3177 620 3238 est.
659 3172 709 3238 Sic
732 3174 778 3254 fit,
801 3178 838 3240 ut
859 3175 943 3240 haud
957 3178 1070 3260 paucis

110 3262 145 3323 in
167 3259 257 3323 libris
279 3259 418 3321 incertus
440 3258 582 3338 haereas,
606 3260 712 3322 utrum
728 3259 1002 3344 iurisprudentiae,
1024 3282 1070 3329 ιιι

110 3342 183 3407 aliis
209 3342 327 3406 artium
354 3340 594 3424 litterarumque
621 3342 791 3425 generibus
817 3365 870 3409 eos
898 3345 1068 3411 attribuas.

111 3424 150 3490 In
170 3429 262 3491 tanta
283 3425 382 3509 igitur
397 3426 556 3489 certorum
570 3426 680 3489 finium
696 3427 890 3492 obscuritate
904 3427 988 3491 hano
1001 3428 1071 3495 fere

111 3508 267 3573 rationem
300 3508 405 3591 tenui,
439 3511 475 3572 ut
507 3509 802 3575 iurisconsultorum
835 3511 978 3595 quidem,
1012 3512 1070 3595 qni

110 3593 239 3676 proprie
261 3592 423 3673 dicuntur,
447 3594 568 3676 omnia,
591 3615 671 3678 quae
692 3615 757 3658 non
779 3595 874 3680 plane
896 3594 1001 3658 aliena
1022 3616 1069 3660 es·

111 3681 184 3740 sent
206 3698 225 3740 a
246 3676 324 3740 iuris
349 3676 506 3760 radentia,
529 3679 721 3761 reciperem
745 3682 920 3743 ceterorum
935 3697 1019 3760 vero,
1041 3678 1069 3743 ai

110 3759 203 3825 modo
216 3763 292 3825 ante
307 3698 406 3844 iliam,
431 3783 525 3845 quam
541 3762 616 3842 dixi,
639 3765 776 3826 aetatem
791 3763 998 3844 scripserant,
1021 3782 1070 3846 ee,
