2378 4386
154 531 194 588 78
497 537 524 572 ss.
544 536 656 572 amns
674 536 775 571 cronno.

153 683 213 723 cnm
229 664 445 738 agimnenses:
460 659 557 715 deinde
568 661 595 715 ui
611 662 726 733 opprimi
739 661 766 715 in
778 659 850 716 bona
864 676 944 717 cansa
960 667 1003 716 est
1019 659 1115 717 melius

152 764 231 822 quam
246 745 330 801 malae
345 745 450 802 cedere.
482 744 544 815 quis
559 751 648 798 autem
664 760 719 799 nou
734 745 826 814 sentit,
845 760 951 799 omnem
967 745 1113 800 auctorita·

152 841 205 887 lem
221 829 390 902 optimatium
406 825 569 883 tabellariam
591 826 679 899 legem
702 826 865 884 abstulisse?
894 843 975 900 qnam
996 828 1114 900 populus

150 913 220 970 liber
240 927 386 985 numquam
408 909 587 980 desiderauit,
611 910 681 967 idern
703 927 851 985 oppressus
867 911 1007 967 dominatu
1022 928 1052 967 ao
1066 929 1115 984 po·

152 998 235 1054 tentis
255 996 406 1069 principum
427 991 569 1065 flagitauit.
597 995 689 1068 itaque
709 997 835 1069 grauiora
848 994 949 1051 iudicia
965 994 999 1050 de
1015 1002 1113 1067 poten·

150 1080 262 1136 cissimis
285 1077 438 1134 bominibus
457 1084 550 1133 extant
564 1079 640 1135 uocis
655 1094 736 1151 quam
752 1077 877 1134 tabellae.
909 1094 989 1150 quarn
1006 1078 1113 1134 obrem

150 1162 315 1236 suffragandi
336 1163 417 1217 nimia
432 1160 515 1217 libido
531 1163 559 1217 in
574 1178 630 1217 non
645 1160 724 1217 bonis
739 1163 829 1218 causis
845 1161 982 1234 eripienda
998 1162 1049 1217 init
1064 1178 1113 1234 po·

150 1245 280 1315 tentibus,
296 1262 352 1302 non
362 1244 465 1301 latebra
480 1244 566 1301 danda
577 1245 690 1318 populo,
705 1246 733 1300 in
749 1261 801 1319 qua
816 1244 894 1301 bonis
911 1245 1112 1317 ignorantibus,

150 1331 216 1406 quid
237 1331 352 1404 quisque
370 1331 495 1399 sentiret,
518 1327 617 1384 tabella
636 1329 764 1383 uitiosum
781 1328 931 1385 occultaret
946 1329 1113 1402 suffragium.

150 1416 241 1489 itaqua
257 1417 302 1471 isti
317 1414 416 1471 rationi
428 1428 516 1486 neque
527 1410 598 1467 lator
609 1413 751 1484 quisquam
764 1420 806 1468 asi
817 1414 945 1468 inuentus
956 1428 1005 1468 nec
1017 1421 1113 1468 auctor

149 1515 275 1573 nmquam
303 1497 400 1554 bonus.
441 1495 506 1551 xvi.
534 1491 581 1551 85.
604 1503 669 1550 sunt
689 1496 760 1551 enirn
780 1505 912 1569 quattuor
932 1497 1008 1569 leges
1029 1494 1112 1551 tabel-

149 1583 239 1652 lariae,
262 1599 374 1656 quarum
396 1582 481 1655 prima
501 1578 534 1634 de
549 1579 752 1651 magistratibus
767 1579 936 1636 mandandis:
957 1595 989 1635 ea
1004 1588 1046 1635 est
1062 1577 1111 1634 Ga·

149 1667 229 1735 binia,
251 1665 305 1721 lata
328 1665 361 1721 ab
382 1665 491 1720 homine
510 1663 607 1735 ignoto
623 1670 651 1718 et
665 1662 787 1720 sordido.
817 1672 910 1720 secuta
926 1662 1034 1719 biennio
1049 1671 1113 1736 post

149 1748 240 1807 Cassia
261 1757 304 1805 est
324 1748 359 1805 de
379 1746 473 1821 populi
489 1745 606 1816 indiciis,
627 1745 740 1802 anobill
756 1747 865 1803 homine
880 1746 944 1818 lata,
963 1745 994 1803 L.
1010 1745 1111 1818 Cassio,

149 1833 213 1906 sed,
235 1849 300 1907 pace
314 1831 428 1887 familiae
442 1829 564 1899 dixerim,
580 1829 728 1886 dissidente
743 1846 756 1885 a
772 1832 850 1886 bonis
865 1839 946 1903 atque
960 1831 1048 1885 omnis
1064 1847 1112 1886 ru·

149 1917 286 1973 musculos
307 1913 432 1988 populari
452 1914 557 1968 ratione
577 1921 736 1987 aucupante.
766 1913 894 1969 Carbonis
915 1922 957 1969 est
977 1915 1057 1969 tertia
1078 1913 1112 1970 de

149 1999 272 2056 iubendis
288 1996 394 2070 legibus
410 1995 588 2073 annotandis,
609 1997 731 2053 seditiosi
747 2005 829 2070 atque
849 1996 953 2070 inprobi
969 1999 1047 2067 ciuis,
1068 2000 1111 2053 eni

149 2099 183 2138 ne
204 2082 307 2138 reditus
329 2080 436 2155 quidem
456 2081 490 2135 ad
511 2079 597 2135 bonos
619 2079 733 2136 salntem
755 2097 769 2135 a
792 2080 870 2137 bonis
891 2082 982 2153 potuit
996 2080 1111 2135 acilerro.

148 2161 196 2225 80.
218 2182 273 2223 uno
295 2166 323 2221 in
344 2179 444 2238 genere
463 2164 580 2236 relinqui
600 2162 743 2219 uidebatur
763 2165 839 2220 uocis
853 2163 1021 2238 sullragium,
1037 2164 1112 2235 quod

148 2253 207 2325 ipse
218 2249 324 2305 Cassius
337 2256 489 2322 exceperat,
501 2246 708 2320 perduellionis:
724 2247 799 2304 dedit
814 2248 879 2304 huie
891 2264 1001 2322 quoque
1012 2247 1111 2304 iudicio

149 2335 177 2389 C.
194 2333 299 2389 Caelius
316 2331 438 2387 tabellam
453 2330 605 2404 doluitque,
622 2330 710 2404 quoad
727 2333 809 2404 uixit,
830 2348 876 2401 se,
899 2341 929 2389 nt
945 2334 1112 2406 opprimeret

149 2417 178 2472 C.
193 2415 336 2489 Popilium,
352 2417 478 2472 nocuisse
494 2416 533 2470 rei
548 2414 680 2488 publicae.
705 2423 733 2471 et
748 2432 815 2472 anns
828 2416 940 2489 'quidem
950 2426 1044 2473 noster
1056 2417 1111 2470 sin·

148 2498 238 2576 gulari
253 2501 356 2556 uirtute
370 2501 398 2555 in
412 2499 466 2555 boc
479 2500 638 2573 municipio,
656 2499 746 2573 quoad
761 2501 845 2571 uixit,
862 2503 963 2558 restitit
978 2500 1012 2555 ll.
1025 2499 1111 2555 Grati·

148 2584 203 2655 dio,
224 2586 301 2641 euius
320 2586 348 2639 in
370 2585 543 2639 matrimonio
565 2599 699 2652 sororem,
722 2585 808 2641 aniam
831 2594 961 2657 nostram,
985 2582 1111 2655 babebat,

148 2668 247 2725 lerenti
267 2668 356 2743 legem
378 2666 557 2724 tabellarium:
579 2666 713 2724 excitabat
735 2670 805 2725 enim
825 2668 926 2725 linctus
941 2669 967 2723 ln
983 2667 1111 2740 simpulo,

148 2760 180 2809 ut
200 2752 314 2824 dicitur,
335 2751 488 2822 Gratidius,
511 2768 581 2825 quos
602 2760 667 2825 post
687 2749 758 2808 lilius
774 2754 833 2809 eins
848 2752 946 2807 illarius
960 2752 988 2805 in
1003 2753 1110 2823 Aegaeo

148 2837 276 2893 excitauit
295 2837 370 2891 mari.
401 2851 432 2891 ac
446 2843 543 2892 nostro
559 2834 667 2908 quidem
683 2851 735 2891 ano
751 2829 836 2907 cini‚¹
853 2851 914 2892 cum
929 2849 974 2889 res
990 2843 1063 2890 esset
1078 2834 1109 2887 ad

147 2935 178 2975 se
193 2918 292 2988 delata,
309 2918 343 2973 ll.
355 2916 472 2974 Scaurus
491 2919 586 2975 eorrsnl
600 2917 737 2989 ‘utinam'‚
754 2920 852 2993 inquit,
870 2917 916 2975 bi.
931 2915 1035 2984 Cicero,
1056 2918 1109 2970 isto

148 3003 237 3058 auimo
260 3008 342 3073 atque
365 3002 467 3056 uirtute
489 3002 517 3058 in
539 3019 641 3058 summa
663 3018 693 3058 ra
715 3002 821 3075 publica
844 2998 983 3056 nobiscum
1005 3000 1109 3052 uersari

148 3101 228 3159 qnam
250 3084 279 3140 in
301 3084 452 3158 municipali
475 3085 639 3142 maluisses)
669 3080 715 3142 37.
737 3082 960 3158 quamobrem,
981 3081 1108 3153 quoniam

148 3186 203 3225 nou
224 3169 445 3243 recognoscimus
466 3186 539 3227 :runo
559 3170 634 3243 leges
648 3167 744 3242 populi
758 3167 885 3236 Romani,
907 3163 955 3220 sed
971 3171 1018 3219 aut
1032 3179 1110 3236 repe·

149 3255 228 3309 timus
244 3260 351 3327 ereptas
366 3260 413 3309 aut
428 3270 514 3310 nonas
528 3254 683 3322 scribimus,
697 3266 752 3306 non
768 3250 833 3323 qnid
848 3250 901 3305 hoe
914 3246 1019 3321 populo
1037 3249 1108 3320 opti-

148 3337 206 3393 neri
221 3338 323 3410 possit‚
343 3336 390 3393 sed
407 3338 471 3410 quid
486 3339 617 3410 optimum
632 3335 684 3406 sit,
707 3332 756 3390 tibi
776 3333 918 3389 dicendum
939 3340 1016 3404 puto.
1047 3347 1108 3387 nam

148 3420 252 3476 Cassiae
263 3421 333 3495 legis
350 3421 456 3494 culpam
468 3421 558 3493 Scipio
571 3428 633 3475 tuns
644 3417 772 3487 sustinet,
785 3433 841 3490 quo
853 3424 964 3472 anctore
978 3415 1034 3472 iata
1049 3431 1108 3470 esse

147 3504 256 3561 dicitur.
286 3513 333 3576 tu,
354 3507 377 3560 si
400 3504 564 3561 tabellariam
585 3501 694 3568 tuleris,
715 3500 774 3572 ipse
789 3498 954 3574 praestabis:
972 3515 1022 3554 nee
1037 3501 1107 3555 enim

148 3588 213 3645 mibi
227 3588 314 3663 placet
330 3603 380 3643 nec
394 3589 484 3643 Attico
499 3593 605 3660 nostro,
621 3592 751 3657 qnantum
767 3600 782 3640 e
799 3583 877 3640 uultu
892 3584 950 3639 eins
964 3583 1105 3656 intellego.

221 3783 240 3851 ¹)
256 3787 351 3850 quidem
362 3785 402 3847 qni
412 3790 437 3832 et
442 3785 523 3846 paolo
529 3789 590 3845 post
599 3781 735 3845 utinamque
746 3781 801 3831 AB
812 3782 908 3848 quidem
919 3780 982 3834 ‘auo
991 3797 1107 3849 mapsam

147 3872 178 3906 ea
192 3872 235 3905 res
249 3857 336 3905 attulit
350 3850 462 3903 taudem'
479 3856 512 3916 ej.
532 3852 563 3901 V.
578 3853 661 3902 deleto
675 3858 773 3903 ionium
784 3862 844 3917 post
858 3856 904 3904 illo
919 3869 972 3919 que.
