2378 4386
182 627 222 684 10
492 637 518 671 ιι.
539 636 627 671 rvrtrvs
647 635 823 671 oneratura.

180 771 208 816 et
222 760 352 815 Suetonio
368 759 480 831 aliisque
495 759 666 831 eredendum,
689 762 735 833 qui
758 761 849 816 decem
872 763 1003 815 mensium
1025 770 1140 836 putaue-

179 852 242 898 runt
264 842 357 911 luisse,
383 852 411 897 ut
427 850 492 898 tuno
506 840 613 897 Albanis
628 850 696 914 erat,
719 843 789 898 unde
812 844 865 898 orti
880 842 1002 901 Romani.
1018 874 1057 884 —
1071 846 1182 908 Cen-[ro

179 927 264 983 sorin.
282 925 331 983 20.

241 1023 269 1083 8.
291 1025 387 1081 Postea
401 1027 459 1081 slue
474 1042 488 1080 a
504 1026 596 1089 Numa,
619 1035 649 1082 ut
667 1026 703 1081 ait
718 1024 838 1089 Fuluius,
860 1027 929 1098 siue,
951 1037 981 1083 ut
1002 1027 1103 1100 lunius,
1126 1045 1140 1084 a

180 1109 326 1183 Tarquinio
343 1108 482 1164 duodecim
499 1109 562 1165 laeti
578 1119 642 1164 sunt
657 1126 762 1165 menses
778 1118 805 1164 et
820 1109 876 1164 dies
887 1108 1000 1182 ccclv,
1016 1115 1140 1185 quamuis

178 1191 479 1333 imracqlqrsoodrqrqiqunis
494 1192 631 1249 mensibus
648 1192 773 1248 ecelin}
794 1192 851 1248 dies
875 1194 999 1250 uideatur
1020 1196 1138 1270 explere.

218 1368 270 1435 >9.
291 1376 383 1431 lunius
411 1376 535 1432 Seruium
558 1377 673 1433 'l'ullium
702 1393 795 1451 regem
824 1379 940 1451 primum
967 1380 1141 1436 intercalasse

181 1471 380 1516 commemorat.
399 1490 437 1500 -
454 1460 568 1517 llaerob.
586 1461 641 1517 Sat.
659 1462 687 1532 1,
706 1460 753 1516 13.
770 1460 798 1532 S.
816 1460 864 1518 20.

242 1557 290 1619 10.
312 1560 478 1617 Praefectum
507 1561 567 1618 urbi
588 1561 741 1617 Latinarum
770 1576 849 1616 causa
870 1560 995 1616 relictum
1018 1571 1140 1616 sonatum

179 1643 278 1701 habere
298 1661 378 1718 posse
399 1639 503 1701 lunius¹
526 1656 622 1720 negat,
643 1647 767 1718 quoniam
783 1652 942 1700 uenerator
964 1643 1072 1716 quidem
1092 1646 1138 1718 sit,

178 1745 266 1802 neque
281 1730 322 1783 ius
338 1728 433 1786 habeat
447 1732 596 1787 sententiae
612 1728 747 1799 dicendae,
770 1744 852 1801 quum
868 1744 900 1783 ex
915 1744 944 1783 ea
960 1735 1046 1783 aetate
1062 1745 1140 1801 prae·

179 1811 266 1867 lectus
282 1811 336 1878 liat,
354 1830 421 1886 quae
436 1830 491 1868 non
506 1815 542 1868 sit
556 1814 697 1867 senatoria.
714 1842 754 1852 —
770 1811 836 1866 Geli.
854 1811 904 1883 14,
921 1810 949 1868 8.
967 1811 993 1882 S.
1012 1813 1041 1867 1.

242 1910 281 1972 lL
303 1910 409 1968 Publica
430 1912 549 1984 pondera
564 1919 591 1967 et
606 1915 636 1966 in
651 1915 792 1967 mensuris
803 1913 958 1967 adseruato
973 1921 1049 1967 sarar.
1066 1927 1096 1966 er
1109 1929 1140 1966 ea

178 2013 258 2051 eausa
273 1996 362 2050 lunius
378 1997 405 2049 in
416 1996 565 2065 plebiscito
581 2000 697 2049 cautum
719 2009 781 2049 esse
801 1997 849 2062 ait,
875 1994 947 2065 quod
968 1994 1022 2049 duo
1038 1994 1096 2049 Silii
1112 1994 1139 2048 P.

179 2086 206 2134 et
220 2079 253 2134 ll,
273 2077 333 2131 trilr.
350 2076 418 2149 pleb.
435 2078 567 2148 rogarint,
583 2076 625 2130 lais
641 2075 744 2131 uerbis:
767 2072 816 2130 ‘Ex
830 2075 996 2147 ponderibus
1013 2076 1139 2148 publicis,

179 2160 277 2236 quibus
292 2160 342 2215 hac
356 2167 516 2232 tempestate
532 2159 649 2232 populus
665 2152 863 2234 oetier¹[qui]²
879 2159 960 2229 solet,
980 2161 1021 2214 uti
1037 2158 1140 2216 'soeret

178 2236 331 2319 prluetorl³
346 2260 375 2298 se
390 2242 453 2298 dolo
469 2238 576 2317 minio),
594 2243 632 2296 uti
648 2242 808 2315 quadrantal
824 2244 878 2297 uini
895 2244 1035 2316 octoginta
1047 2244 1139 2315 poudo

177 2331 239 2399 siet,
254 2329 368 2400 congius
384 2327 439 2382 nini
455 2324 547 2381 decem
562 2321 673 2400 ploratio)
689 2326 752 2396 siet,
773 2342 819 2381 ser
833 2327 942 2383 sextarii
957 2327 1073 2399 congius
1088 2329 1140 2384 siet

136 2420 145 2433 ⁸
178 2415 245 2481 uiui,
268 2410 552 2483 duodeqmnquaginta
574 2410 672 2465 sextari
693 2409 849 2483 quadrantal
872 2412 923 2466 siet
945 2412 1015 2480 uini,
1039 2410 1139 2466 'serta-

176 2497 232 2550 rius
255 2510 358 2565 aequus
381 2509 467 2566 aequo
490 2510 550 2549 cum
574 2493 680 2549 librario
703 2487 1138 2568 εἰιιι,4εειιι1ιιο1ιιιιιιιιιἰἰιιιιινὶί5

176 2581 203 2634 in
218 2577 309 2633 modio
323 2578 402 2633 sient.
432 2581 454 2632 si
475 2579 536 2651 quis
550 2579 723 2650 magistratus
738 2578 865 2634 adversus
880 2578 930 2635 lrao
944 2576 1026 2653 dlolo)
1043 2571 1138 2653 mlada)

176 2661 296 2735 pondera
311 2661 471 2735 mediosque
487 2679 604 2737 uasaque
620 2662 726 2736 publiea
743 2656 871 2720 ’modica0
886 2665 989 2719 minora
1003 2665 1139 2718 maioraue

176 2746 252 2817 laxit,
273 2749 387 2803 iussitue
402 2744 471 2818 lieri,
494 2747 622 2803 dolumue
645 2746 746 2815 adduit,
769 2764 823 2818 quo
847 2764 876 2803 ea
898 2745 973 2819 fiant,
996 2763 1057 2802 eum
1079 2749 1139 2819 quis

176 2831 252 2887 uolet
280 2833 452 2905 magistratus
480 2830 604 2886 'multare
631 2826 788 2902 qlnorrtnm)
818 2827 914 2901 ulolet)
941 2822 1137 2901 p(eouniam),⁷

176 2916 239 2970 dum
262 2917 364 2969 minore
387 2916 456 2986 parti
478 2913 590 2968 familias
613 2921 696 2981 taxat,
719 2911 815 2980 liceto;
841 2914 899 2967 siue
915 2914 974 2984 quis
990 2914 1016 2967 in
1032 2927 1137 2967 sacrum

176 2997 292 3052 iudicare
308 2996 435 3066 uoluerit,
452 2994 556 3052 liceto)
572 3025 614 3036 —
629 2992 704 3054 l‘est.
720 3012 745 3050 v.
760 2994 868 3050 Publica
886 2994 1005 3067 pondera
1020 3011 1047 3066 p.
1065 2993 1137 3051 246.

249 3238 269 3307 ¹)
286 3241 324 3304 Cf.
339 3242 411 3303 insa-o
421 3241 522 3290 Ateium
538 3241 712 3304 Cupitoraemt.
739 3236 826 3305 ¹)Am
840 3241 927 3302 uulgo?
937 3240 977 3306 (qo
988 3241 1136 3306 absorptos

176 3310 234 3377 so·).
273 3307 294 3375 8)
311 3310 385 3359 Νιιιιο
405 3309 455 3376 (ed.
474 3312 506 3377 a.)
527 3313 629 3375 scripsi.
651 3318 796 3374 coaequetur
816 3311 859 3359 cd.
879 3312 937 3360 edd.
975 3310 997 3377 ⁴)
1013 3312 1071 3363 Hoc
1087 3321 1139 3362 eet:

175 3382 308 3430 sextarius
322 3379 378 3444 (qui
387 3383 489 3443 primus
502 3389 526 3430 rt
540 3383 666 3430 maximus
675 3381 792 3430 modulus
801 3388 838 3430 eat
848 3382 1004 3445 liquidorum
1014 3390 1039 3430 et
1048 3382 1137 3432 urr'do·

176 3468 232 3501 rum
242 3449 390 3514 communia)
400 3453 551 3513 simpliciter
560 3453 646 3500 dictas
654 3449 714 3517 (non
725 3449 790 3514 ar'or')
802 3453 856 3500 aiae
866 3467 919 3508 aaa,
935 3466 983 3514 quo
993 3454 1138 3500 sextarium

175 3524 230 3571 viai
239 3523 337 3571 aliasve
346 3524 387 3570 rei
396 3524 520 3579 metimur,
530 3537 627 3586 aequus
636 3522 716 3584 spatii
725 3521 797 3570 modo
806 3523 842 3570 sit
851 3537 907 3571 oum
917 3536 998 3584 aequo
1009 3519 1138 3586 (sextario

176 3594 213 3651 id,
227 3593 295 3656 quod
308 3593 429 3650 continet,
443 3600 567 3641 accurate
580 3592 717 3673 aequante)
731 3590 851 3648 librario,
864 3594 918 3640 sive
929 3591 964 3640 ad
974 3593 1028 3639 uini
1036 3593 1139 3654 pondua

176 3671 278 3721 exacto,
291 3678 363 3727 quern
379 3662 474 3711 Graeci
488 3662 646 3727 σταθμικον
659 3663 798 3724 appellant.
825 3661 863 3725 Os.
873 3660 986 3712 Boeolrlr.
999 3661 1102 3713 Metrol.
1110 3679 1137 3726 p.

176 3745 208 3784 18.
224 3744 258 3783 25.
286 3733 566 3782 manutenementum
576 3735 683 3782 lacunas
694 3734 768 3782 initio
778 3734 903 3796 supplevi.
937 3730 959 3798 ⁵)
974 3732 1019 3782 Eo
1030 3733 1140 3783 Mallera'

176 3806 225 3866 qj.;
240 3805 354 3868 intelliqe
364 3805 494 3853 sextarios
504 3803 635 3854 librariae.
650 3803 724 3851 librae
737 3803 780 3852 cd.
795 3804 852 3854 edd.
883 3799 904 3871 θ)
919 3805 936 3853 ι’.
952 3818 973 3853 e.
988 3804 1024 3853 od
1038 3805 1138 3853 randum

176 3875 215 3923 vel
228 3874 264 3923 ad
277 3874 427 3923 metiendum
437 3875 605 3938 pertinentia.
639 3870 660 3938 ²)
676 3872 788 3924 Correxi
806 3874 946 3924 multaretur
962 3873 1006 3924 Cd.
1021 3874 1079 3923 edd.
1098 3873 1135 3934 Of.

178 3942 256 3995 Orell.
271 3944 355 3994 Iuscr.
371 3943 429 3994 Lat.
446 3947 503 3995 roll.
518 3956 571 3996 24⁸8
586 3966 619 3986 =
636 3944 661 3994 O.
676 3943 698 3993 I.
713 3944 745 3993 1..
761 3945 783 3995 I.
799 3956 848 4007 eoa,
863 3956 896 3996 m.
