2378 4386
143 551 206 610 104
380 560 407 595 u.
426 557 556 594 venenare
575 557 707 592 ussurus
726 556 859 593 convruvs.

206 682 236 742 2.
260 682 331 738 ldetn
348 680 468 736 Messalla
489 683 515 735 in
537 681 631 736 eotlem
653 679 723 735 libro
745 679 779 735 de
799 680 947 737 minoribus
963 685 1104 756 magistra·

141 768 212 823 tibus
234 768 271 821 ita
287 766 412 838 scripsit:
444 761 557 818 ‘Consul
573 762 604 817 ab
621 762 744 818 omnibus
761 762 962 836 magistratibus
979 774 1005 820 et
1021 769 1103 822 conti·

140 853 234 906 tiatum
257 856 285 903 et
306 849 460 903 contionem
484 862 597 902 auocare
619 853 721 919 potest.
753 845 865 903 Praetor
887 857 915 904 et
937 851 1102 906 comitiatum

141 943 168 989 et
183 933 338 988 contionem
354 945 551 1002 usquequaque
566 946 679 986 auocare
694 939 797 1004 potest,
813 933 863 986 nisi
879 948 892 986 a
907 933 1029 988 consule.
1058 934 1103 988 lii·

140 1031 222 1072 nores
248 1016 422 1088 magistratus
450 1029 582 1086 nusquam
611 1030 661 1069 nee
683 1016 849 1070 comitiatum
873 1032 922 1072 nec
950 1018 1103 1073 contionem

140 1115 255 1155 auocare
275 1106 400 1171 possunt.
431 1094 466 1151 Ea
487 1114 517 1152 ro
542 1099 587 1169 qui
607 1112 701 1153 eorurn
724 1101 826 1171 primus
842 1108 922 1155 uocat
938 1099 968 1154 ad
985 1102 1104 1156 comitia·

141 1193 209 1252 tum,
229 1183 253 1237 is
274 1191 348 1237 recte
370 1182 436 1254 agit,
458 1181 520 1254 quia
543 1180 662 1237 bilariam
679 1197 738 1237 curn
754 1182 856 1256 populo
872 1185 914 1257 agi
931 1200 985 1239 non
1001 1192 1103 1257 potest.

140 1265 194 1322 Nee
215 1282 328 1322 auocare
346 1264 415 1320 ’allis
431 1264 475 1321 alii
491 1273 617 1339 possunt,
634 1266 657 1319 si
673 1261 734 1339 (sie)
751 1260 925 1322 contionem¹
941 1266 1040 1322 habere
1056 1285 1104 1324 uo·

141 1351 210 1422 lunt,
225 1351 264 1406 uti
280 1366 314 1405 ne
324 1365 384 1405 eutn
396 1349 498 1422 populo
511 1357 601 1422 agant,
615 1351 735 1422 quamuis
749 1350 826 1405 multi
838 1353 1012 1424 magistratus
1024 1351 1104 1407 simul

141 1436 296 1492 contionem
308 1432 406 1489 lrabere
422 1432 558 1505 possunt'.
576 1462 617 1472 —
633 1432 698 1489 Gell.
717 1433 767 1505 13,
786 1435 824 1490 16
841 1431 873 1505 le.
893 1433 930 1490 15
946 1431 1038 1509 ertu).

204 1515 234 1576 3.
258 1516 342 1573 Huius
364 1518 402 1572 rei
425 1512 473 1591 (sc.
488 1517 614 1572 Auerttlui
637 1519 736 1572 montis
751 1519 820 1572 intra
837 1517 932 1573 ellatos
948 1517 1021 1573 urbis
1037 1516 1103 1574 lines

141 1618 196 1659 uon
212 1601 320 1673 inclusi)
334 1599 455 1655 Messalla
470 1599 573 1673 aliquot
588 1615 682 1656 causas
697 1600 782 1656 uideri
794 1603 919 1674 scripsit3
934 1601 981 1656 sed
998 1611 1105 1675 praeter

143 1702 189 1742 eas
209 1687 295 1740 omnis
319 1687 376 1756 ipse
397 1700 478 1738 unam
498 1683 605 1756 probat,
628 1684 700 1756 quod
715 1687 742 1740 in
758 1701 791 1740 eo
807 1693 899 1742 monle
915 1684 1013 1740 llemus
1029 1686 1103 1741 urbis

143 1768 297 1825 coutlendae
311 1769 397 1842 gratia
413 1769 591 1838 auspieauerit
606 1783 725 1838 artesque
740 1769 836 1823 inritas
852 1768 976 1824 habuerit
991 1786 1103 1842 supera·

142 1861 242 1926 iusque
257 1854 284 1907 in
300 1852 417 1924 auspicio
430 1867 445 1905 a
457 1848 571 1906 Romulo
583 1851 629 1905 sit.
657 1849 792 1919 ‘ideireo’,
809 1853 909 1923 inquit,
926 1851 1041 1922 inmites,
1058 1854 1156 1925 qulteel

143 1938 291 2010 pomerium
304 1934 486 2009 protulerunt,
499 1942 618 1989 montem
630 1935 712 1989 istum
725 1933 908 2004 excluserunt,
920 1938 996 2007 quasi
1009 1936 1103 1991 auibus

144 2019 267 2077 obscenis
283 2019 454 2075 ominosum'.
472 2047 510 2056 -
527 2016 593 2071 Geli.
612 2016 661 2082 13.
680 2015 728 2072 14.
745 2013 773 2090 3
791 2016 819 2076 5,
838 2017 866 2073 6.

205 2100 235 2159 4.
258 2101 339 2158 ‘Bene
354 2103 460 2175 sponsis
477 2100 598 2174 beneque
614 2099 747 2156 uolueris'
769 2101 796 2155 in
812 2102 967 2173 precatione
983 2103 1104 2175 augurali

143 2187 265 2244 Messalla
287 2203 374 2260 augur
394 2187 431 2240 ait
451 2182 603 2257 significare
624 2183 813 2258 spoponderis,
829 2184 960 2242 uolueris.
976 2215 1016 2227 —
1032 2185 1105 2243 lest.

144 2289 170 2328 v.
186 2272 256 2326 Bene
271 2271 378 2343 sponsis
393 2286 420 2341 p.
439 2267 509 2327 351.

206 2352 234 2410 5.
258 2351 383 2427 ‘Serpula
398 2351 539 2425 serpserit’
557 2353 594 2408 ait
605 2352 675 2408 idern
683 2351 815 2423 Messalla,
827 2368 939 2425 serpens
950 2354 1105 2427 inrepserit.

144 2467 185 2478 -
200 2438 272 2493 Fest.
289 2455 314 2493 v.
330 2436 443 2510 Serpula
459 2454 485 2509 p.
503 2436 574 2494 351.

207 2516 236 2578 6.
258 2519 377 2576 ‘Selino'
404 2519 475 2576 idem
504 2522 540 2577 ait
567 2536 627 2576 esse
655 2520 780 2577 consulo.
803 2549 845 2560 -
867 2521 939 2577 Fest.
963 2538 987 2576 v.
1012 2519 1105 2576 Selino

207 2685 233 2748 7.
257 2688 339 2745 ‘Suari
355 2686 413 2745 tetl’
430 2690 471 2744 eit
485 2704 545 2745 esse
561 2690 600 2744 sle
615 2696 652 2744 te.
669 2718 709 2728 -
724 2687 795 2744 Fest.
812 2706 837 2742 v.
853 2687 935 2745 Suari.
951 2705 977 2761 p.
993 2687 1063 2745 351.

208 2773 238 2831 8.
261 2773 401 2829 Vernisera
416 2772 538 2828 llessalla
554 2764 691 2844 auguria.²
708 2801 744 2811 —
761 2770 835 2826 Paul.
852 2788 894 2844 ep.
912 2770 984 2827 Fest.
1003 2789 1025 2834 v,
1043 2772 1107 2827 Ver·

145 2861 234 2916 nisera
249 2874 276 2930 p.
292 2856 363 2913 379.

209 2938 239 2997 e.
262 2937 407 3010 llarsperlis
435 2939 493 2992 siue
521 2939 579 2993 sine
601 2955 615 2992 r
637 2937 725 2993 littera
748 2939 880 3011 maspedis
902 2940 928 2994 in
951 2940 1107 3011 precatione

145 3022 336 3080 solitaurilium
360 3020 423 3094 quid
438 3018 585 3093 significet,
607 3037 641 3075 ne
656 3019 777 3077 llessalla
794 3022 901 3094 quidem
918 3038 1004 3095 augur
1019 3023 1046 3076 in
1062 3037 1107 3075 en·

146 3108 299 3184 planatione
321 3105 496 3178 auguriorum
519 3106 639 3177 reperire
661 3121 690 3160 se
713 3108 834 3177 potuisse
857 3108 903 3162 ait.
926 3135 966 3147 -
989 3103 1061 3161 Fest.
1083 3122 1106 3161 v.

147 3190 293 3264 llarspetlls
309 3207 335 3262 p.
355 3189 425 3246 161.

200 3272 248 3332 10.
272 3272 349 3342 Quod
365 3272 448 3327 lullus
467 3269 604 3326 llodestus
621 3270 747 3341 affirmat,
770 3271 891 3328 llessalla
914 3290 1017 3347 augure
1040 3290 1106 3330 eon-

149 3359 256 3416 sulente
283 3354 441 3430 pontifices,
463 3370 496 3409 an
520 3356 696 3411 nundinarum
720 3354 897 3411 Romanarum
920 3372 1108 3430 nonarumque

149 3441 206 3497 dies
222 3441 296 3497 feriis
311 3445 478 3508 tenerentur,
494 3438 667 3511 respondisse
682 3455 740 3510 eos,
756 3439 888 3494 nundinas
900 3439 951 3495 stoi
962 3439 1043 3495 ierias
1054 3456 1108 3494 non

149 3517 266 3580 uideri.³
282 3551 322 3562 -
337 3519 453 3577 Maerob.
470 3521 527 3578 Sat.
546 3524 573 3592 1,
591 3523 639 3582 16.
658 3519 687 3596 3.
704 3522 752 3580 28.

151 3660 352 3671 ,.-.-..---

223 3732 241 3800 ¹)
251 3734 355 3798 Scripsi
359 3750 368 3790 ,·
382 3734 442 3783 allus
457 3735 496 3784 elii
510 3741 600 3800 posset,
611 3735 630 3784 si
642 3734 776 3783 contionem
791 3733 848 3782 edd.
875 3729 897 3799 ⁹)
910 3731 1017 3781 bitorini
1027 3747 1108 3795 eupu-

148 3807 200 3864 ria,
210 3821 276 3871 quae
285 3820 364 3855 verno
375 3817 486 3868 tempore
496 3813 609 3855 entrerno
625 3803 801 3868 capiebantur.
834 3800 856 3867 ³)
867 3802 990 3852 Mersella
1005 3803 1053 3852 loe
1068 3818 1108 3852 re·

146 3892 267 3943 sponsum
281 3877 356 3926 libris
369 3877 424 3926 sule
438 3878 578 3926 inseruisse
592 3875 701 3924 videtur.
