2378 4386
170 560 273 596 nournrr
291 558 399 596 verrunt
416 556 513 596 sunu.
524 537 634 594 XXVII.
655 538 840 593 r.-xxvt11.
859 544 883 593 5.
950 539 1013 605 613

59 731 121 772 rar.
138 729 234 770 xxvrr.
258 729 299 769 on
312 728 513 770 nrssnuonvu
528 707 796 791 succenderournvs
811 711 880 770 'ven
895 709 1009 773 rsoeers.¹
1021 718 1119 791 uotbp

122 822 146 881 1.
177 816 364 879 ²Libertoruua
387 825 573 879 intestatorum
600 822 734 880 hereditas
754 825 869 896 primunr
891 824 927 882 nd
948 842 1013 883 suos

58 907 172 965 heredes
195 909 329 981 pertiuet;
352 905 448 963 deiude
464 907 496 962 ad
512 922 575 976 eos,
599 922 714 979 quorum
729 907 819 963 iiherti
833 916 916 980 sunt,
937 908 1014 967 uelut

58 1002 216 1066 patronum,
239 1000 379 1064 patronam
403 989 538 1047 iiherosue
554 991 668 1064 patroni.
712 987 742 1047 2.
766 982 812 1046 ³Si
832 994 868 1049 sit
883 1001 1013 1066 patronus

58 1086 85 1132 et
101 1077 212 1132 alterius
234 1077 340 1149 patroni
361 1073 448 1145 iilius,
471 1075 503 1130 ad
524 1075 610 1131 solum
632 1082 777 1146 patronum
798 1074 933 1132 hereditas
953 1093 1014 1150 per·

59 1162 136 1218 tinet.
180 1155 210 1216 3.
236 1151 319 1215 ³itenr
343 1158 449 1233 patroni
466 1157 536 1214 iilius
551 1159 658 1231 patroni
674 1157 818 1230 nepotibus
842 1159 940 1216 obstat.
983 1157 1014 1218 4.

60 1237 113 1299 ⁴hd
133 1243 233 1299 iiheros
255 1252 432 1317 patronorum
456 1242 592 1297 hereditas
614 1241 734 1297 defuncti
757 1243 874 1315 pertinet
894 1243 940 1300 ’ita
962 1238 1013 1300 ut⁵

60 1328 86 1383 in
102 1330 203 1401 capita,
220 1343 275 1383 non
290 1329 317 1383 in
332 1329 444 1400 stirpes,
461 1324 607 1381 diuidatnr.

122 1409 150 1468 5.
186 1404 352 1482 ‘'Legitimae
373 1409 530 1466 hereditatis
552 1411 610 1480 ius,
639 1408 712 1482 quod
734 1424 766 1465 ex
788 1408 849 1484 iege
871 1409 1013 1468 duodecim

60 1495 212 1550 tahuiarnm
228 1493 383 1564 descendit,
401 1494 494 1567 eapitis
510 1494 657 1549 minutione
673 1493 814 1550 amittitur.
831 1487 929 1552 ass⁷

13 1633 50 1679 1⁸]
198 1644 261 1686 TIT.
278 1643 386 1686 xxviii.
417 1646 458 1686 DE
474 1644 733 1688 Possesswrttnvs
749 1645 876 1689 DANDIS.

123 1735 148 1796 1.
177 1730 332 1795 ⁸iionorum
355 1741 492 1813 possessio
514 1739 594 1795 datur
615 1748 661 1796 aut
683 1749 778 1797 contra
802 1740 904 1797 tahulas
934 1750 1015 1798 testa·

61 1826 158 1889 ruenti,
175 1832 221 1879 aut
237 1816 390 1880 secuudum
407 1822 525 1893 tabutas,
544 1821 621 1898 (eut)
639 1825 768 1879 intestati.

123 1904 151 1964 2.
175 1906 274 1963 Contra
290 1905 393 1963 tahnias
409 1905 543 1962 honorum
558 1909 695 1979 possessio
711 1905 801 1978 datur,
816 1907 907 1964 liberis
922 1901 1015 1983 ⁹(uel)⁹

61 1993 235 2066 emancipatis
259 1998 420 2046 testamento
436 1992 603 2064 praeteritis,
627 1991 689 2047 iicet
710 1991 831 2064 legitimo
855 1986 944 2072 (iure)
960 2009 1015 2050 non

62 2076 163 2133 adens
186 2077 318 2149 pertineat
340 2074 484 2129 hereditas.
526 2071 554 2131 3.
579 2068 745 2131 ¹⁰Bonorunr
761 2077 898 2148 possessio
921 2086 1015 2134 contra

62 2158 165 2216 tahuias
187 2158 278 2215 liberis
304 2167 359 2215 tam
387 2157 552 2214 naturalibus
575 2175 654 2232 quarn
681 2159 816 2233 adoptinis
844 2159 939 2230 datur;
967 2160 1015 2218 sed

64 2241 227 2299 naturalibus
244 2242 352 2316 quidem
368 2237 503 2315 ’ietr‘em)⁰
524 2244 709 2315 etnancipatis,
729 2260 783 2299 non
806 2251 894 2301 tamen
909 2254 937 2302 et
952 2245 1015 2317 iilis,

65 2328 110 2399 qui
125 2328 153 2382 in
168 2327 293 2400 adoption
309 2326 408 2382 iamiiia
422 2334 503 2393 sunt;
522 2326 655 2399 adoptinis
671 2336 760 2383 antem
776 2328 817 2383 his
834 2337 953 2402 tantum,
969 2332 1016 2404 qui

64 2411 90 2465 in
112 2418 247 2484 potestate
270 2418 434 2466 manserunt.
477 2408 507 2468 4.
534 2403 740 2483 ¹¹Enrancipatis
764 2410 854 2467 iiheris
871 2429 904 2469 ex
926 2414 1015 2470 edicto

64 2493 143 2550 datur
165 2493 297 2551 bonorum
321 2495 473 2568 possessio,
496 2495 519 2549 si
542 2495 627 2566 parati
649 2493 713 2549 'sint
724 2488 747 2526 ¹²
763 2510 858 2551 cauere
878 2495 1015 2566 fratribus

63 2579 135 2648 suis,
151 2580 198 2652 qui
214 2579 240 2633 in
258 2585 393 2651 potestate
409 2586 578 2648 manserunt,
600 2575 688 2648 hona,
710 2593 779 2650 quae
796 2579 926 2634 moriente
939 2587 1016 2651 patre

64 2659 225 2730 habuerunt,
241 2679 271 2717 se
286 2661 452 2720 conlaturos.

127 2744 155 2803 6.
181 2738 364 2801 ¹³Secundum
379 2743 481 2800 tabulas
495 2744 628 2800 honorum
647 2744 783 2817 possessio
805 2743 885 2799 datur
907 2745 1016 2819 scriptis

64 2828 218 2900 heredibus,
234 2830 336 2884 sedicet
350 2831 373 2884 si
389 2843 497 2895 eornm,
521 2826 619 2901 quibus
642 2835 735 2882 eontra
757 2826 861 2883 tahuias
876 2831 1016 2902 competit,

138 2975 157 3042 ¹)
175 2978 251 3028 Recte
265 2979 357 3029 deberat
371 2979 435 3028 daec
450 2979 572 3028 uocnduie
586 2995 602 3027 e
614 2978 659 3042 Bp.
671 2980 745 3027 uncis
755 2979 856 3027 inclusa
867 2979 1016 3029 ostendunt-

64 3065 124 3113 que,
139 3049 207 3099 dune
226 3052 325 3098 titulum
342 3051 440 3112 fectum
458 3065 524 3106 esse,
544 3065 592 3114 quo
611 3057 722 3112 tempore
740 3050 767 3098 in
785 3049 947 3112 sequentibus
965 3066 1015 3102 unu

64 3120 137 3170 modo
152 3121 184 3169 rie
199 3122 292 3169 ciuium
307 3120 377 3168 Boua.
393 3121 440 3168 sed
453 3123 529 3169 etium
543 3121 574 3168 de
585 3119 737 3169 Latinorum
751 3119 901 3170 libertorum
913 3136 1016 3171 succes·

63 3190 179 3240 sionibus
196 3190 336 3254 nychasius:
354 3191 444 3240 dorum
463 3193 528 3240 enim
548 3194 629 3255 sarapis
647 3190 713 3241 bona
726 3198 798 3248 suat,
818 3206 883 3255 puae
902 3174 959 3241 inire
969 3208 1017 3256 pe·

64 3262 128 3310 eutii
142 3261 178 3311 ed
190 3262 401 3310 manumissorum
411 3264 552 3324 pertinent,
567 3278 653 3326 quern,
674 3269 700 3310 ut
714 3264 829 3318 iliorum,
848 3262 978 3312 hereditas
992 3270 1019 3312 ei

63 3333 200 3381 successio.
263 3328 284 3396 2)
301 3331 339 3395 Cf.
355 3330 385 3379 L.
401 3343 413 3381 3
424 3347 468 3394 pr.
488 3333 519 3379 D.
535 3334 634 3381 deruis
648 3340 672 3382 et
687 3335 755 3397 tepit.
771 3332 816 3398 (33,
831 3332 875 3397 13).
941 3330 1016 3397 ³)Cs.

66 3402 123 3451 Gai.
143 3414 168 3459 3,
188 3414 221 3453 30.
244 3401 276 3450 L.
296 3412 329 3452 13.
348 3403 372 3463 §-
388 3414 407 3451 1.
434 3401 466 3450 1).
487 3403 518 3450 de
537 3403 593 3452 bon.
614 3403 655 3452 un.
671 3401 720 3469 (33.
735 3403 766 3466 u).
791 3403 866 3452 Paul.
881 3416 902 3465 3,
917 3415 937 3454 u.
957 3406 979 3465 ξ.
996 3417 1017 3454 1.

64 3473 87 3534 ὅ.
102 3475 172 3535 ofin.
188 3472 209 3520 I.
224 3473 256 3521 de
270 3487 339 3521 suec.
355 3471 397 3519 itt.
413 3470 444 3534 (a,
459 3472 491 3536 t).
543 3471 563 3536 ⁴)
581 3472 618 3535 Cf.
636 3472 693 3522 Gai.
708 3485 777 3529 331.
798 3473 873 3522 Paul.
888 3486 909 3531 a,
924 3485 944 3523 2.
961 3475 1015 3535 §.s

65 3541 86 3606 β)
104 3541 261 3592 Geminumio
274 3543 336 3604 feci.
356 3549 395 3589 aut
415 3541 472 3590 Vnt.
488 3551 514 3591 ut
528 3543 584 3591 edd.
635 3540 656 3606 6)
672 3543 710 3605 Cf.
728 3542 784 3591 Gai.
800 3555 821 3600 3,
835 3555 870 3594 31.
884 3557 917 3595 tt.
933 3554 966 3595 51.

66 3609 87 3678 7)
104 3614 141 3676 Cf.
158 3621 208 3664 noi.
225 3627 244 3664 t.
311 3610 332 3675 Β)
348 3611 386 3674 Cf.
402 3611 433 3660 L.
449 3623 469 3662 3.
485 3615 508 3673 ξ.
524 3626 543 3663 1.
563 3612 595 3661 D.
610 3614 642 3661 de
656 3611 686 3660 B.
703 3613 733 3660 P.
749 3612 793 3677 (st,
809 3613 840 3678 1).
857 3629 899 3676 pr.
914 3616 937 3676 5.
954 3626 974 3663 r.
995 3612 1016 3661 I.

63 3684 118 3734 eod.
135 3682 166 3749 (s,
180 3683 212 3749 3).
277 3680 442 3748 ⁹)h'uppteoi.
465 3683 502 3745 Cf.
518 3685 539 3743 §-
556 3694 576 3733 3.
590 3690 616 3732 et
629 3682 660 3731 L.
677 3695 695 3731 r.
712 3685 735 3743 §-
750 3695 770 3734 o.
791 3684 822 3731 D.
838 3684 870 3732 de
884 3683 905 3735 h.
918 3700 945 3746 p.
961 3698 982 3732 c.
998 3690 1015 3731 t.

64 3753 109 3819 (tt,
123 3754 154 3817 t).
223 3750 254 3816 ¹⁰)
271 3754 308 3815 Cf.
325 3754 347 3813 ξ.
362 3765 383 3803 t.
408 3752 429 3801 I.
449 3753 481 3802 de
498 3753 586 3802 culter.
602 3752 643 3801 lib.
659 3751 695 3816 (u,
711 3753 754 3813 13).
822 3750 854 3817 ¹¹)
871 3753 909 3815 Cf.
927 3753 1015 3802 Cotini.

64 3836 132 3882 131.
148 3827 171 3887 ξ.
186 3837 206 3876 e.
227 3824 302 3873 Pani.
318 3833 338 3880 n,
353 3834 373 3872 3.
389 3825 412 3884 ξ.
427 3835 447 3873 t.
502 3818 534 3887 ¹¹)
549 3830 603 3872 sunt
622 3822 679 3872 Vnt.
695 3822 751 3871 edd.
806 3818 838 3885 ¹⁸)
855 3822 892 3884 Cf.
904 3821 934 3870 L.
949 3832 1016 3884 npr.

65 3895 97 3943 D.
112 3896 144 3944 de
159 3895 181 3944 b.
193 3911 221 3958 p.
235 3910 255 3943 s.
271 3902 288 3942 t.
304 3891 347 3957 (31,
363 3892 407 3958 11).
