2378 4386
113 549 149 596 vl
488 544 695 591 PRAEFATIO.

113 699 215 778 sisse),
239 695 417 760 Antonium
433 693 669 777 Schultingium
692 698 828 776 secutus,
851 695 959 759 statim
982 696 1017 759 in
1032 696 1073 761 ti·

113 781 181 844 tulo
209 781 312 863 operis
346 779 384 842 ad
415 778 695 860 iurisprudentiam
729 779 1010 843 anteiustinianam
1039 776 1080 845 id-

114 862 217 928 retuli.
255 862 303 926 Ita
328 884 365 926 ue
381 863 478 925 etiam
494 861 580 925 ‘Divi
596 860 750 925 Hadriani
766 862 944 926 sententias
959 866 993 927 et
1006 862 1074 946 epi·

114 947 236 1029 stolas’,
259 968 277 1009 a
297 884 452 1009 iiositheo
475 946 683 1029 grammatico
705 945 798 1009 nobis
821 950 971 1024 servatas,
994 954 1093 1030 quael

115 1029 335 1113 Schultingius
366 1030 501 1112 recepit,
536 1028 727 1093 omittendas
761 1029 885 1110 censui,
917 1032 953 1092 ut
985 1030 1092 1095 enim-

115 1116 217 1197 ipsae,
251 1118 406 1196 quatenus
435 1112 473 1175 ad
503 1113 551 1176 ius
581 1113 760 1196 pertinent,
791 1113 1074 1179 constitutionibus
1085 1092 1107 1175 3-

115 1197 295 1281 principum
322 1197 390 1260 sine
422 1195 517 1259 dubio
546 1196 803 1259 adnumerandae
825 1200 915 1275 sunt,
943 1196 991 1260 ita
1013 1178 1107 1271 neci

116 1281 303 1363 compositio
327 1301 450 1360 earum,
473 1301 535 1362 qua
557 1278 727 1342 Dositheus
748 1300 824 1342 usus
847 1284 911 1361 est,
940 1301 959 1343 a
981 1276 1107 1381 iuris}

116 1364 259 1428 consulto
286 1364 429 1448 profecta
457 1362 506 1427 vel
528 1363 606 1426 iuris
628 1362 726 1426 studii
770 1363 954 1427 romovendi
976 1384 1075 1431 cauea
1101 1392 1107 1437 z

115 1450 201 1512 facta
223 1469 291 1512 esse
313 1448 446 1511 videtur.
491 1445 562 1511 Hoc
584 1446 669 1510 idem
691 1384 817 1529 quiiem
840 1446 878 1510 de
902 1440 1106 1527 Οοᾶίοἰιιιιιζ1

115 1532 314 1616 Gregoriano
336 1535 368 1595 et
387 1530 646 1615 Hermogeniano
669 1529 731 1593 dici
752 1531 873 1613 nequit,
897 1551 936 1593 ex
957 1531 1074 1615 quibua
1095 1536 1106 1553 ''

115 1618 210 1680 etiam
240 1615 309 1680 Visi
333 1614 427 1680 othos
476 1636 536 1679 uae
564 1618 789 1695 excerpserunt
816 1615 900 1678 inter
925 1614 1002 1678 iuris
1030 1614 1073 1681 ai·
1099 1636 1106 1665 ι

115 1699 187 1762 vilis
210 1638 365 1763 scintillas
387 1636 534 1763 retulisse
556 1699 632 1761 satis
648 1702 758 1761 notum
775 1700 832 1779 est,
855 1718 915 1762 neo
929 1697 1074 1794 profecto
1102 1764 1106 1771 ,

115 1803 260 1867 peccasse
287 1781 365 1846 mihi
395 1782 533 1863 viderer,
563 1782 590 1844 si
618 1780 676 1844 hos
727 1802 829 1877 uoque
857 1781 1072 1869 admisissem

115 1889 210 1949 quum
233 1872 355 1947 tamen,
372 1886 452 1946 quae
474 1885 559 1928 nunc
581 1886 619 1927 ex
640 1865 690 1928 hia
705 1802 873 1929 bodrcibus
892 1867 1074 1951 supersunt,
1104 1864 1106 1873 '

116 1972 154 2012 ex
182 1949 278 2012 meris
307 1948 589 2012 constitutionibus
610 1949 790 2031 principum
814 1949 1006 2026 consistant,
1033 1968 1074 2015 οι
1104 1972 1106 1981 ·

116 2055 153 2096 ea
175 2032 310 2113 ratione,
334 2052 396 2116 qua
417 2053 503 2096 nunc
527 2032 603 2095 iuris
628 2032 729 2096 civilis
743 2032 849 2096 fontes
863 2033 1025 2097 intuemur
1038 2034 1073 2099 et

114 2119 298 2198 tractamus,
321 2115 438 2179 rectius
462 2121 555 2198 atque
578 2117 752 2180 consultius
774 2116 879 2180 facere
899 2116 1074 2183 arbitratu·
1100 2140 1106 2151 ·

116 2221 195 2279 sum,
220 2201 246 2263 si
269 2221 321 2264 eos
344 2199 533 2263 omitterem.
571 2198 638 2264 Nec
661 2220 735 2263 vero
757 2201 842 2263 hanc
864 2201 1020 2265 rationem
1034 2220 1074 2265 eo

115 2284 295 2367 perducere,
318 2287 354 2346 ut
375 2283 471 2347 etiam
494 2283 637 2367 singulae
661 2284 913 2361 constitutiones,
937 2304 1019 2366 quae
1037 2283 1074 2349 in

117 2367 312 2450 Concutiens,
339 2365 365 2430 F
367 2367 542 2449 regmentis
572 2366 739 2430 Vaticanis
769 2370 801 2429 et
827 2365 1074 2433 Consultatione

116 2451 330 2534 inveniuntur,
343 2450 515 2515 eiiciendae
526 2451 671 2532 fuissent,
686 2451 738 2513 vix
751 2454 808 2532 est,
820 2449 902 2533 quod
914 2470 1072 2517 moneam.

180 2534 254 2598 Alia
275 2557 312 2599 ex
335 2538 424 2618 parte
447 2539 549 2599 certos
571 2535 651 2599 fines
672 2534 749 2598 mihi
766 2533 1003 2616 praescribebat
1016 2532 1074 2599 illa

117 2619 248 2698 taxatiO,
271 2640 351 2702 quae
373 2619 412 2683 ad
435 2620 483 2683 ius
499 2619 800 2682 anteiustiniaueum
815 2617 898 2680 hanc
913 2616 1074 2683 collectio·

116 2724 190 2767 nem
217 2703 439 2787 restringebat.
485 2702 695 2782 Quaecunque
723 2701 821 2781 igitur
843 2700 932 2762 libris
953 2701 1031 2765 iuris
1052 2722 1073 2765 a

116 2785 294 2850 Iustiniano
319 2787 472 2851 confectis
495 2783 708 2862 continentur,
731 2802 790 2844 nec
811 2781 873 2845 alia
894 2783 1018 2848 ratione
1034 2802 1074 2849 ex

117 2871 309 2951 antiquitate
332 2869 371 2932 ad
394 2888 452 2931 nos
475 2868 697 2949 pervenerunt,
720 2864 823 2928 aliena
846 2866 887 2929 ab
903 2866 963 2930 hoc
978 2886 1074 2951 opera

117 2952 200 3015 duxi.
246 2951 339 3014 Hanc
366 2972 439 3015 vero
468 2949 624 3012 rationem
653 2948 735 3031 quod
763 2949 796 3013 in
823 2953 949 3013 tantum
971 2950 1074 3033 tenui,

117 3040 153 3099 ut
175 3035 270 3099 etiam
293 3034 420 3117 singula
436 3033 641 3178 Dipestorum
663 3033 712 3096 vel
727 3032 970 3098 Institutionum
992 3035 1072 3117 loca,

117 3118 229 3202 quibus
262 3118 368 3181 manci
401 3116 450 3180 vel
498 3116 626 3180 acunosi
655 3116 727 3180 libri
753 3116 846 3182 huius
875 3117 1074 3183 collectionis

117 3200 251 3286 proprii,
286 3201 372 3265 velut
400 3199 531 3282 Ulpiani
560 3199 640 3263 liber
667 3201 838 3285 singularia
867 3201 1074 3299 Regularum,

117 3285 257 3350 eiusdem
286 3285 511 3348 Institutiones
545 3287 576 3348 et
608 3283 710 3348 Paulli
740 3286 926 3351 Sententiae
957 3306 991 3349 re
1015 3285 1075 3351 len

117 3372 282 3452 poterant,
311 3371 343 3432 et
369 3369 486 3465 partim
519 3369 553 3431 in
587 3368 778 3434 editionibus
810 3369 925 3452 repleri
958 3307 1074 3451 soient,

117 3473 173 3516 suo
195 3453 273 3527 loco,
298 3452 401 3516 verbis
423 3453 500 3535 ipsis
523 3453 656 3535 omissis,
678 3459 803 3519 tantum
822 3453 1007 3532 indicarem,
1031 3451 1075 3535 it,

116 3537 229 3615 fateor,
254 3536 347 3600 simul
370 3537 417 3601 rel
441 3537 538 3602 etiam
560 3538 664 3621 magis
687 3538 749 3601 alia
771 3538 809 3602 de
825 3557 928 3617 causa,
953 3536 1077 3601 scilicet

117 3624 153 3682 ut
181 3620 283 3701 spatio
313 3641 488 3703 parcerem,
517 3622 636 3686 factum
665 3626 728 3702 est,
779 3620 962 3685 uamobrem
990 3620 1075 3684 idem

116 3704 300 3768 institutum
323 3706 419 3769 etiarn
442 3707 475 3769 in
498 3705 548 3769 his
571 3705 649 3769 locis
665 3643 830 3786 custoiiri,
853 3725 933 3787 quae
949 3724 987 3766 ex
1003 3704 1076 3768 aliia

116 3788 262 3870 partibus
288 3794 415 3854 nostrae
444 3789 642 3853 collectionis
670 3791 795 3852 servata
824 3790 914 3868 sunt,
946 3789 1077 3871 (utputa
