2378 4386
340 492 444 530 nourmt
461 492 568 529 vacrum
586 492 651 530 rusa.
670 495 727 529 suu.
948 477 1008 542 621

121 621 152 682 2.
175 623 294 698 llepositi
316 638 425 697 quoque
447 622 590 680 utilitatem
612 624 656 678 ius
679 625 800 696 gentium
822 623 955 697 prodidit,
982 633 1013 682 ut

54 701 139 784 quls¹
167 705 370 764 custodiendam
393 723 448 763 rem
471 723 546 763 suam
575 706 712 762 animalem
735 707 779 763 uel
804 699 807 781 l
830 710 1013 765 inanimalem

54 797 153 851 amieo
172 793 245 848 dare
262 794 370 865 possit,
392 794 474 865 isque
487 795 515 847 ei
532 792 572 847 ad
585 806 647 847 rem
668 791 741 848 dona
762 792 820 862 pide
841 793 1014 849 reddendam

57 885 203 935 teneatur.

404 1018 451 1058 rn.
467 993 610 1079 111(antea
625 993 668 1078 v).

124 1113 150 1172 1.
185 1157 192 1171 .
218 1158 224 1170 .
251 1159 256 1170 .
279 1105 472 1189 comlparatum
495 1121 536 1166 est
558 1111 747 1182 interdictum,
776 1111 853 1168 uelut
875 1107 938 1169 cui²
964 1113 1119 1197 ini-tolita.

57 1203 129 1256 tium
145 1205 195 1258 est.
211 1237 218 1254 .
235 1240 241 1253 .
1042 1193 1094 1234 ¹⁰¹²·

484 1331 533 1372 FR·
548 1330 589 1371 tv.

125 1424 151 1483 1.
178 1466 184 1480 .
202 1467 208 1479 .
226 1466 233 1481 .
252 1419 256 1501 Ι
273 1425 407 1497 quaedam
422 1427 506 1480 etiam
521 1423 676 1480 interdicta
692 1430 759 1480 sunt
774 1417 852 1480 tam⁸
866 1423 1119 1497 adipiscendorum.

57 1509 112 1567 dae
136 1523 215 1581 quarn
236 1507 425 1580 reciperandae
447 1507 645 1581 possessionis,
673 1507 762 1579 qualia
784 1516 846 1563 suot
874 1507 1016 1564 interdicta
1048 1503 1088 1551 1¹¹¹·

61 1607 150 1657 ovam
164 1605 290 1648 rvunvu
305 1597 331 1645 et
347 1605 432 1654 orsu
445 1585 694 1648 nununmarnu.⁴
730 1606 790 1647 nam
806 1593 829 1647 si
846 1589 956 1648 iuodum
970 1593 1014 1648 uel

62 1673 240 1731 hereditatem
255 1671 288 1728 ab
302 1671 391 1747 aliquo
407 1682 511 1747 petam,
533 1691 584 1731 nec
597 1673 640 1729 ’lis
655 1669 840 1745 defendatur,⁶
859 1677 968 1748 cogitur
982 1676 1015 1732 ad

62 1774 106 1816 me
123 1756 269 1814 transferre
284 1757 495 1830 possessionem,
510 1758 569 1814 siue
585 1773 729 1832 numquam
744 1759 864 1833 possedi,
880 1761 939 1815 siue
954 1767 1016 1816 ante

58 1834 194 1920 posseidl,
212 1839 307 1898 delude
323 1841 398 1897 amisi
412 1843 621 1914 possessionem.

414 1995 463 2036 sn.
479 1994 499 2036 v
518 1975 607 2049 (antea
626 1974 663 2053 a).

126 2086 152 2145 1.
180 2085 199 2143 ⁹.
225 2128 232 2144 .
255 2091 431 2146 restituione
455 2094 482 2144 et
504 2088 676 2144 exdtditoria
699 2082 866 2148 interdicta⁶
888 2094 940 2146 aut
960 2099 1110 2163 pertottta

59 2163 392 2250 sormrtlamlsrlritrarlam
408 2171 590 2244 explicantur,
613 2180 660 2229 aut
675 2190 722 2247 per
739 2176 929 2249 sponsionem3
952 2190 1016 2248 pro·
1049 2172 1089 2219 ¹¹¹¹·

65 2253 191 2311 ltiltitoria
206 2270 272 2312 uero
287 2247 407 2330 semper⁷
430 2271 479 2329 per
498 2257 671 2329 sponsionem
694 2259 869 2333 explicantur.
912 2256 943 2317 2.
966 2258 1016 2315 lle·

138 2417 158 2488 ¹)
178 2421 255 2472 Vind.
270 2423 348 2487 quiuis
363 2422 420 2471 edd.
432 2436 451 2474 t.
462 2435 482 2474 r.
530 2420 551 2486 ²)
572 2424 649 2472 Vind.
665 2426 798 2475 cuiusedd.
810 2440 830 2476 t.
840 2438 860 2476 e.
882 2425 1017 2489 Spectasse

63 2493 128 2543 draeo
146 2493 266 2542 videntur
285 2494 321 2542 ad
338 2493 478 2542 interdicta
496 2494 680 2556 adipiscendae
695 2497 880 2557 possessionis,
895 2512 911 2543 a
926 2496 1017 2559 quidus

62 2566 140 2613 etiam
154 2562 288 2627 Ulpianum
298 2566 324 2611 in
334 2563 383 2612 dac
394 2564 588 2613 interdictorum
598 2565 724 2613 diuisione
739 2567 840 2614 initium
851 2567 955 2628 fecisse,
970 2566 1017 2613 du·

64 2634 145 2684 ditari
157 2648 209 2684 non
219 2641 312 2697 potest.
344 2633 431 2697 Itaque
447 2636 480 2683 its
494 2633 618 2683 absolutis
633 2649 791 2698 propressus
805 2642 842 2683 est
856 2637 929 2684 circa
940 2635 1016 2696 fincta

62 2704 176 2754 eiusdem
187 2706 301 2768 popinae
315 2705 351 2752 ad
364 2704 503 2753 interdicta
514 2720 563 2753 non
574 2711 670 2752 tantum
679 2704 864 2767 adipiscendae
877 2705 1016 2765 possessio·

65 2776 119 2831 nis,
139 2788 187 2837 pua
202 2777 316 2837 pertinet
333 2789 440 2838 sequens
456 2776 634 2838 suspirantum.
692 2770 712 2840 ³)
726 2774 771 2823 Sic
785 2790 853 2822 nutrc
867 2776 1016 2823 sententiam

65 2844 177 2903 restitut,
188 2843 319 2909 Krueperi
328 2847 437 2894 lectione
448 2846 542 2907 fretus.
568 2841 624 2892 ‘aut
638 2845 825 2908 reciperandae
836 2846 1016 2907 possessionis,

65 2929 116 2980 quo
133 2919 138 2973 l
154 2915 177 2962 ln
192 2929 292 2964 nttmero
306 2923 344 2963 est
359 2916 523 2964 interdictum
543 2921 620 2961 t'ttou
636 2921 672 2974 t'1,
687 2921 731 2962 aut
746 2911 807 2963 tant’
819 2914 876 2963 aaa.
888 2927 907 2964 t.
918 2925 938 2963 2.
963 2916 1017 2964 Du·

61 2986 146 3049 plicia
164 3000 226 3034 uero
245 2986 309 3035 daec
328 2986 467 3034 interdicta
486 2985 535 3033 ltac
553 2986 655 3033 ratione
669 2985 739 3033 dicta
754 3000 821 3041 esse,
841 3000 886 3034 nec
900 2999 935 3033 ea:
950 2985 981 3034 h.
996 2996 1016 3035 s.

64 3057 89 3117 ξ.
105 3058 149 3104 ult.
165 3055 196 3103 D.
212 3055 243 3104 de
258 3056 351 3104 interd.
366 3057 410 3118 (ts,
426 3054 448 3120 t)
465 3056 585 3117 efficitur.
637 3052 657 3120 ⁴)
675 3055 713 3118 Cf.
730 3055 773 3104 Fr.
794 3055 851 3104 Vct.
867 3067 899 3105 92.
953 3052 973 3122 ⁶)
987 3056 1017 3105 lis

65 3126 176 3174 defendat
201 3125 278 3174 Vind.
298 3127 319 3173 is
339 3125 448 3174 delcttdat
467 3126 523 3175 edd.
539 3139 559 3175 1.
574 3137 594 3176 u.
615 3128 676 3190 quia
697 3124 800 3176 auitum
822 3125 968 3188 dicebatur,
989 3129 1016 3176 t'n

67 3196 126 3246 rad.
143 3202 241 3245 essetne
255 3211 295 3246 ras
310 3213 343 3245 an
358 3212 416 3254 urs,
431 3204 454 3245 et
468 3199 568 3262 sipnum
583 3197 652 3260 quod
663 3197 738 3246 tatae
747 3205 807 3260 post
822 3198 922 3260 cogitur,
935 3199 1017 3262 sipni·

61 3268 187 3328 liceretne
198 3268 313 3329 sortasse
328 3266 486 3315 aduersarius.
510 3267 563 3316 Sed
576 3270 673 3317 rectius
687 3268 735 3318 llos
751 3268 871 3333 Krueper
885 3269 968 3331 refert
983 3269 1019 3318 ad

62 3339 175 3402 placeam
193 3338 360 3401 marginalem
379 3352 447 3386 ntanc
465 3337 612 3387 abscissam.
646 3338 679 3387 Et
698 3341 730 3388 lis
749 3340 855 3402 defendi
872 3346 931 3388 ante
950 3342 1018 3389 litem

63 3413 239 3465 contestatam,
250 3423 392 3471 quanquam
403 3410 484 3456 minus
490 3411 608 3471 proprie,
618 3410 717 3458 dicitur
727 3418 808 3459 tanten
819 3412 894 3458 etiam
902 3409 933 3458 L.
942 3422 967 3461 ts
974 3426 1016 3473 pr.

65 3477 97 3528 Ι).
113 3478 144 3527 de
159 3492 268 3541 procur.
285 3477 320 3541 (s,
338 3476 370 3541 s).
435 3474 516 3542 ⁶)Aa
533 3493 633 3526 sensnm
651 3481 774 3542 suppleri.
803 3480 841 3542 Cf.
859 3479 1017 3543 Gai.t,ttt.

67 3547 188 3597 Fortasse
199 3548 386 3612 praecedebat:
401 3545 489 3608 ‘Qttod
501 3555 584 3597 autem
598 3549 633 3597 ad
647 3550 717 3597 iliam
731 3550 904 3612 differentiam
918 3551 1017 3609 attinet,

64 3619 135 3682 qrtod
144 3656 150 3667 .
162 3655 167 3667 .
180 3615 198 3668 .'
219 3626 247 3667 nt
265 3626 343 3669 totum
361 3618 409 3668 lroc
425 3619 597 3681 fraprtrentum
616 3634 667 3665 rana
683 3621 793 3681 periodo
813 3621 1017 3682 comprehensum

62 3690 154 3750 facerit,
170 3691 243 3738 catius
257 3689 382 3752 apodosin
397 3691 420 3750 §-
431 3700 450 3737 2.
467 3689 603 3736 contineat.
656 3685 676 3752 ⁷)
691 3688 735 3737 Ea
747 3689 866 3752 Iludorfii
875 3693 908 3752 ej.
923 3704 1018 3752 semper

65 3759 221 3822 prohibitoria
241 3774 298 3808 uero
319 3760 363 3810 (Isi.
382 3759 439 3808 edd.
467 3757 581 3822 Sequens
599 3772 642 3821 per
656 3760 681 3806 in
702 3775 781 3808 causa
797 3759 863 3821 suit,
883 3766 911 3807 ut
924 3774 1018 3821 semper

64 3831 233 3887 anniteretur,
248 3830 340 3878 deinde
355 3829 390 3879 ad
403 3831 542 3893 marpinem
556 3830 697 3891 suppletum
712 3836 931 3891 transponeretur.
