2378 4386
370 538 428 575 otu
445 539 536 573 marm.
556 519 591 573 II.
610 525 758 576 att-261.
972 521 1036 586 279

87 676 173 725 totam
188 666 362 724 hereditatem
377 670 521 726 restituere
537 677 649 742 rogatus
665 669 715 739 sit,
737 667 813 725 locus
833 674 876 727 ert
890 667 1039 742 Pegasiano

87 760 198 809 senatus
213 750 348 811 consulto.
381 749 447 812 267.
470 752 518 810 Set
532 754 565 825 is,
581 753 627 826 qui
642 752 726 809 semel
741 753 835 809 adierit
849 753 1038 827 hereditatem,

87 839 111 893 si
126 835 207 893 modo
222 852 269 892 sua
285 834 426 894 uoluntate
440 836 544 907 adierit,
560 838 619 893 siue
634 837 775 894 retinuerit
787 848 909 911 quartam
920 847 1037 912 partem,

88 923 148 977 siue
163 920 280 977 noluerit
293 922 420 991 retinere,
437 923 495 994 ipse
506 922 633 976 uniuersa
644 936 725 977 onera
736 921 894 978 hereditaria
906 923 1037 979 sustinet:

88 1014 131 1061 set
150 1013 243 1078 quarta
263 1005 370 1077 quidem
392 1012 495 1061 retenta
517 1005 593 1077 quasi
613 1005 698 1076 partis
719 1013 748 1061 et
769 1021 818 1078 pro
833 1015 911 1079 parte
925 1006 1037 1079 stipula·

90 1091 178 1145 tiones
193 1090 327 1161 interponi
343 1087 441 1145 dehent
458 1096 591 1160 tamquam
613 1088 686 1142 inter
705 1090 861 1161 partiarium
876 1089 1037 1164 legatarium

89 1180 117 1228 et
138 1172 274 1245 heredem3
298 1174 321 1227 si
344 1188 409 1228 uero
431 1181 515 1228 totam
530 1170 705 1226 hereditatem
721 1173 887 1243 restituerit,
902 1174 933 1230 ad
949 1190 1037 1231 erem·

89 1255 165 1329 plum
175 1264 265 1312 emtoe
276 1264 304 1311 et
316 1255 444 1313 uenditoe
453 1255 611 1311 hereditatis
621 1253 811 1327 stipulationes
822 1257 1039 1329 interponendae

89 1349 162 1397 suut.
202 1337 272 1398 tta.
295 1338 343 1395 Set
362 1342 385 1395 si
406 1349 513 1395 recuset
534 1339 652 1411 scriptus
672 1338 751 1394 heres
777 1337 850 1393 adire
865 1338 1039 1397 hereditatem

89 1421 124 1479 ob
139 1422 175 1488 id,
193 1423 265 1496 quod
281 1422 367 1494 dicat,
389 1439 446 1478 eam
462 1421 512 1477 sihi
527 1430 681 1493 suspectam
705 1437 765 1477 esse
787 1424 864 1493 quasi
877 1422 1038 1494 damnosam,

89 1516 201 1563 cauetur
220 1506 372 1578 Pegasiano
394 1513 504 1562 senatus
525 1504 666 1573 consulto,
688 1512 719 1559 ut
739 1503 907 1561 desiderante
927 1520 977 1576 eo,
997 1508 1040 1562 cui

88 1593 235 1647 restituere
260 1596 373 1662 rogatus
393 1598 448 1659 est,
475 1589 550 1645 iussu
570 1581 725 1665 {praetoris
751 1587 828 1644 adeat
852 1597 879 1644 et
905 1590 1038 1661 restituat,
1050 1591 1110 1641 121.

88 1674 259 1747 proindeque
279 1675 303 1727 ei
325 1679 353 1726 et
367 1673 395 1728 in
409 1688 489 1743 eum,
504 1674 549 1746 qui
571 1673 718 1745 receperit,
739 1674 857 1727 actiones
877 1671 989 1746 dentur,
1009 1688 1040 1733 tc

20 1773 78 1821 [eos]
90 1759 158 1814 iuris
174 1764 216 1812 est
232 1771 264 1812 ex
279 1763 387 1811 senatus
403 1757 528 1813 consulto
544 1755 727 1813 Trebelliano:
750 1772 804 1829 quo
820 1772 883 1811 casu
898 1756 978 1813 nullis
992 1761 1040 1815 eti·

87 1838 274 1917 putationibus
290 1855 358 1913 opus
374 1849 431 1912 est,
452 1841 514 1914 quia
527 1839 608 1896 simul
623 1848 651 1895 et
665 1839 743 1912 huic,
759 1840 804 1913 qui
819 1840 946 1903 restituit,
963 1855 1040 1899 secu·

90 1927 154 1982 ritas
170 1924 261 1994 datur,
276 1931 304 1981 et
317 1924 437 1980 actiones
448 1923 624 1980 hereditariae
640 1925 664 1979 ei
677 1932 705 1980 et
716 1925 742 1980 in
755 1940 815 1980 eum
831 1923 1040 1996 transferuntur,

91 2011 136 2083 qul
150 2008 284 2081 receperit
299 2007 486 2065 hereditatem.
530 2003 598 2065 tte.
620 2007 690 2064 h'ihii
706 2015 794 2063 autem
810 2009 934 2078 interest,
950 2017 1039 2066 utrum

90 2093 186 2166 aliquis
197 2108 229 2148 ex
241 2106 300 2148 asae
311 2092 390 2148 heres
404 2085 569 2150 'institutor¹
585 2100 630 2147 aut
647 2099 729 2148 totam
744 2091 919 2148 hereditatem
935 2101 1040 2167 autpro

93 2185 170 2249 parte
181 2178 324 2232 restituere
336 2184 461 2250 rogetur,
476 2193 510 2232 an
521 2192 553 2231 ex
564 2182 641 2250 parte
653 2175 733 2231 heres
745 2175 885 2232 institutus
899 2185 945 2233 aut
957 2184 1040 2234 totam

93 2275 150 2315 eam
166 2268 266 2333 partem
282 2266 328 2315 ant
342 2261 426 2333 partis
441 2268 544 2334 partem
559 2261 703 2316 restituere
717 2269 841 2333 rogetur.
872 2276 933 2317 nam
947 2269 975 2317 et
989 2260 1041 2320 hot

92 2358 157 2399 casu
172 2342 204 2399 de
224 2352 318 2417 quarta
338 2351 414 2416 parte
435 2345 492 2400 eius
513 2345 599 2418 partis
619 2344 687 2399 ratio
711 2359 744 2400 ex
758 2341 910 2418 Pegasiano
931 2353 1040 2402 senatus

92 2425 218 2484 consulto
233 2427 324 2484 haberi
339 2427 420 2484 solet.

154 2506 226 2569 260.
249 2510 342 2567 Potest
358 2519 445 2566 autem
462 2512 577 2585 quisque
599 2513 677 2567 etiam
700 2527 744 2566 res
767 2511 888 2585 singutas
903 2528 951 2585 per
966 2510 1040 2568 fidei-

91 2596 263 2652 commissum
272 2594 519 2668 relinquere,uelut
528 2593 649 2664 fundum,
665 2594 809 2664 hominem,
820 2603 934 2663 uestem,
945 2611 1041 2666 argen-

92 2688 160 2751 tum,
176 2680 332 2754 pecuniam3
349 2688 376 2734 et
391 2678 436 2734 uel
451 2680 538 2752 ipsum
555 2677 681 2734 ireredem
697 2692 810 2748 rogare,
825 2685 857 2732 ut
871 2676 948 2732 alicui
964 2678 1042 2733 reati·

92 2772 162 2833 tuat,
184 2762 229 2818 uel
244 2762 412 2836 legatarium,
435 2764 557 2835 quamuis
580 2777 594 2817 a
617 2759 747 2834 legatario
770 2758 853 2832 legari
868 2774 923 2814 non
945 2761 1040 2832 possit.

92 2841 157 2904 261.
178 2846 243 2903 item
258 2853 350 2921 potest
365 2861 420 2901 non
434 2845 522 2902 solum
545 2845 657 2919 propria
679 2844 818 2900 testatoris
839 2858 883 2899 res
904 2858 952 2916 per
968 2840 1040 2900 fidei·

93 2929 265 2986 commissum
281 2929 408 3003 relinqui,
422 2928 470 2984 sed
485 2931 566 2985 etiam
578 2926 686 2985 heredis
701 2936 747 2982 aut
756 2926 883 3001 legatarii
895 2935 941 2983 aut
952 2928 1041 2984 cutus·

92 3012 158 3069 libet
179 3011 304 3071 alterins:
327 3014 418 3084 itaque
439 3021 466 3067 et
481 3012 626 3085 legatarius
642 3028 695 3068 non
712 3011 799 3068 solum
814 3011 847 3067 de
862 3026 892 3067 ea
907 3026 936 3068 re
951 3013 1042 3086 rogari

91 3106 193 3171 potest,
215 3105 246 3153 ut
267 3113 325 3153 earn
347 3095 427 3152 alicui
441 3098 576 3167 restituat,
593 3111 660 3170 quae
684 3097 708 3151 oi
722 3094 812 3170 legata
835 3095 882 3167 sit,
899 3095 1041 3155 sedetiam

166 3313 186 3384 ¹)
200 3318 335 3366 instituatur
353 3313 409 3365 17⁸².

91 3442 302 3450 —————..—-

162 3505 481 3578 §.2di.=§.o.1.eit.
504 3509 685 3573 Cf.L.21.tt.
707 3507 848 3557 D.odSG.
869 3507 1041 3573 Treb.(te.1).

95 3578 151 3644 vap.
165 3591 199 3638 tn,
215 3590 247 3631 rt.
269 3580 344 3630 Paul.
358 3593 379 3639 t,
389 3591 410 3632 t.
425 3581 477 3641 §.e
496 3596 577 3644 supro
592 3582 614 3641 ξ.
625 3589 671 3630 254.
718 3575 743 3647 ξ.
754 3581 814 3630 258.
837 3578 874 3641 Cf.
893 3579 947 3642 Uip.
963 3590 997 3634 25,
1008 3589 1040 3628 ro.

93 3648 378 3712 Paut.e,a.§§.s-e.
441 3644 876 3717 §.269.=§.s.l.h.t.(e,ea).
939 3645 1041 3715 §.ton

92 3740 125 3762 ε-
140 3735 184 3785 pr.
200 3719 222 3769 I.
237 3720 269 3770 de
283 3722 349 3786 sing.
364 3720 417 3769 red.
429 3735 456 3782 p.
469 3721 551 3782 sdess.
567 3719 597 3785 (2,
613 3718 657 3783 te).
680 3719 717 3767 uel
738 3713 886 3783 iegatnrinm]
908 3717 941 3777 cs.
956 3719 978 3777 ξ.
995 3726 1041 3767 271.

95 3789 150 3854 Iltp.
170 3801 208 3848 ee,
227 3799 261 3841 to.
334 3787 359 3858 §-
375 3793 435 3841 261.
451 3793 521 3852 =§.
536 3802 555 3840 1.
580 3790 602 3839 1.
621 3790 676 3839 eod.
701 3788 755 3851 tltp.
774 3799 812 3843 es,
832 3797 851 3837 s.
882 3786 956 3834 Post.
975 3798 1000 3841 a,
1021 3794 1041 3833 r.

89 3861 200 3924 ttae
