2378 4386
334 536 392 572 oen
409 537 500 572 rnsrrn.
520 516 566 573 iv.
589 525 735 576 lid-150.
944 520 1009 588 395

57 667 154 738 001000,
170 665 203 722 ad
219 682 250 722 sc
265 682 319 722 non
335 668 481 740 pertinere,
496 667 633 740 possidet:
649 668 711 725 ideo
722 677 812 726 antem
823 668 1010 742 adipiscendae

56 751 237 825 possessionis
268 759 382 806 uocatur
411 741 653 826 ’itiiterdictum),¹
682 754 743 827 quia
771 755 795 809 ei
817 760 921 809 tantum
944 740 1009 809 utile

56 845 108 907 est,
130 836 179 908 qui
201 850 275 892 nuuc
289 835 404 907 primum
418 843 532 890 conatur
546 836 659 910 adipisci
671 839 711 893 rei
726 839 942 911 possessionem
958 836 1008 894 ita·

58 935 108 993 quo
122 920 147 975 si
162 919 224 992 quis
240 917 354 992 adeptus
370 920 569 991 possessionem
585 923 716 993 amiserit,
733 922 830 977 desinit
845 922 869 977 ei
884 921 911 976 id
926 923 1009 978 inter-

11 1003 158 1063 indictum
175 1001 244 1059 utile
258 1018 327 1057 esse.
371 999 437 1059 145.
459 1002 595 1058 Bonorum
618 1020 727 1078 quoque
748 1007 863 1078 emptori
886 1005 1009 1061 similiter

57 1089 221 1161 proponitur
242 1085 433 1157 interdictum,
458 1086 531 1160 quod
559 1087 665 1160 quidam
681 1091 878 1161 possessorium
902 1097 1010 1147 uocant.

56 1166 121 1229 tst.
143 1171 210 1228 item
226 1172 262 1241 ei,
279 1171 326 1245 qui
342 1163 479 1244 'pubiice²
493 1169 562 1226 bona
578 1173 689 1242 emerit,
710 1170 828 1228 eiusdem
844 1172 1009 1230 condicionis

58 1254 227 1312 interdictum
255 1255 433 1329 proponitur,
467 1253 539 1327 quod
566 1255 717 1327 appellatur
743 1257 904 1324 sertorium,
937 1253 1010 1328 quod

57 1348 177 1397 sectores
194 1347 338 1411 uocantur,
355 1339 401 1411 qui
423 1336 530 1411 publice
546 1338 615 1393 bona
635 1347 797 1396 mercantur.
841 1334 903 1394 147.
926 1338 1010 1394 lntcr·

57 1422 156 1480 dictum
171 1438 299 1496 quoque,
321 1421 395 1495 quod
410 1420 561 1494 appellatur
575 1421 744 1490 Saluianum,
766 1421 925 1496 apiscendae
947 1437 1010 1495 pos·

56 1507 186 1563 sessionis
211 1499 354 1578 'iecuse)³
379 1513 553 1579 conparatum
579 1514 636 1574 est,
662 1521 749 1578 coque
776 1508 863 1561 utitur
884 1506 1009 1562 dominus

57 1589 133 1646 iundi
148 1588 182 1646 de
197 1588 277 1646 rebus
292 1589 393 1659 coloni,
409 1606 475 1663 quas
491 1593 516 1645 is
532 1583 612 1664 (pro)
625 1588 792 1645 mercedibus
809 1589 885 1645 iundi
901 1587 1010 1664 pignori

57 1673 162 1730 suturas
177 1674 333 1747 pepigisset.
377 1670 442 1733 148.
466 1672 630 1730 detinendae
650 1675 831 1746 possessionis
846 1690 923 1729 causa
938 1673 1010 1730 solet

56 1756 231 1814 interdictum
249 1757 341 1829 reddi,
361 1766 425 1813 cnm·
442 1757 474 1813 ab
495 1765 614 1829 utraque
635 1764 710 1830 parte
732 1757 766 1813 de
781 1759 946 1830 proprietate
962 1756 1010 1813 aii·

57 1844 133 1898 cuius
148 1843 187 1898 rei
202 1843 388 1897 controuersia
404 1849 460 1912 est,
476 1849 503 1896 ct
519 1849 580 1896 ante
596 1843 749 1913 quaeritur,
765 1850 826 1897 uter
841 1858 873 1897 cr
888 1841 1009 1914 litigato·

57 1927 130 1983 ribus
145 1924 287 2000 possidere
306 1933 335 1981 et
350 1935 410 1981 uter
431 1933 523 1999 petere
546 1923 654 1980 debeat:
678 1927 753 1982 cuius
774 1928 813 1982 rei
834 1926 918 1997 gratia
937 1941 1010 1983 com·

57 2017 148 2082 psrata
174 2017 240 2067 sunt
261 2025 315 2067 ort
334 2023 519 2067 nossrnnrrs
542 2018 570 2064 et
591 2025 715 2067 vrnvnr.
758 2005 825 2067 149.
848 2010 880 2066 Et
903 2008 1010 2082 quidem

58 2109 112 2153 uri
124 2108 311 2152 rossrnunrs
327 2093 497 2150 interdictum
514 2092 547 2148 de
562 2093 638 2148 iundi
654 2093 698 2149 uei
714 2093 818 2150 aedium
834 2094 1010 2168 possessione

56 2171 109 2232 iis⁴
123 2176 255 2249 redditur,
276 2193 391 2236 vrnvnt
413 2194 479 2233 uero
501 2176 646 2233 derorum
668 2177 806 2234 mobilium
826 2179 1010 2251 possessione.

57 2255 121 2319 15⁰.
138 2258 169 2315 Et
184 2260 315 2335 siqnidem
332 2261 364 2316 de
379 2260 463 2317 iundo
480 2260 522 2316 uei
539 2259 648 2317 nedibus
667 2255 672 2335 Ι
691 2262 870 2333 interdicitur,
887 2278 947 2319 eum
960 2276 1078 2336 pomis.

59 2345 154 2400 tiorem
171 2359 230 2401 esse
243 2354 353 2419 praetor
374 2343 463 2415 iniret,
488 2346 533 2417 qui
549 2361 582 2400 co
603 2353 738 2418 ternpore,
763 2363 817 2420 quo
836 2346 1008 2404 interdictum

57 2427 190 2499 redditur,
205 2443 255 2487 nec
271 2430 297 2485 ui
312 2445 362 2484 nec
377 2428 445 2485 clam
458 2443 506 2482 ucc
517 2430 637 2500 precario
651 2427 683 2483 ab
693 2429 846 2486 aduersario
858 2430 1009 2504 possideam

57 2512 79 2568 si
94 2529 161 2570 uero
177 2510 210 2570 de
231 2528 261 2568 re
282 2512 389 2583 mobiii,
411 2505 492 2568 eum⁶
507 2513 640 2583 potiorem
658 2526 716 2566 esso
732 2511 821 2581 iubet,
842 2515 887 2585 qui
908 2516 1009 2569 rnnioro

57 2606 133 2669 parte
154 2598 212 2652 eius
234 2599 296 2652 anni
316 2613 366 2653 nec
387 2597 413 2651 ui
434 2612 484 2651 nec
505 2594 572 2650 cism
595 2610 645 2650 nec
667 2597 786 2665 precario
808 2593 839 2648 ab
855 2596 1009 2650 aduersario

58 2673 254 2754 ’possederint
267 2680 349 2755 idque
361 2681 426 2736 satis
439 2681 504 2753 ipsis
516 2676 606 2733 uerbis
618 2676 821 2732 interdictorum
834 2675 1009 2750 significatur.

130 2897 151 2965 ¹)
165 2900 266 2951 Addidi
284 2917 318 2950 ex
333 2901 395 2950 Inst.
471 2896 491 2966 1)
511 2900 604 2963 publice
621 2898 647 2948 G.
662 2897 719 2947 edd.
735 2895 783 2962 Bp.
798 2903 823 2945 et
836 2895 922 2954 stud,
942 2896 1012 2960 quod

57 2969 172 3034 defendit
186 2971 292 3022 metm.
325 2970 378 3020 Sed
390 2970 456 3021 bona
470 2979 530 3019 sunt
544 2972 729 3026 damnatorum,
744 2983 809 3032 quus
821 2963 943 3030 ‘publice’
960 2969 977 3016 t'.
988 2983 1009 3018 e.

54 3039 158 3103 publice
172 3044 327 3092 auctoritate
338 3043 481 3090 venduntur
495 3049 520 3090 et
529 3049 653 3098 emuntur,
668 3040 726 3089 dum
737 3038 880 3087 creditores
886 3039 1009 3102 priuatim

58 3113 167 3163 vendunt
186 3112 219 3162 L.
239 3124 264 3164 ot
284 3113 317 3161 D.
337 3113 368 3162 de
387 3113 464 3162 aedit.
484 3112 523 3161 ed.
543 3112 588 3177 (st,
609 3111 643 3175 t),
663 3125 712 3160 non
728 3108 848 3172 publicu,
866 3124 915 3172 qno
933 3124 1009 3159 sensu

60 3179 451 3244 datusdtxits,1o.11.t,ss.
478 3182 516 3245 Cf.
532 3182 799 3245 cerdasep.etn,2t.
852 3175 1009 3245 ³)Bclnst.

57 3252 155 3302 addidi.
220 3251 241 3318 ⁴)
257 3254 423 3316 possessioriis
440 3252 465 3302 0.
485 3254 638 3315 possessione
652 3252 710 3300 edd,
775 3249 796 3315 ὁ)
812 3266 879 3299 acum
891 3266 942 3315 pro
957 3264 1010 3299 eum

58 3321 182 3373 librarius
196 3325 333 3387 scripsisse
347 3323 457 3373 uidetur.
509 3321 531 3389 θ)
545 3323 652 3386 possidet
668 3322 693 3371 0.
708 3322 748 3371 ed.
763 3320 811 3386 Bp.
826 3322 861 3385 cs.
876 3323 899 3382 ξ.
914 3331 960 3371 100.

126 3512 152 3584 ᾗ.
169 3518 228 3566 145.
251 3516 288 3578 Cf.
303 3527 324 3575 0,
339 3528 372 3568 00.
423 3513 449 3585 ξ.
466 3519 523 3568 146.
546 3517 584 3579 Cf.
600 3528 621 3573 s,
636 3527 668 3566 00.
686 3515 737 3564 Cic.
749 3530 800 3579 pro
817 3513 892 3563 diosc.
908 3511 1009 3564 Amos.

58 3584 80 3646 4.
95 3598 141 3638 100.
160 3586 228 3635 Pltii.
243 3596 264 3645 0,
279 3597 312 3638 00.
328 3585 461 3638 0080001.
484 3586 535 3636 Cic.
556 3587 633 3635 Verr.
648 3585 684 3635 II.
705 3598 730 3642 1,
745 3597 778 3635 00.
798 3586 820 3646 5.
836 3595 869 3634 00.
884 3594 918 3634 00.
937 3585 960 3644 5.
976 3595 1009 3633 st.

58 3655 123 3705 Fert.
138 3673 161 3707 o.
176 3655 297 3706 Seetores
313 3673 340 3721 p.
355 3669 401 3708 sot.
483 3652 508 3724 ᾗ.
526 3659 584 3708 147.
603 3677 637 3699 ==
655 3657 678 3716 fi.
692 3667 713 3705 0.
733 3653 754 3704 Ι.
774 3655 798 3702 d.
813 3661 831 3702 t.
846 3652 881 3717 (a,
901 3651 944 3715 10).
972 3652 1009 3712 Cf.

60 3723 170 3791 Tdeoplt.
186 3726 219 3777 tt.
273 3722 318 3796 ἓξ.
335 3729 393 3778 148.
410 3729 467 3777 149.
483 3748 516 3768 =
531 3729 554 3788 ξ.
568 3739 590 3776 s.
610 3725 631 3774 1.
647 3725 679 3774 tt.
697 3725 735 3787 Cf.
750 3739 830 3786 snpra
845 3725 868 3783 ξ.
884 3733 917 3771 sn.
934 3721 1009 3768 Pani.

57 3805 77 3854 0,
90 3810 111 3849 0.
127 3800 150 3860 5.
167 3810 186 3847 1.
204 3797 271 3847 Fest.
286 3814 324 3861 ep.
340 3814 362 3846 o.
384 3797 516 3847 Possessio
528 3813 554 3859 p.
571 3808 618 3847 000.
633 3796 664 3844 Ι..
678 3808 689 3845 1
701 3788 1003 3858 passinianense

57 3864 101 3930 (ss,
116 3867 161 3933 rt),
176 3869 208 3916 L.
225 3882 245 3918 1.
255 3884 300 3931 pr.
316 3868 347 3916 l).
364 3866 451 3916 utrubi
464 3866 508 3931 (as,
523 3866 575 3930 s1)‚·
590 3866 661 3927 infra
675 3877 697 3920 s,
712 3876 758 3913 nco.
