2378 4386
161 594 201 653 32
501 605 529 639 rr.
547 603 658 639 rennues
677 603 777 639 menno.

161 741 241 804 atque
256 723 428 801 inpietatum¹
445 728 519 784 nulla
535 729 651 800 expiatio
667 736 725 794 est;
748 729 836 799 itaque
857 741 957 798 poenas
973 726 1052 782 luunt
1067 744 1121 782 non

161 823 214 869 tam
229 811 344 881 iudiciis,
365 827 433 883 quae
449 810 583 884 quondam
597 826 730 883 nusquam
745 817 832 880 erant,
855 809 935 865 bodie
950 809 1122 866 multifariam

160 894 233 950 untia
255 902 329 964 sunt,
350 893 395 949 ubi
414 902 489 966 sunt,
511 903 600 950 tamen
620 909 749 967 persaepe
765 893 831 949 irrisa
846 902 920 963 sunt,
944 890 1004 966 (set)
1028 902 1058 948 ut
1073 910 1121 950 eos

161 980 264 1051 agitent
278 979 498 1051 insectenturque
516 977 615 1048 iuriae,
638 993 693 1033 uon
709 976 864 1033 ardentibus
885 976 987 1048 taedis,
1008 979 1078 1034 sicut
1094 980 1120 1032 in

160 1060 336 1150 fabulis,'sed
358 1078 460 1135 angore
477 1062 655 1117 eonscientiae
667 1060 834 1134 .traudisque
849 1062 978 1119 cruciatu.
1010 1061 1082 1135 quod
1099 1063 1121 1116 si

160 1145 283 1200 homines
299 1144 331 1200 ab
346 1146 442 1201 iniuria
456 1161 552 1218 poena,
569 1160 625 1200 non
640 1152 734 1200 natura
749 1160 840 1200 arcere
852 1143 973 1213 deberet,
989 1162 1120 1218 quaenam

161 1227 316 1284 sollicitudo
332 1236 442 1284 uetaret
457 1229 554 1300 impios
569 1227 676 1284 sublato
692 1227 885 1302 suppliciorum
897 1230 989 1283 metu?
1006 1246 1120 1302 quorum

161 1319 249 1367 tamen
270 1328 348 1368 nemo
370 1322 423 1367 tarn
444 1311 528 1367 audax
549 1328 674 1385 nmquam
695 1312 757 1378 init,
778 1314 842 1386 quin
858 1319 904 1366 aut
919 1310 1047 1368 abnueret
1062 1330 1076 1367 a
1091 1328 1121 1367 se

161 1397 331 1451 commissum
347 1411 407 1450 esse
423 1396 539 1465 facinus,
561 1404 606 1450 aut
626 1397 691 1451 iusti
705 1396 746 1450 sui
762 1395 864 1451 doloris
880 1411 985 1450 causam
1006 1395 1120 1467 aliquam

162 1477 278 1553 fingeret
300 1479 540 1553 defensionemque
559 1479 685 1534 facinoris
702 1495 716 1534 a
731 1487 841 1535 naturae
856 1481 913 1534 iure
929 1477 1020 1550 aliquo
1036 1496 1120 1550 quae-

160 1571 248 1620 reret:
264 1580 332 1637 quae
347 1561 371 1618 si
382 1561 519 1635 appellare
530 1562 629 1619 audent
641 1564 726 1636 impii,
743 1580 797 1636 quo
809 1562 918 1620 tandem
927 1561 1017 1616 studio
1030 1561 1121 1618 coien-

56 1652 59 1656 ‘
161 1653 206 1701 tur
220 1663 235 1701 a
250 1645 345 1702 bonis?
366 1645 438 1718 quod
454 1648 477 1701 si
493 1662 591 1719 poena,
608 1649 631 1703 si
645 1655 734 1702 metus
749 1646 874 1720 supplici,
896 1662 951 1701 uon
966 1648 1022 1719 ipsa
1037 1648 1122 1719 turpi·

162 1727 227 1785 tudo
248 1729 367 1784 deterret
388 1730 420 1785 ab
443 1729 571 1786 iniuriosa
592 1731 794 1804 facinerosaque
810 1733 879 1800 uita,
901 1746 980 1785 nemo
996 1738 1037 1785 est
1052 1731 1120 1785 inio-

162 1822 232 1884 stus,
247 1820 294 1869 aut
309 1815 410 1870 incauti
424 1815 516 1888 potius
532 1813 644 1869 habendi
659 1824 723 1869 sunt
742 1813 858 1887 inprobi.
889 1811 929 1871 tt
951 1822 1008 1869 tum
1031 1822 1120 1870 autem

162 1898 207 1970 qni
229 1913 284 1953 non
298 1899 358 1970 ipso
374 1898 491 1953 honesto
507 1913 661 1971 monemur,
679 1906 709 1952 ut
723 1896 788 1953 boui
803 1899 856 1952 utri
870 1899 970 1966 simus,
985 1897 1033 1952 sed
1050 1898 1122 1953 utili·

162 1989 216 2035 tate
238 1981 325 2053 aliqua
347 1989 428 2053 atque
451 1980 552 2051 fructu,
575 1980 662 2036 callidi
685 1996 788 2051 sumus,
811 1979 959 2035 nonboni:
980 1981 1121 2053 namquid

161 2063 241 2119 saciet
255 2065 278 2119 is
293 2064 374 2120 bomo
392 2062 567 2134 intenebris,
588 2065 634 2137 qui
654 2063 720 2118 nibil
743 2065 818 2118 timet
833 2065 884 2118 nisi
900 2070 995 2118 testem
1011 2071 1039 2119 et
1053 2063 1120 2119 iudi·

161 2147 233 2202 cerni
249 2147 311 2221 quid
328 2149 354 2204 in
369 2147 478 2204 deserto
494 2163 548 2220 qno
563 2145 624 2202 ioco
640 2155 744 2217 nactus,
761 2163 839 2220 quem
851 2140 962 2202 ἰιιιιιιο2
978 2162 1043 2202 auro
1059 2164 1121 2219 spo·

160 2229 225 2287 liare
240 2232 338 2305 possit,
351 2230 504 2287 inbecillum
519 2239 600 2304 atque
617 2230 723 2287 solumi
739 2239 833 2285 noster
845 2229 952 2303 quidem
970 2230 1013 2285 bic
1028 2238 1121 2286 natura

160 2317 249 2371 iustus
264 2317 351 2370 uiroc
366 2314 452 2370 bonus
468 2316 548 2370 etiam
563 2315 756 2388 conloquetur,
774 2313 890 2381 iuuabit,
911 2316 939 2369 in
954 2315 1023 2369 uiam
1038 2313 1121 2370 dedu·

161 2405 217 2461 cet,
236 2401 260 2454 is
275 2415 350 2468 uero,
367 2400 413 2472 qui
423 2398 489 2455 nihii
507 2398 618 2454 alterius
634 2415 714 2455 causa
732 2397 795 2454 iacit
810 2407 838 2455 et
852 2400 963 2454 metitur
976 2400 1033 2453 suis
1049 2415 1121 2455 eom·

160 2481 247 2536 modis
263 2484 359 2552 omnia,
377 2482 485 2549 uidetis,
501 2483 596 2553 eredo,
614 2482 677 2556 quid
693 2483 729 2538 sit
744 2492 868 2539 acturus:
885 2483 957 2557 quod
973 2482 996 2538 si
1012 2480 1121 2555 negabit

161 2580 191 2620 se
206 2564 245 2621 iili
261 2567 342 2621 uitam
359 2575 514 2640 erepturum
530 2575 557 2622 et
572 2583 666 2622 aurum
683 2566 844 2639 ablaturum,
860 2583 1004 2640 numquam
1017 2566 1122 2621 obeam

161 2665 268 2706 oausam
279 2651 400 2725 negabit,
413 2652 486 2724 quod
498 2650 524 2707 id
536 2660 630 2707 natura
646 2659 725 2725 turpe
737 2652 846 2722 iudicet,
862 2653 910 2708 sed
922 2650 995 2724 quod
1009 2657 1121 2720 metuat,

161 2751 195 2791 ne
210 2743 325 2809 emanet,
341 2735 366 2791 id
383 2745 433 2806 est,
457 2753 490 2792 ne
512 2736 611 2792 malum
632 2734 736 2792 habeat.
767 2753 783 2790 o
804 2752 859 2791 reru
882 2734 1000 2806 dignam,
1022 2737 1049 2790 in
1070 2750 1122 2807 qua

133 2836 139 2847 ·
160 2835 216 2875 non
231 2819 311 2876 modo
328 2821 411 2890 docti,
432 2819 480 2876 sed
496 2822 575 2875 etiam
591 2827 712 2890 agrestes
728 2817 896 2872 erubescant.
926 2817 979 2872 XV.
1000 2814 1048 2875 42.
1070 2818 1121 2873 lam

162 2920 227 2959 nero
242 2902 308 2958 illud
324 2902 523 2969 stultissimum,
546 2903 698 2956 existimare
713 2901 801 2954 omnia
817 2901 885 2954 iusta
900 2916 971 2970 esse,
987 2917 1056 2973 quae
1071 2903 1121 2956 sita

161 2987 257 3040 sintin
272 2985 436 3056 populorum
457 2985 588 3038 institutis
610 2991 656 3036 aut
671 2981 786 3052 legibus.
818 2983 941 3052 etiamne,
963 2984 985 3036 si
1002 2999 1069 3053 quae
1084 2983 1122 3039 le·

161 3083 210 3142 ges
230 3067 285 3120 sint
305 3066 497 3138 tyrannorum?
520 3067 542 3121 si
568 3066 679 3138 triginta
704 3064 743 3119 ilii
766 3064 877 3120 Athenis
897 3065 972 3137 leges
992 3067 1121 3136 inponere

160 3150 314 3207 uoluissent
333 3157 379 3203 aut
399 3150 422 3204 si
445 3164 538 3203 omues
554 3149 730 3203 Athenienses
752 3147 953 3204 delectarentur
975 3150 1121 3221 tyrannicis

160 3232 278 3307 legibus,
289 3248 353 3287 num
366 3231 465 3287 ideirco
478 3247 525 3286 eae
536 3231 611 3305 leges
622 3233 708 3287 iustae
720 3231 900 3288 haberentur?
920 3232 1016 3302 nihilo,
1028 3232 1120 3303 eredo,

161 3318 247 3390 magis
262 3315 321 3385 itta,
337 3331 416 3387 quam
432 3316 549 3370 interret
565 3324 659 3371 noster
674 3315 750 3387 tulit,
767 3326 798 3373 ut
812 3315 928 3371 dictator
943 3333 1022 3389 quem
1038 3316 1122 3372 uellet

162 3401 260 3455 ciuium
277 3396 488 3472 (indemnatum)
503 3408 548 3455 aut
563 3399 660 3455 indicta
672 3415 750 3456 eausa
761 3402 860 3473 inpune
875 3406 968 3471 posset
983 3399 1120 3456 occidere:

120 3557 122 3560 Α
161 3491 203 3538 εει
218 3484 288 3538 eninr
304 3499 387 3538 uuum
402 3485 454 3553 ius,
471 3499 524 3556 quo
542 3483 667 3539 deuineto
682 3493 723 3540 est
733 3484 869 3539 bominum
882 3483 996 3537 societas
1009 3490 1036 3538 et
1048 3482 1120 3555 quod

161 3565 204 3622 len
225 3568 365 3622 constituit
388 3584 455 3637 una;
479 3584 545 3640 qnae
568 3567 612 3623 lex
633 3576 676 3623 est
696 3576 769 3623 reeta
791 3568 858 3623 ratio
875 3566 1023 3639 imperandi
1039 3574 1120 3639 atque

160 3649 334 3724 probibendi:
358 3667 436 3724 quam
458 3652 505 3724 qui
526 3653 645 3725 ignorat,
667 3653 690 3706 is
713 3659 755 3707 est
776 3652 906 3721 iniustus,
930 3651 989 3707 siue
1011 3659 1054 3708 est
1075 3651 1120 3707 illa

160 3735 261 3808 scripta
276 3735 380 3807 uspinm
394 3735 452 3790 siue
467 3751 608 3808 nusquam.
636 3734 708 3808 quod
721 3736 743 3790 si
755 3735 859 3791 iustitia
871 3741 912 3791 est
925 3733 1120 3809 obtemperatio

234 3911 286 3982 ¹)in
293 3914 548 3980 deoaimpietatumed.
555 3915 586 3964 V.
607 3911 817 3982 ⁸)Lepeuita,eui
827 3915 1119 3986 mediocritmideeqb.
