2378 4386
419 563 515 599 ranna.
535 563 588 601 irs.
607 564 668 600 soii.
688 562 774 599 varic.
1011 551 1071 615 7οῙ

125 685 246 739 numeris
264 701 327 739 cum
346 684 408 751 VI.‚
427 684 501 750 XV„
518 683 629 737 xxvii.
650 686 679 739 et
696 683 792 738 XXIX.
811 686 914 739 serrati
930 685 999 750 sint,
1021 683 1075 738 hoo

125 752 246 806 maxime
264 751 434 805 adminiculo
452 751 542 805 Maius
560 753 588 804 in
607 752 768 804 ordinandis
786 754 816 805 et
827 752 975 822 iungendis
986 768 1074 805 mem·

80 828 115 875 11]
125 820 220 872 branis
236 837 302 872 usus
321 822 376 882 est,
400 835 452 871 nec
474 819 565 871 adhuc
589 820 709 881 exstitit,
735 820 784 886 qni
806 821 943 873 rationem
966 820 1024 872 eius
1047 822 1077 873 et

126 887 251 940 ordinem
269 886 305 939 ab
325 901 357 940 eo
376 886 535 938 institutum
553 887 732 953 improbaret
764 886 835 939 Nam
855 890 884 940 et
901 887 1015 940 titulum
1028 885 1074 939 ‘de

126 953 316 1022 cognitoribus
342 955 372 1006 et
398 953 637 1020 procuratoribus’
665 952 741 1020 quoil
763 953 862 1006 ultimo
886 954 946 1007 loco
972 953 1076 1022 posuit,

127 1023 193 1088 quia
210 1021 287 1074 nullo
305 1019 414 1073 numeri
432 1020 510 1088 signo
529 1021 606 1072 certo
624 1018 684 1072 loeo
703 1019 868 1087 assignatur,
887 1036 943 1073 non
962 1021 1075 1074 estsine

126 1089 245 1152 ratione,
264 1103 423 1155 quanquam
442 1102 505 1139 eum
524 1088 632 1138 eeteros
649 1101 745 1138 omnes
762 1087 943 1154 praecessisse
963 1103 996 1140 ex
1015 1087 1077 1156 ipsa

127 1156 244 1209 materia
267 1154 399 1221 colligere
421 1153 496 1205 licet.
532 1152 688 1228 Verisimile
702 1152 781 1227 'enirn
804 1155 858 1216 est,
883 1154 935 1207 hoc
958 1170 1027 1222 opus
1044 1157 1077 1206 nt

127 1226 235 1277 ceteros
257 1237 352 1275 omnes
373 1219 534 1288 posterioris
558 1234 620 1271 aevi
648 1219 755 1272 codices
781 1220 817 1272 ad
840 1219 966 1273 ordinem
991 1220 1077 1274 edicti

127 1288 258 1359 perpetui
275 1287 459 1354 compositum
472 1301 544 1339 esse:
564 1301 647 1352 quein
665 1286 752 1361 etiam
765 1285 943 1404 aliquatenus
956 1287 1076 1354 assequi·

127 1374 197 1417 mur,
217 1357 240 1409 si
257 1355 394 1423 ponimus,
434 1355 477 1406 ost
493 1351 607 1405 titulum
626 1352 660 1405 de
673 1354 810 1420 cognitori
830 1369 862 1405 ui
875 1354 904 1405 et
915 1355 1075 1420 procurato·

127 1424 203 1476 ribus
221 1423 346 1496 secutum
364 1372 477 1496 tituium
496 1435 530 1472 ex
545 1421 643 1495 empto
663 1419 927 1496 venditoflea'parte
940 1419 1077 1472 insertum

128 1491 225 1551 luisse,
243 1488 292 1540 ubi
310 1503 338 1538 in
356 1486 435 1538 libris
453 1487 488 1540 ad
507 1486 630 1538 edictum
648 1487 683 1539 de
701 1501 742 1538 rei
761 1487 950 1539 vindicatione
969 1487 1075 1554 agitur;

128 1555 202 1623 quod
215 1570 281 1606 sane
314 1552 449 1606 aullulnm
462 1552 586 1606 deflectit
597 1554 632 1605 ab
645 1552 741 1606 ordine
755 1552 848 1616 edicti,
860 1553 1076 1621 poterattamen

128 1636 241 1696 eumen
260 1569 475 1695 deiendiqqnod
494 1620 543 1696 qui
554 1619 685 1698 vindicet,
704 1618 849 1696 dominnm
867 1635 924 1673 esse
938 1621 1075 1688 oporteat,

129 1689 306 1753 dominisque
319 1702 438 1739 maxime
452 1686 639 1754 emptionibus
652 1688 841 1753 acquirantur,
853 1688 913 1738 tuin
924 1687 1075 1756 llermoge-

128 1754 344 1815 ammiratione,
368 1753 461 1820 quiin
480 1754 609 1820 epitomis
626 1753 693 1805 iuris
711 1754 813 1821 ‘primo
836 1752 871 1806 de
895 1770 1077 1821 personarum

129 1827 203 1874 statu
221 1836 253 1874 ac
292 1822 336 1873 ost
353 1819 387 1873 de
406 1822 506 1874 ceteris
519 1820 644 1873 ordinem
657 1820 742 1872 edicti
755 1822 866 1874 secutus
885 1824 915 1873 et
931 1821 983 1873 his
1000 1836 1076 1889 pro·

128 1837 870 2022 irrisisseiusssuscitentur
886 1889 987 2018 usn
1002 1887 1077 2022 ut

128 2021 307 2091 persimiliter
324 2021 381 2073 iani
398 2021 427 2073 iii
446 2020 617 2087 Gregoriano
637 2020 750 2084 Codice,
769 2023 842 2074 teste
861 2021 999 2074 breviario
1013 2021 1077 2075 Ala·

128 2089 188 2153 rici,
207 2088 252 2142 ciii
270 2087 353 2165 fidem
372 2104 435 2141 cuin
453 2087 587 2168 llaenelio
606 2090 652 2165 (ad
666 2087 711 2141 Gr.
725 2087 799 2165 C..p.
812 2094 852 2142 23.
871 2089 928 2145 not.
947 2091 977 2156 n)
997 2087 1077 2166 dero-

129 2154 1077 2300 arsisti.tulistis.tiliititularentur.

130 2292 154 2345 si
172 2293 256 2343 etiam
274 2291 335 2343 tota
346 2292 465 2342 materia
476 2290 511 2342 de
524 2289 694 2356 acquirendo
708 2305 801 2342 rernm
815 2288 937 2343 dominio
950 2289 1078 2343 hocloco

129 2356 310 2414 tractabatur.
324 2356 421 2409 mirari
432 2372 487 2409 non
500 2356 573 2418 licet,
587 2355 662 2421 quod
671 2372 773 2409 novem
784 2357 981 2424 quaterniones
990 2373 1021 2409 ns
1043 2372 1078 2409 ue

86 2477 88 2480 ,
130 2422 247 2485 cdxv„
261 2422 309 2475 nbi
322 2424 365 2476 tit.
378 2423 413 2476 de
431 2423 576 2476 usufructu
594 2423 726 2490 seqnitur,
740 2439 775 2476 ea
786 2423 1000 2490 occupabantur.
1052 2440 1078 2476 e-

130 2493 179 2560 qui
197 2490 297 2543 deinde
316 2491 343 2542 in
357 2491 442 2543 edicti
455 2490 533 2542 libris
551 2490 696 2543 materiam
710 2490 745 2543 de
758 2505 787 2542 re
806 2489 903 2542 uxoria
920 2492 950 2543 et
966 2493 1031 2558 post
1043 2490 1079 2543 de

130 2557 236 2621 tutelis,
256 2574 311 2623 qno
329 2559 440 2625 spectat
456 2558 499 2610 tit.
518 2557 552 2610 de
566 2558 752 2616 excusatione.
771 2558 800 2610 et
812 2558 962 2623 postremo,
981 2572 1079 2624 quam·

130 2640 215 2694 quam
234 2624 322 2677 multo
340 2626 412 2692 post.
430 2625 465 2677 de
484 2623 700 2685 donationibus,²
717 2624 783 2676 satis
800 2625 898 2675 notum
917 2626 967 2675 est.

198 2692 230 2744 In
248 2691 332 2745 libros
350 2690 477 2759 syllogen
496 2690 673 2743 distributam
691 2690 785 2753 fnisse,
804 2689 910 2740 nullum
929 2689 1079 2765 vestigium

130 2759 234 2811 indicio
256 2760 310 2817 est;
333 2759 445 2811 videtur
466 2757 564 2827 igitur,
592 2760 625 2809 nt
646 2756 764 2810 Collatio
788 2760 817 2809 et
838 2754 1080 2822 Hermogenisnns

132 2825 235 2890 Codex,
252 2825 349 2878 titulos
366 2827 474 2878 tantum
493 2825 631 2887 habuisse,
649 2823 698 2891 qui
710 2825 794 2876 etiam
806 2838 887 2898 perp
924 2822 986 2897 inas
999 2838 1078 2891 repe·

131 2896 241 2956 tantur,
260 2893 301 2945 ita
317 2892 395 2945 utin
413 2908 494 2945 versa
511 2906 631 2966 quaque¹
645 2891 739 2943 media
760 2890 837 2957 prior
854 2838 931 2941 neiis
947 2904 1025 2956 pars,
1049 2889 1079 2942 in

132 2960 209 3012 recta
225 2958 335 3026 reliqua
353 2975 472 3027 superne
490 2961 593 3037 scripta
611 2959 654 3022 sit,
674 2956 751 3010 nullo
764 2960 858 3010 tamen
870 2971 987 3032 numero
999 2971 1079 3024 prae·

132 3025 194 3083 fixo,
216 3024 275 3078 Neo
287 3042 465 3078 numerorum
478 3026 562 3094 signis
575 3027 623 3078 sed
635 3027 745 3078 tantum
757 3039 830 3077 noro
839 3038 929 3087 versu,
938 3023 1078 3076 interdum

132 3092 218 3146 etiam
240 3093 330 3160 spatio
354 3094 462 3146 tantuin
485 3092 596 3157 relicto,
620 3091 746 3159 singulae
770 3090 904 3158 species
930 3089 1080 3144 distinctae

132 3163 207 3221 sunt;
231 3159 269 3212 sio
287 3162 362 3212 enim
381 3163 423 3221 (iit
441 3160 599 3227 Byzantinis
617 3158 744 3237 θέματα)
763 3157 874 3227 singula
896 3159 1028 3225 excerpta
1046 3174 1080 3211 ex

132 3226 203 3280 ICtis
221 3226 338 3293 perinde
356 3227 384 3279 in
398 3227 450 3280 hoc
463 3243 547 3297 opere
560 3229 684 3296 atquem
698 3225 796 3281 Cedat.
812 3232 843 3279 14
856 3223 902 3277 fin.
916 3226 945 3278 et
957 3222 986 3276 L.
1000 3223 1079 3278 Rom.

205 3400 224 3468 ¹)
240 3404 340 3451 Possunt
355 3418 411 3452 sane
426 3406 484 3452 haec
499 3405 569 3453 verti
587 3407 656 3453 etiam
672 3407 702 3454 ita
719 3404 825 3465 intelligi,
844 3409 868 3452 ut
883 3403 913 3451 ad
926 3403 1007 3452 titulos
1023 3403 1081 3452 iuris

131 3474 310 3522 extraordinarii
332 3481 385 3535 post
403 3475 523 3522 absolutas
543 3489 624 3522 omnes
644 3475 754 3523 materias
774 3473 846 3522 edicti
865 3475 971 3537 perpetui
993 3475 1015 3522 iii
1035 3475 1081 3523 sine

131 3545 225 3592 additos
239 3546 379 3592 reiciantur.
408 3543 508 3592 Omnino
524 3552 601 3591 tamen
616 3545 722 3592 cadentis
738 3544 936 3605 inrispriidentiae
951 3545 1021 3591 etiarn
1036 3545 1080 3593 hoc

132 3615 245 3663 indictuni
260 3620 305 3675 est,
319 3615 381 3676 quod
397 3615 481 3662 tradita
497 3615 555 3661 iuris
570 3621 695 3674 systemata
711 3614 806 3662 misceri
821 3621 844 3661 et
859 3629 901 3676 pro
912 3613 985 3662 lubitu
996 3615 1081 3663 mutari

131 3693 215 3747 coepta
231 3692 297 3733 sunt:
312 3698 443 3747 quanquam
459 3684 520 3731 ideas
536 3683 666 3731 modestius
681 3690 705 3730 et
719 3697 771 3730 enni
782 3684 872 3731 ratione
884 3685 929 3731 iam
944 3684 1080 3746 superiores

132 3753 179 3803 {cu
194 3756 315 3804 factitasse
330 3754 545 3816 deprehenduntur,
560 3753 621 3800 velut
638 3753 730 3800 Paullus
746 3753 768 3800 iii
784 3753 920 3801 Sententiis.
951 3753 984 3801 ct.
1001 3753 1080 3802 lleiin·

132 3825 199 3873 barli.
216 3824 492 3887 inlleperttips.1eis.
509 3823 546 3870 lll.
563 3837 584 3885 p.
597 3834 642 3872 ist.
695 3819 715 3885 Ι)
730 3822 840 3871 Fortasse
855 3823 947 3871 titulum
963 3823 991 3870 de
1007 3822 1080 3871 dona·

131 3894 236 3943 tionibus
251 3895 376 3942 Vaticanis
391 3894 492 3955 syllegae
507 3900 589 3940 auctor
603 3892 669 3939 titulo
685 3891 713 3939 de
729 3892 811 3954 legatis
826 3893 978 3955 applicuerat.

816 3990 870 4038 4⁵*
