<?xml version="1.0" encoding="UTF-8"?>
<!DOCTYPE html PUBLIC "-//W3C//DTD XHTML 1.0 Transitional//EN"
    "http://www.w3.org/TR/xhtml1/DTD/xhtml1-transitional.dtd">
<html xmlns="http://www.w3.org/1999/xhtml" xml:lang="en" lang="en">
 <head>
  <title>
</title>
<meta http-equiv="Content-Type" content="text/html;charset=utf-8" />
  <meta name='ocr-system' content='tesseract 3.04.00' />
  <meta name='ocr-capabilities' content='ocr_page ocr_carea ocr_par ocr_line ocrx_word'/>
</head>
<body>
  <div class='ocr_page' id='page_1' title='image "./iurisprvdentiae00huscgoog_0473.png"; bbox 0 0 2378 4386; ppageno 0'>
   <div class='ocr_carea' id='block_1_1' title="bbox 183 547 1003 613">
    <p class='ocr_par' dir='ltr' id='par_1_1' title="bbox 183 547 1003 613">
     <span class='ocr_line' id='line_1_1' title="bbox 183 547 1003 613; baseline 0 -12"><span class='ocrx_word' id='word_1_1' title='bbox 183 547 246 613; x_wconf 84' lang='lat'><em>438</em></span> <span class='ocrx_word' id='word_1_2' title='bbox 325 563 432 600; x_wconf 67' lang='lat' dir='ltr'><em>neuim</em></span> <span class='ocrx_word' id='word_1_3' title='bbox 450 563 590 600; x_wconf 70' lang='grc'>1111111111</span> <span class='ocrx_word' id='word_1_4' title='bbox 608 563 771 600; x_wconf 75' lang='lat' dir='ltr'><em>sstouvuun</em></span> <span class='ocrx_word' id='word_1_5' title='bbox 789 560 1003 601; x_wconf 75' lang='lat' dir='ltr'><em>ssaomuvnvn.</em></span> 
     </span>
    </p>
   </div>
   <div class='ocr_carea' id='block_1_2' title="bbox 246 703 1149 777">
    <p class='ocr_par' dir='ltr' id='par_1_2' title="bbox 246 703 1149 777">
     <span class='ocr_line' id='line_1_2' title="bbox 246 703 1149 777; baseline -0.003 -15"><span class='ocrx_word' id='word_1_6' title='bbox 246 703 291 762; x_wconf 79' lang='lat'><em>14.</em></span> <span class='ocrx_word' id='word_1_7' title='bbox 317 705 385 762; x_wconf 84' lang='lat' dir='ltr'><em>Cum</em></span> <span class='ocrx_word' id='word_1_8' title='bbox 400 709 435 764; x_wconf 87' lang='lat' dir='ltr'><em>de</em></span> <span class='ocrx_word' id='word_1_9' title='bbox 449 710 514 764; x_wconf 89' lang='lat' dir='ltr'><em>iure</em></span> <span class='ocrx_word' id='word_1_10' title='bbox 531 711 693 763; x_wconf 76' lang='lat' dir='ltr'><em>testamenti</em></span> <span class='ocrx_word' id='word_1_11' title='bbox 706 708 878 777; x_wconf 83' lang='lat' dir='ltr'><em>disputatur,</em></span> <span class='ocrx_word' id='word_1_12' title='bbox 895 705 940 777; x_wconf 88' lang='lat' dir='ltr'><em>qui</em></span> <span class='ocrx_word' id='word_1_13' title='bbox 957 710 1039 776; x_wconf 79' lang='lat' dir='ltr'><em>negat</em></span> <span class='ocrx_word' id='word_1_14' title='bbox 1054 718 1149 776; x_wconf 81' lang='lat' dir='ltr'><em>neque</em></span> 
     </span>
    </p>
   </div>
   <div class='ocr_carea' id='block_1_3' title="bbox 182 789 1148 1454">
    <p class='ocr_par' dir='ltr' id='par_1_3' title="bbox 182 789 1147 1030">
     <span class='ocr_line' id='line_1_3' title="bbox 185 789 1147 865; baseline 0 -20"><span class='ocrx_word' id='word_1_15' title='bbox 185 790 218 845; x_wconf 91' lang='lat' dir='ltr'><em>ob</em></span> <span class='ocrx_word' id='word_1_16' title='bbox 239 791 270 846; x_wconf 89' lang='lat' dir='ltr'><em>id</em></span> <span class='ocrx_word' id='word_1_17' title='bbox 285 791 408 862; x_wconf 88' lang='lat' dir='ltr'><em>probat,</em></span> <span class='ocrx_word' id='word_1_18' title='bbox 429 799 478 847; x_wconf 88' lang='lat' dir='ltr'><em>aut</em></span> <span class='ocrx_word' id='word_1_19' title='bbox 494 792 567 847; x_wconf 88' lang='lat' dir='ltr'><em>sicut</em></span> <span class='ocrx_word' id='word_1_20' title='bbox 581 792 609 846; x_wconf 84' lang='lat' dir='ltr'><em>iu</em></span> <span class='ocrx_word' id='word_1_21' title='bbox 625 799 706 865; x_wconf 86' lang='lat' dir='ltr'><em>rupto</em></span> <span class='ocrx_word' id='word_1_22' title='bbox 729 799 891 847; x_wconf 80' lang='lat' dir='ltr'><em>testamento</em></span> <span class='ocrx_word' id='word_1_23' title='bbox 906 789 1026 860; x_wconf 84' lang='lat' dir='ltr'><em>probat,</em></span> <span class='ocrx_word' id='word_1_24' title='bbox 1050 796 1147 845; x_wconf 86' lang='lat' dir='ltr'><em>tamen</em></span> 
     </span>
     <span class='ocr_line' id='line_1_4' title="bbox 184 872 1147 948; baseline 0 -19"><span class='ocrx_word' id='word_1_25' title='bbox 184 873 321 931; x_wconf 87' lang='lat' dir='ltr'><em>bonoram</em></span> <span class='ocrx_word' id='word_1_26' title='bbox 336 876 537 948; x_wconf 84' lang='lat' dir='ltr'><em>possessionem</em></span> <span class='ocrx_word' id='word_1_27' title='bbox 549 874 597 932; x_wconf 86' lang='lat' dir='ltr'><em>sed</em></span> <span class='ocrx_word' id='word_1_28' title='bbox 609 883 704 932; x_wconf 83' lang='lat' dir='ltr'><em>cantra</em></span> <span class='ocrx_word' id='word_1_29' title='bbox 717 874 820 932; x_wconf 82' lang='lat' dir='ltr'><em>tabulas</em></span> <span class='ocrx_word' id='word_1_30' title='bbox 831 872 957 945; x_wconf 82' lang='lat' dir='ltr'><em>&#39;uverpit,</em></span> <span class='ocrx_word' id='word_1_31' title='bbox 972 875 1041 946; x_wconf 84' lang='lat' dir='ltr'><em>quia</em></span> <span class='ocrx_word' id='word_1_32' title='bbox 1053 889 1147 930; x_wconf 85' lang='lat' dir='ltr'><em>causa</em></span> 
     </span>
     <span class='ocr_line' id='line_1_5' title="bbox 182 953 850 1030; baseline 0.001 -17"><span class='ocrx_word' id='word_1_33' title='bbox 182 957 339 1015; x_wconf 88' lang='lat' dir='ltr'><em>liberorum</em></span> <span class='ocrx_word' id='word_1_34' title='bbox 352 975 428 1030; x_wconf 91' lang='lat' dir='ltr'><em>prae</em></span> <span class='ocrx_word' id='word_1_35' title='bbox 438 953 445 992; x_wconf 88' lang='lat'><strong>¹</strong></span> <span class='ocrx_word' id='word_1_36' title='bbox 455 963 605 1017; x_wconf 83' lang='lat' dir='ltr'><em>teritorum</em></span> <span class='ocrx_word' id='word_1_37' title='bbox 620 960 717 1017; x_wconf 87' lang='lat' dir='ltr'><em>melior</em></span> <span class='ocrx_word' id='word_1_38' title='bbox 731 959 850 1016; x_wconf 86' lang='lat' dir='ltr'><em>uidetur.</em></span> 
     </span>
    </p>

    <p class='ocr_par' dir='ltr' id='par_1_4' title="bbox 245 1036 881 1119">
     <span class='ocr_line' id='line_1_6' title="bbox 245 1036 881 1119; baseline -0.002 -21"><span class='ocrx_word' id='word_1_39' title='bbox 245 1038 289 1098; x_wconf 87' lang='lat' dir='ltr'><em>lb.</em></span> <span class='ocrx_word' id='word_1_40' title='bbox 315 1036 358 1119; x_wconf 87' lang='lat' dir='ltr'><em>[L.</em></span> <span class='ocrx_word' id='word_1_41' title='bbox 381 1049 409 1103; x_wconf 86' lang='lat'><em>5.</em></span> <span class='ocrx_word' id='word_1_42' title='bbox 432 1043 469 1100; x_wconf 85' lang='lat' dir='ltr'><em>l).</em></span> <span class='ocrx_word' id='word_1_43' title='bbox 491 1045 526 1101; x_wconf 91' lang='lat' dir='ltr'><em>de</em></span> <span class='ocrx_word' id='word_1_44' title='bbox 547 1046 621 1101; x_wconf 87' lang='lat' dir='ltr'><em>dotis</em></span> <span class='ocrx_word' id='word_1_45' title='bbox 642 1047 738 1102; x_wconf 89' lang='lat' dir='ltr'><em>collat.</em></span> <span class='ocrx_word' id='word_1_46' title='bbox 761 1047 813 1113; x_wconf 81' lang='grc'><em>37,</em></span> <span class='ocrx_word' id='word_1_47' title='bbox 838 1036 881 1119; x_wconf 84' lang='grc'><strong>7.]</strong></span> 
     </span>
    </p>

    <p class='ocr_par' dir='ltr' id='par_1_5' title="bbox 182 1119 1148 1288">
     <span class='ocr_line' id='line_1_7' title="bbox 246 1119 1148 1203; baseline 0 -20"><span class='ocrx_word' id='word_1_48' title='bbox 246 1119 310 1183; x_wconf 81' lang='grc'><em>216.</em></span> <span class='ocrx_word' id='word_1_49' title='bbox 335 1120 378 1203; x_wconf 87' lang='lat' dir='ltr'><em>[L.</em></span> <span class='ocrx_word' id='word_1_50' title='bbox 400 1131 426 1185; x_wconf 85' lang='lat'><em>9.</em></span> <span class='ocrx_word' id='word_1_51' title='bbox 449 1127 745 1187; x_wconf 69' lang='lat' dir='ltr'><em>Udeclotiscottat.</em></span> <span class='ocrx_word' id='word_1_52' title='bbox 773 1132 825 1198; x_wconf 80' lang='lat'><em>37,</em></span> <span class='ocrx_word' id='word_1_53' title='bbox 850 1131 877 1183; x_wconf 80' lang='lat'><em>6.</em></span> <span class='ocrx_word' id='word_1_54' title='bbox 916 1127 982 1182; x_wconf 78' lang='lat' dir='ltr'><em>inde</em></span> <span class='ocrx_word' id='word_1_55' title='bbox 1008 1143 1027 1180; x_wconf 94' lang='lat' dir='ltr'><em>a</em></span> <span class='ocrx_word' id='word_1_56' title='bbox 1053 1127 1148 1183; x_wconf 77' lang='lat' dir='ltr'><em>verbis</em></span> 
     </span>
     <span class='ocr_line' id='line_1_8' title="bbox 182 1204 477 1288; baseline 0.007 -23"><span class='ocrx_word' id='word_1_57' title='bbox 182 1206 278 1283; x_wconf 84' lang='lat' dir='ltr'><em>(idem)</em></span> <span class='ocrx_word' id='word_1_58' title='bbox 302 1227 388 1284; x_wconf 88' lang='lat' dir='ltr'><em>nepos</em></span> <span class='ocrx_word' id='word_1_59' title='bbox 408 1204 477 1288; x_wconf 82' lang='lat' dir='ltr'><em>sl.]³</em></span> 
     </span>
    </p>

    <p class='ocr_par' dir='ltr' id='par_1_6' title="bbox 247 1289 924 1369">
     <span class='ocr_line' id='line_1_9' title="bbox 247 1289 924 1369; baseline 0 -19"><span class='ocrx_word' id='word_1_60' title='bbox 247 1289 289 1351; x_wconf 82' lang='lat' dir='ltr'><em>lt.</em></span> <span class='ocrx_word' id='word_1_61' title='bbox 327 1296 357 1351; x_wconf 77' lang='lat' dir='ltr'><em>L.</em></span> <span class='ocrx_word' id='word_1_62' title='bbox 382 1300 427 1353; x_wconf 87' lang='grc'><em>17.</em></span> <span class='ocrx_word' id='word_1_63' title='bbox 456 1296 492 1353; x_wconf 77' lang='grc' dir='ltr'><em>Ι).</em></span> <span class='ocrx_word' id='word_1_64' title='bbox 515 1298 551 1353; x_wconf 92' lang='lat' dir='ltr'><em>de</em></span> <span class='ocrx_word' id='word_1_65' title='bbox 572 1300 675 1354; x_wconf 85' lang='lat' dir='ltr'><em>iniusta</em></span> <span class='ocrx_word' id='word_1_66' title='bbox 696 1303 783 1368; x_wconf 89' lang='lat' dir='ltr'><em>rupto</em></span> <span class='ocrx_word' id='word_1_67' title='bbox 807 1298 860 1365; x_wconf 74' lang='lat'><em>28,</em></span> <span class='ocrx_word' id='word_1_68' title='bbox 883 1291 924 1369; x_wconf 85' lang='lat'><em>3.]</em></span> 
     </span>
    </p>

    <p class='ocr_par' dir='ltr' id='par_1_7' title="bbox 245 1373 897 1454">
     <span class='ocr_line' id='line_1_10' title="bbox 245 1373 897 1454; baseline -0.003 -18"><span class='ocrx_word' id='word_1_69' title='bbox 245 1375 290 1436; x_wconf 78' lang='lat'><em>18.</em></span> <span class='ocrx_word' id='word_1_70' title='bbox 329 1380 361 1436; x_wconf 79' lang='lat' dir='ltr'><em>L.</em></span> <span class='ocrx_word' id='word_1_71' title='bbox 385 1386 412 1436; x_wconf 81' lang='lat'><em>5.</em></span> <span class='ocrx_word' id='word_1_72' title='bbox 440 1381 476 1438; x_wconf 86' lang='lat' dir='ltr'><em>D.</em></span> <span class='ocrx_word' id='word_1_73' title='bbox 498 1381 622 1438; x_wconf 89' lang='lat' dir='ltr'><em>dedatis</em></span> <span class='ocrx_word' id='word_1_74' title='bbox 642 1383 739 1438; x_wconf 83' lang='lat' dir='ltr'><em>collat.</em></span> <span class='ocrx_word' id='word_1_75' title='bbox 761 1384 813 1442; x_wconf 80' lang='lat'><em>37,</em></span> <span class='ocrx_word' id='word_1_76' title='bbox 838 1373 897 1454; x_wconf 81' lang='lat'><strong>7.]⁴</strong></span> 
     </span>
    </p>
   </div>
   <div class='ocr_carea' id='block_1_4' title="bbox 176 1545 1146 3452">
    <p class='ocr_par' dir='ltr' id='par_1_8' title="bbox 176 1545 1146 3452">
     <span class='ocr_line' id='line_1_11' title="bbox 257 1545 1146 1614; baseline -0.001 -17"><span class='ocrx_word' id='word_1_77' title='bbox 257 1545 276 1614; x_wconf 87' lang='lat'><em>¹)</em></span> <span class='ocrx_word' id='word_1_78' title='bbox 292 1549 323 1598; x_wconf 93' lang='lat' dir='ltr'><em>In</em></span> <span class='ocrx_word' id='word_1_79' title='bbox 342 1552 399 1614; x_wconf 85' lang='lat' dir='ltr'><em>ipso</em></span> <span class='ocrx_word' id='word_1_80' title='bbox 418 1550 467 1601; x_wconf 84' lang='lat' dir='ltr'><em>boc</em></span> <span class='ocrx_word' id='word_1_81' title='bbox 485 1567 561 1601; x_wconf 89' lang='lat' dir='ltr'><em>versu</em></span> <span class='ocrx_word' id='word_1_82' title='bbox 580 1558 692 1601; x_wconf 90' lang='lat' dir='ltr'><em>ceterum</em></span> <span class='ocrx_word' id='word_1_83' title='bbox 711 1564 792 1599; x_wconf 88' lang='lat' dir='ltr'><em>uacuo</em></span> <span class='ocrx_word' id='word_1_84' title='bbox 811 1551 837 1598; x_wconf 93' lang='lat' dir='ltr'><em>in</em></span> <span class='ocrx_word' id='word_1_85' title='bbox 854 1550 906 1611; x_wconf 82' lang='lat' dir='ltr'><em>fine</em></span> <span class='ocrx_word' id='word_1_86' title='bbox 925 1550 1020 1597; x_wconf 89' lang='lat' dir='ltr'><em>litteris</em></span> <span class='ocrx_word' id='word_1_87' title='bbox 1040 1549 1146 1597; x_wconf 87' lang='lat' dir='ltr'><em>minutis</em></span> 
     </span>
     <span class='ocr_line' id='line_1_12' title="bbox 184 1617 1145 1687; baseline 0.001 -20"><span class='ocrx_word' id='word_1_88' title='bbox 184 1619 300 1669; x_wconf 89' lang='lat' dir='ltr'><em>additum</em></span> <span class='ocrx_word' id='word_1_89' title='bbox 317 1628 354 1670; x_wconf 91' lang='lat' dir='ltr'><em>est</em></span> <span class='ocrx_word' id='word_1_90' title='bbox 378 1621 442 1684; x_wconf 85' lang='lat' dir='ltr'><em>lpins</em></span> <span class='ocrx_word' id='word_1_91' title='bbox 462 1621 598 1687; x_wconf 73' lang='lat' dir='ltr'><em>(vulpiani)</em></span> <span class='ocrx_word' id='word_1_92' title='bbox 678 1617 698 1684; x_wconf 77' lang='lat'><em>⁹)</em></span> <span class='ocrx_word' id='word_1_93' title='bbox 719 1620 792 1670; x_wconf 87' lang='lat' dir='ltr'><em>Num.</em></span> <span class='ocrx_word' id='word_1_94' title='bbox 812 1620 976 1671; x_wconf 81' lang='lat' dir='ltr'><em>1s-1satit</em></span> <span class='ocrx_word' id='word_1_95' title='bbox 995 1618 1145 1685; x_wconf 76' lang='lat' dir='ltr'><em>(Kriapervs</em></span> 
     </span>
     <span class='ocr_line' id='line_1_13' title="bbox 178 1690 1144 1757; baseline 0.003 -20"><span class='ocrx_word' id='word_1_96' title='bbox 178 1696 256 1752; x_wconf 86' lang='lat' dir='ltr'><em>putat</em></span> <span class='ocrx_word' id='word_1_97' title='bbox 274 1690 396 1757; x_wconf 89' lang='lat' dir='ltr'><em>eiusdem)</em></span> <span class='ocrx_word' id='word_1_98' title='bbox 417 1693 517 1743; x_wconf 90' lang='lat' dir='ltr'><em>codicis</em></span> <span class='ocrx_word' id='word_1_99' title='bbox 533 1694 601 1757; x_wconf 78' lang='lat' dir='ltr'><em>solio</em></span> <span class='ocrx_word' id='word_1_100' title='bbox 614 1693 747 1757; x_wconf 77' lang='lat' dir='ltr'><em>sinputori</em></span> <span class='ocrx_word' id='word_1_101' title='bbox 760 1691 808 1740; x_wconf 92' lang='lat' dir='ltr'><em>sed</em></span> <span class='ocrx_word' id='word_1_102' title='bbox 825 1691 892 1740; x_wconf 83' lang='lat' dir='ltr'><em>binis</em></span> <span class='ocrx_word' id='word_1_103' title='bbox 907 1691 1032 1740; x_wconf 86' lang='lat' dir='ltr'><em>columnis</em></span> <span class='ocrx_word' id='word_1_104' title='bbox 1044 1692 1144 1754; x_wconf 89' lang='lat' dir='ltr'><em>scripto</em></span> 
     </span>
     <span class='ocr_line' id='line_1_14' title="bbox 182 1759 1145 1827; baseline 0.001 -19"><span class='ocrx_word' id='word_1_105' title='bbox 182 1759 307 1810; x_wconf 80' lang='lat' dir='ltr'><em>debentur</em></span> <span class='ocrx_word' id='word_1_106' title='bbox 331 1763 399 1827; x_wconf 87' lang='lat' dir='ltr'><em>quod</em></span> <span class='ocrx_word' id='word_1_107' title='bbox 417 1765 575 1826; x_wconf 87' lang='lat' dir='ltr'><em>paulopost</em></span> <span class='ocrx_word' id='word_1_108' title='bbox 593 1764 619 1812; x_wconf 90' lang='lat' dir='ltr'><em>in</em></span> <span class='ocrx_word' id='word_1_109' title='bbox 639 1762 727 1811; x_wconf 89' lang='lat' dir='ltr'><em>eodem</em></span> <span class='ocrx_word' id='word_1_110' title='bbox 746 1762 888 1827; x_wconf 78' lang='lat' dir='ltr'><em>sarrapine</em></span> <span class='ocrx_word' id='word_1_111' title='bbox 909 1767 1038 1825; x_wconf 91' lang='lat' dir='ltr'><em>repertum</em></span> <span class='ocrx_word' id='word_1_112' title='bbox 1056 1768 1081 1810; x_wconf 92' lang='lat' dir='ltr'><em>et</em></span> <span class='ocrx_word' id='word_1_113' title='bbox 1099 1776 1145 1810; x_wconf 77' lang='lat' dir='ltr'><em>ex·</em></span> 
     </span>
     <span class='ocr_line' id='line_1_15' title="bbox 182 1827 1146 1898; baseline 0.001 -17"><span class='ocrx_word' id='word_1_114' title='bbox 182 1846 283 1881; x_wconf 88' lang='lat' dir='ltr'><em>cussum</em></span> <span class='ocrx_word' id='word_1_115' title='bbox 296 1840 347 1891; x_wconf 92' lang='lat' dir='ltr'><em>est,</em></span> <span class='ocrx_word' id='word_1_116' title='bbox 362 1833 394 1882; x_wconf 89' lang='lat' dir='ltr'><em>de</em></span> <span class='ocrx_word' id='word_1_117' title='bbox 408 1849 457 1897; x_wconf 82' lang='lat' dir='ltr'><em>quo</em></span> <span class='ocrx_word' id='word_1_118' title='bbox 471 1834 523 1886; x_wconf 86' lang='lat' dir='ltr'><em>vid.</em></span> <span class='ocrx_word' id='word_1_119' title='bbox 539 1833 646 1898; x_wconf 74' lang='lat' dir='ltr'><em>Kriper</em></span> <span class='ocrx_word' id='word_1_120' title='bbox 660 1834 687 1881; x_wconf 90' lang='lat' dir='ltr'><em>in</em></span> <span class='ocrx_word' id='word_1_121' title='bbox 703 1833 792 1882; x_wconf 86' lang='lat' dir='ltr'><em>iisdem</em></span> <span class='ocrx_word' id='word_1_122' title='bbox 812 1827 1073 1882; x_wconf 80' lang='lat' dir='ltr'><em>‘Monatsbericbten’</em></span> <span class='ocrx_word' id='word_1_123' title='bbox 1094 1841 1146 1882; x_wconf 75' lang='lat'><strong>1880</strong></span> 
     </span>
     <span class='ocr_line' id='line_1_16' title="bbox 176 1900 1145 1968; baseline -0.004 -14"><span class='ocrx_word' id='word_1_124' title='bbox 176 1917 205 1965; x_wconf 81' lang='lat' dir='ltr'><em>p.</em></span> <span class='ocrx_word' id='word_1_125' title='bbox 220 1913 260 1954; x_wconf 74' lang='lat' dir='ltr'><em>tot</em></span> <span class='ocrx_word' id='word_1_126' title='bbox 273 1917 326 1967; x_wconf 82' lang='lat' dir='ltr'><em>seq.</em></span> <span class='ocrx_word' id='word_1_127' title='bbox 345 1910 369 1952; x_wconf 93' lang='lat' dir='ltr'><em>et</em></span> <span class='ocrx_word' id='word_1_128' title='bbox 388 1903 532 1953; x_wconf 70' lang='lat' dir='ltr'><strong><em>Zachariae</em></strong></span> <span class='ocrx_word' id='word_1_129' title='bbox 551 1904 583 1953; x_wconf 88' lang='lat' dir='ltr'><em>de</em></span> <span class='ocrx_word' id='word_1_130' title='bbox 603 1903 761 1968; x_wconf 78' lang='lat' dir='ltr'><em>Linpentital</em></span> <span class='ocrx_word' id='word_1_131' title='bbox 780 1905 806 1951; x_wconf 85' lang='lat' dir='ltr'><em>in</em></span> <span class='ocrx_word' id='word_1_132' title='bbox 827 1900 967 1952; x_wconf 80' lang='lat' dir='ltr'><em>‘Deutscbe</em></span> <span class='ocrx_word' id='word_1_133' title='bbox 986 1902 1145 1952; x_wconf 83' lang='lat' dir='ltr'><em>Litteratur·</em></span> 
     </span>
     <span class='ocr_line' id='line_1_17' title="bbox 180 1969 1145 2038; baseline 0.004 -18"><span class='ocrx_word' id='word_1_134' title='bbox 180 1969 296 2038; x_wconf 81' lang='lat' dir='ltr'><em>zeitunp’</em></span> <span class='ocrx_word' id='word_1_135' title='bbox 312 1985 402 2037; x_wconf 81' lang='lat' dir='ltr'><em>1881p.</em></span> <span class='ocrx_word' id='word_1_136' title='bbox 418 1986 465 2026; x_wconf 76' lang='grc'>110.</span> <span class='ocrx_word' id='word_1_137' title='bbox 494 1973 547 2023; x_wconf 90' lang='lat' dir='ltr'><em>Hic</em></span> <span class='ocrx_word' id='word_1_138' title='bbox 562 1982 672 2037; x_wconf 90' lang='lat' dir='ltr'><em>praeter</em></span> <span class='ocrx_word' id='word_1_139' title='bbox 689 1975 893 2025; x_wconf 81' lang='lat' dir='ltr'><em>convenientiam</em></span> <span class='ocrx_word' id='word_1_140' title='bbox 909 1974 946 2035; x_wconf 73' lang='lat' dir='ltr'><em>fr.</em></span> <span class='ocrx_word' id='word_1_141' title='bbox 962 1985 987 2025; x_wconf 96' lang='grc'><em>11</em></span> <span class='ocrx_word' id='word_1_142' title='bbox 1002 1989 1058 2023; x_wconf 85' lang='lat' dir='ltr'><em>cum</em></span> <span class='ocrx_word' id='word_1_143' title='bbox 1072 1973 1104 2022; x_wconf 87' lang='lat' dir='ltr'><em>L.</em></span> <span class='ocrx_word' id='word_1_144' title='bbox 1121 1984 1145 2024; x_wconf 90' lang='grc'><em>11</em></span> 
     </span>
     <span class='ocr_line' id='line_1_18' title="bbox 182 2042 1144 2109; baseline 0.001 -18"><span class='ocrx_word' id='word_1_145' title='bbox 182 2042 219 2092; x_wconf 91' lang='lat' dir='ltr'><em>ibi</em></span> <span class='ocrx_word' id='word_1_146' title='bbox 233 2045 291 2101; x_wconf 78' lang='lat' dir='ltr'><em>cit,</em></span> <span class='ocrx_word' id='word_1_147' title='bbox 310 2060 384 2109; x_wconf 87' lang='lat' dir='ltr'><em>quam</em></span> <span class='ocrx_word' id='word_1_148' title='bbox 400 2046 449 2094; x_wconf 87' lang='lat' dir='ltr'><em>iam</em></span> <span class='ocrx_word' id='word_1_149' title='bbox 465 2044 572 2109; x_wconf 77' lang='lat' dir='ltr'><em>Krrtper</em></span> <span class='ocrx_word' id='word_1_150' title='bbox 586 2045 780 2104; x_wconf 76' lang='lat' dir='ltr'><em>observaverat,</em></span> <span class='ocrx_word' id='word_1_151' title='bbox 798 2047 874 2094; x_wconf 88' lang='lat' dir='ltr'><em>etiam</em></span> <span class='ocrx_word' id='word_1_152' title='bbox 890 2045 928 2108; x_wconf 77' lang='lat' dir='ltr'><em>fr.</em></span> <span class='ocrx_word' id='word_1_153' title='bbox 944 2054 969 2095; x_wconf 74' lang='lat'><em>16</em></span> <span class='ocrx_word' id='word_1_154' title='bbox 985 2046 1012 2093; x_wconf 91' lang='lat' dir='ltr'><em>in</em></span> <span class='ocrx_word' id='word_1_155' title='bbox 1026 2044 1058 2092; x_wconf 85' lang='lat' dir='ltr'><em>L.</em></span> <span class='ocrx_word' id='word_1_156' title='bbox 1073 2055 1086 2095; x_wconf 80' lang='lat' dir='ltr'><em>o</em></span> <span class='ocrx_word' id='word_1_157' title='bbox 1101 2045 1144 2093; x_wconf 91' lang='lat' dir='ltr'><em>cit.</em></span> 
     </span>
     <span class='ocr_line' id='line_1_19' title="bbox 181 2114 1144 2181; baseline -0.001 -18"><span class='ocrx_word' id='word_1_158' title='bbox 181 2121 205 2163; x_wconf 92' lang='lat' dir='ltr'><em>et</em></span> <span class='ocrx_word' id='word_1_159' title='bbox 217 2114 255 2175; x_wconf 76' lang='lat' dir='ltr'><em>fr.</em></span> <span class='ocrx_word' id='word_1_160' title='bbox 270 2125 295 2165; x_wconf 83' lang='lat'><em>18</em></span> <span class='ocrx_word' id='word_1_161' title='bbox 310 2116 337 2163; x_wconf 91' lang='lat' dir='ltr'><em>in</em></span> <span class='ocrx_word' id='word_1_162' title='bbox 352 2114 383 2162; x_wconf 85' lang='lat' dir='ltr'><em>L.</em></span> <span class='ocrx_word' id='word_1_163' title='bbox 399 2126 412 2165; x_wconf 83' lang='lat' dir='ltr'><em>s</em></span> <span class='ocrx_word' id='word_1_164' title='bbox 431 2117 474 2165; x_wconf 88' lang='lat' dir='ltr'><em>cit.</em></span> <span class='ocrx_word' id='word_1_165' title='bbox 490 2130 628 2166; x_wconf 88' lang='lat' dir='ltr'><em>recurrere</em></span> <span class='ocrx_word' id='word_1_166' title='bbox 647 2116 713 2165; x_wconf 89' lang='lat' dir='ltr'><em>vidit</em></span> <span class='ocrx_word' id='word_1_167' title='bbox 732 2116 840 2180; x_wconf 80' lang='lat' dir='ltr'><em>indeque</em></span> <span class='ocrx_word' id='word_1_168' title='bbox 857 2114 1006 2181; x_wconf 78' lang='lat' dir='ltr'><em>Kritperum</em></span> <span class='ocrx_word' id='word_1_169' title='bbox 1021 2115 1084 2178; x_wconf 82' lang='lat' dir='ltr'><em>folii</em></span> <span class='ocrx_word' id='word_1_170' title='bbox 1094 2130 1144 2177; x_wconf 90' lang='lat' dir='ltr'><em>pa·</em></span> 
     </span>
     <span class='ocr_line' id='line_1_20' title="bbox 179 2184 1145 2254; baseline 0.003 -23"><span class='ocrx_word' id='word_1_171' title='bbox 179 2185 268 2249; x_wconf 79' lang='lat' dir='ltr'><em>pinam</em></span> <span class='ocrx_word' id='word_1_172' title='bbox 280 2186 450 2247; x_wconf 71' lang='lat' dir='ltr'><em>posteriorem</em></span> <span class='ocrx_word' id='word_1_173' title='bbox 464 2184 521 2252; x_wconf 88' lang='lat' dir='ltr'><em>(col.</em></span> <span class='ocrx_word' id='word_1_174' title='bbox 533 2186 571 2235; x_wconf 92' lang='lat' dir='ltr'><em>lll.</em></span> <span class='ocrx_word' id='word_1_175' title='bbox 583 2185 621 2254; x_wconf 83' lang='lat' dir='ltr'><em>ll)</em></span> <span class='ocrx_word' id='word_1_176' title='bbox 636 2202 729 2237; x_wconf 90' lang='lat' dir='ltr'><em>errore</em></span> <span class='ocrx_word' id='word_1_177' title='bbox 738 2201 791 2251; x_wconf 91' lang='lat' dir='ltr'><em>pro</em></span> <span class='ocrx_word' id='word_1_178' title='bbox 802 2188 895 2250; x_wconf 90' lang='lat' dir='ltr'><em>priore</em></span> <span class='ocrx_word' id='word_1_179' title='bbox 908 2185 1027 2235; x_wconf 84' lang='lat' dir='ltr'><em>babuisse</em></span> <span class='ocrx_word' id='word_1_180' title='bbox 1042 2185 1145 2235; x_wconf 90' lang='lat' dir='ltr'><em>demon·</em></span> 
     </span>
     <span class='ocr_line' id='line_1_21' title="bbox 180 2252 1145 2323; baseline 0.001 -20"><span class='ocrx_word' id='word_1_181' title='bbox 180 2256 281 2306; x_wconf 85' lang='lat' dir='ltr'><em>stravit.</em></span> <span class='ocrx_word' id='word_1_182' title='bbox 319 2252 389 2314; x_wconf 89' lang='lat' dir='ltr'><em>Quae</em></span> <span class='ocrx_word' id='word_1_183' title='bbox 404 2263 544 2319; x_wconf 89' lang='lat' dir='ltr'><em>praeterea</em></span> <span class='ocrx_word' id='word_1_184' title='bbox 563 2259 590 2306; x_wconf 91' lang='lat' dir='ltr'><em>in</em></span> <span class='ocrx_word' id='word_1_185' title='bbox 610 2265 719 2323; x_wconf 88' lang='lat' dir='ltr'><em>atraque</em></span> <span class='ocrx_word' id='word_1_186' title='bbox 733 2258 834 2322; x_wconf 76' lang='lat' dir='ltr'><em>popina</em></span> <span class='ocrx_word' id='word_1_187' title='bbox 849 2260 915 2307; x_wconf 90' lang='lat' dir='ltr'><em>lecta</em></span> <span class='ocrx_word' id='word_1_188' title='bbox 931 2264 1003 2316; x_wconf 92' lang='lat' dir='ltr'><em>sunt,</em></span> <span class='ocrx_word' id='word_1_189' title='bbox 1024 2258 1050 2305; x_wconf 89' lang='lat' dir='ltr'><em>in</em></span> <span class='ocrx_word' id='word_1_190' title='bbox 1065 2256 1145 2305; x_wconf 87' lang='lat' dir='ltr'><em>biset</em></span> 
     </span>
     <span class='ocr_line' id='line_1_22' title="bbox 181 2324 1144 2392; baseline 0.005 -21"><span class='ocrx_word' id='word_1_191' title='bbox 181 2325 292 2388; x_wconf 82' lang='lat' dir='ltr'><em>quinque</em></span> <span class='ocrx_word' id='word_1_192' title='bbox 306 2324 406 2375; x_wconf 81' lang='lat' dir='ltr'><em>sebolia</em></span> <span class='ocrx_word' id='word_1_193' title='bbox 423 2326 524 2377; x_wconf 80' lang='lat' dir='ltr'><em>Graeca</em></span> <span class='ocrx_word' id='word_1_194' title='bbox 539 2329 565 2377; x_wconf 93' lang='lat' dir='ltr'><em>in</em></span> <span class='ocrx_word' id='word_1_195' title='bbox 581 2329 787 2379; x_wconf 62' lang='lat' dir='ltr'><em>intercolumnata</em></span> <span class='ocrx_word' id='word_1_196' title='bbox 806 2343 913 2392; x_wconf 82' lang='lat' dir='ltr'><em>quarum</em></span> <span class='ocrx_word' id='word_1_197' title='bbox 932 2329 1058 2377; x_wconf 84' lang='lat' dir='ltr'><em>unientis</em></span> <span class='ocrx_word' id='word_1_198' title='bbox 1073 2329 1144 2376; x_wconf 90' lang='lat' dir='ltr'><em>clare</em></span> 
     </span>
     <span class='ocr_line' id='line_1_23' title="bbox 181 2388 1144 2462; baseline 0.003 -18"><span class='ocrx_word' id='word_1_199' title='bbox 181 2410 270 2445; x_wconf 86' lang='lat' dir='ltr'><em>nomen</em></span> <span class='ocrx_word' id='word_1_200' title='bbox 281 2388 407 2458; x_wconf 76' lang='grc' dir='ltr'><strong><em>Ῥιτισιος</em></strong></span> <span class='ocrx_word' id='word_1_201' title='bbox 417 2400 610 2462; x_wconf 90' lang='lat' dir='ltr'><em>praescriptum</em></span> <span class='ocrx_word' id='word_1_202' title='bbox 624 2407 670 2457; x_wconf 81' lang='lat' dir='ltr'><em>est,</em></span> <span class='ocrx_word' id='word_1_203' title='bbox 685 2406 710 2449; x_wconf 88' lang='lat' dir='ltr'><em>et</em></span> <span class='ocrx_word' id='word_1_204' title='bbox 723 2406 799 2450; x_wconf 85' lang='lat' dir='ltr'><em>natae</em></span> <span class='ocrx_word' id='word_1_205' title='bbox 812 2400 889 2448; x_wconf 86' lang='lat' dir='ltr'><em>semel</em></span> <span class='ocrx_word' id='word_1_206' title='bbox 903 2401 942 2448; x_wconf 86' lang='lat' dir='ltr'><em>ael</em></span> <span class='ocrx_word' id='word_1_207' title='bbox 952 2397 991 2448; x_wconf 87' lang='lat' dir='ltr'><em>bis</em></span> <span class='ocrx_word' id='word_1_208' title='bbox 1002 2398 1090 2456; x_wconf 86' lang='lat' dir='ltr'><em>Pauli,</em></span> <span class='ocrx_word' id='word_1_209' title='bbox 1104 2405 1144 2447; x_wconf 89' lang='lat' dir='ltr'><em>ter</em></span> 
     </span>
     <span class='ocr_line' id='line_1_24' title="bbox 186 2464 1144 2535; baseline 0.002 -20"><span class='ocrx_word' id='word_1_210' title='bbox 186 2464 292 2530; x_wconf 77' lang='lat' dir='ltr'><em>Ulpiani</em></span> <span class='ocrx_word' id='word_1_211' title='bbox 305 2467 361 2532; x_wconf 84' lang='lat' dir='ltr'><em>(illo</em></span> <span class='ocrx_word' id='word_1_212' title='bbox 375 2468 444 2520; x_wconf 83' lang='lat' dir='ltr'><em>bunc</em></span> <span class='ocrx_word' id='word_1_213' title='bbox 459 2477 528 2520; x_wconf 92' lang='lat' dir='ltr'><em>certe</em></span> <span class='ocrx_word' id='word_1_214' title='bbox 541 2472 617 2520; x_wconf 87' lang='lat' dir='ltr'><em>semel</em></span> <span class='ocrx_word' id='word_1_215' title='bbox 631 2471 667 2519; x_wconf 89' lang='lat' dir='ltr'><em>ad</em></span> <span class='ocrx_word' id='word_1_216' title='bbox 681 2471 747 2519; x_wconf 88' lang='lat' dir='ltr'><em>idem</em></span> <span class='ocrx_word' id='word_1_217' title='bbox 760 2484 912 2533; x_wconf 89' lang='lat' dir='ltr'><em>responsum</em></span> <span class='ocrx_word' id='word_1_218' title='bbox 922 2468 1106 2535; x_wconf 83' lang='lat' dir='ltr'><em>praecedente)</em></span> <span class='ocrx_word' id='word_1_219' title='bbox 1120 2475 1144 2518; x_wconf 90' lang='lat' dir='ltr'><em>et</em></span> 
     </span>
     <span class='ocr_line' id='line_1_25' title="bbox 182 2538 1145 2605; baseline 0.002 -19"><span class='ocrx_word' id='word_1_220' title='bbox 182 2538 239 2601; x_wconf 91' lang='lat' dir='ltr'><em>ipsa</em></span> <span class='ocrx_word' id='word_1_221' title='bbox 253 2540 339 2588; x_wconf 88' lang='lat' dir='ltr'><em>omnia</em></span> <span class='ocrx_word' id='word_1_222' title='bbox 353 2541 389 2590; x_wconf 87' lang='lat' dir='ltr'><em>ad</em></span> <span class='ocrx_word' id='word_1_223' title='bbox 403 2557 425 2591; x_wconf 91' lang='lat' dir='ltr'><em>c.</em></span> <span class='ocrx_word' id='word_1_224' title='bbox 439 2548 457 2590; x_wconf 91' lang='lat' dir='ltr'><em>t.</em></span> <span class='ocrx_word' id='word_1_225' title='bbox 472 2541 495 2590; x_wconf 89' lang='lat' dir='ltr'><em>b.</em></span> <span class='ocrx_word' id='word_1_226' title='bbox 508 2543 696 2605; x_wconf 88' lang='lat' dir='ltr'><em>possessionem</em></span> <span class='ocrx_word' id='word_1_227' title='bbox 706 2543 841 2605; x_wconf 86' lang='lat' dir='ltr'><em>pertinere</em></span> <span class='ocrx_word' id='word_1_228' title='bbox 856 2540 919 2590; x_wconf 84' lang='lat' dir='ltr'><em>mibi</em></span> <span class='ocrx_word' id='word_1_229' title='bbox 932 2541 1061 2590; x_wconf 85' lang='lat' dir='ltr'><em>videntur.</em></span> <span class='ocrx_word' id='word_1_230' title='bbox 1092 2538 1145 2588; x_wconf 88' lang='lat' dir='ltr'><em>Sed</em></span> 
     </span>
     <span class='ocr_line' id='line_1_26' title="bbox 180 2609 1144 2672; baseline 0 -14"><span class='ocrx_word' id='word_1_231' title='bbox 180 2615 205 2658; x_wconf 88' lang='lat' dir='ltr'><em>et</em></span> <span class='ocrx_word' id='word_1_232' title='bbox 226 2609 285 2672; x_wconf 79' lang='lat' dir='ltr'><em>sere</em></span> <span class='ocrx_word' id='word_1_233' title='bbox 303 2613 388 2661; x_wconf 87' lang='lat' dir='ltr'><em>omnia</em></span> <span class='ocrx_word' id='word_1_234' title='bbox 407 2619 458 2661; x_wconf 90' lang='lat' dir='ltr'><em>tam</em></span> <span class='ocrx_word' id='word_1_235' title='bbox 477 2615 567 2662; x_wconf 87' lang='lat' dir='ltr'><em>lacera</em></span> <span class='ocrx_word' id='word_1_236' title='bbox 584 2619 657 2671; x_wconf 90' lang='lat' dir='ltr'><em>sunt,</em></span> <span class='ocrx_word' id='word_1_237' title='bbox 682 2619 709 2661; x_wconf 89' lang='lat' dir='ltr'><em>ut</em></span> <span class='ocrx_word' id='word_1_238' title='bbox 727 2613 774 2661; x_wconf 71' lang='lat' dir='ltr'><em>vin</em></span> <span class='ocrx_word' id='word_1_239' title='bbox 792 2618 846 2661; x_wconf 88' lang='lat' dir='ltr'><em>tuto</em></span> <span class='ocrx_word' id='word_1_240' title='bbox 864 2610 906 2659; x_wconf 84' lang='lat' dir='ltr'><em>bic</em></span> <span class='ocrx_word' id='word_1_241' title='bbox 926 2613 1038 2672; x_wconf 78' lang='lat' dir='ltr'><em>referri,</em></span> <span class='ocrx_word' id='word_1_242' title='bbox 1053 2611 1144 2660; x_wconf 88' lang='lat' dir='ltr'><em>nedum</em></span> 
     </span>
     <span class='ocr_line' id='line_1_27' title="bbox 180 2678 1143 2748; baseline 0.001 -20"><span class='ocrx_word' id='word_1_243' title='bbox 180 2687 268 2730; x_wconf 90' lang='lat' dir='ltr'><em>certae</em></span> <span class='ocrx_word' id='word_1_244' title='bbox 281 2684 424 2732; x_wconf 89' lang='lat' dir='ltr'><em>sententiae</em></span> <span class='ocrx_word' id='word_1_245' title='bbox 439 2684 499 2733; x_wconf 88' lang='lat' dir='ltr'><em>inde</em></span> <span class='ocrx_word' id='word_1_246' title='bbox 509 2684 580 2747; x_wconf 73' lang='lat' dir='ltr'><em>effici</em></span> <span class='ocrx_word' id='word_1_247' title='bbox 589 2690 691 2748; x_wconf 84' lang='lat' dir='ltr'><em>queant.</em></span> <span class='ocrx_word' id='word_1_248' title='bbox 748 2678 770 2748; x_wconf 79' lang='lat'><em>⁸)</em></span> <span class='ocrx_word' id='word_1_249' title='bbox 787 2681 926 2746; x_wconf 84' lang='lat' dir='ltr'><em>Numquae</em></span> <span class='ocrx_word' id='word_1_250' title='bbox 936 2683 1053 2744; x_wconf 88' lang='lat' dir='ltr'><em>paucula</em></span> <span class='ocrx_word' id='word_1_251' title='bbox 1063 2696 1143 2745; x_wconf 89' lang='lat' dir='ltr'><em>prae·</em></span> 
     </span>
     <span class='ocr_line' id='line_1_28' title="bbox 181 2751 1143 2817; baseline -0.001 -17"><span class='ocrx_word' id='word_1_252' title='bbox 181 2752 276 2801; x_wconf 91' lang='lat' dir='ltr'><em>cedunt</em></span> <span class='ocrx_word' id='word_1_253' title='bbox 294 2754 320 2802; x_wconf 87' lang='lat' dir='ltr'><em>in</em></span> <span class='ocrx_word' id='word_1_254' title='bbox 341 2769 405 2805; x_wconf 89' lang='lat' dir='ltr'><em>novo</em></span> <span class='ocrx_word' id='word_1_255' title='bbox 421 2755 488 2817; x_wconf 82' lang='lat' dir='ltr'><em>solio</em></span> <span class='ocrx_word' id='word_1_256' title='bbox 507 2757 555 2805; x_wconf 87' lang='lat' dir='ltr'><em>col.</em></span> <span class='ocrx_word' id='word_1_257' title='bbox 571 2753 614 2812; x_wconf 89' lang='lat' dir='ltr'><em>tt,</em></span> <span class='ocrx_word' id='word_1_258' title='bbox 633 2766 740 2804; x_wconf 82' lang='lat' dir='ltr'><em>v.1-t</em></span> <span class='ocrx_word' id='word_1_259' title='bbox 763 2751 937 2802; x_wconf 87' lang='lat' dir='ltr'><em>Tribonianus</em></span> <span class='ocrx_word' id='word_1_260' title='bbox 955 2754 1048 2802; x_wconf 88' lang='lat' dir='ltr'><em>omisit.</em></span> <span class='ocrx_word' id='word_1_261' title='bbox 1081 2751 1143 2800; x_wconf 90' lang='lat' dir='ltr'><em>Item</em></span> 
     </span>
     <span class='ocr_line' id='line_1_29' title="bbox 185 2820 1144 2890; baseline -0.002 -18"><span class='ocrx_word' id='word_1_262' title='bbox 185 2820 291 2886; x_wconf 81' lang='lat' dir='ltr'><em>Ulpiani</em></span> <span class='ocrx_word' id='word_1_263' title='bbox 304 2831 398 2883; x_wconf 88' lang='lat' dir='ltr'><em>notam,</em></span> <span class='ocrx_word' id='word_1_264' title='bbox 413 2827 487 2875; x_wconf 88' lang='lat' dir='ltr'><em>cuius</em></span> <span class='ocrx_word' id='word_1_265' title='bbox 500 2827 628 2890; x_wconf 85' lang='lat' dir='ltr'><em>reliquiae</em></span> <span class='ocrx_word' id='word_1_266' title='bbox 643 2824 735 2873; x_wconf 87' lang='lat' dir='ltr'><em>ibidem</em></span> <span class='ocrx_word' id='word_1_267' title='bbox 748 2840 769 2873; x_wconf 87' lang='lat' dir='ltr'><em>v.</em></span> <span class='ocrx_word' id='word_1_268' title='bbox 781 2834 868 2874; x_wconf 84' lang='lat' dir='ltr'><em>10-1t</em></span> <span class='ocrx_word' id='word_1_269' title='bbox 883 2823 1053 2873; x_wconf 88' lang='lat' dir='ltr'><em>adiiciuntur.</em></span> <span class='ocrx_word' id='word_1_270' title='bbox 1078 2821 1144 2871; x_wconf 85' lang='lat' dir='ltr'><em>Eam</em></span> 
     </span>
     <span class='ocr_line' id='line_1_30' title="bbox 179 2893 1144 2959; baseline 0.001 -17"><span class='ocrx_word' id='word_1_271' title='bbox 179 2908 241 2945; x_wconf 89' lang='lat' dir='ltr'><em>vera</em></span> <span class='ocrx_word' id='word_1_272' title='bbox 262 2897 349 2945; x_wconf 90' lang='lat' dir='ltr'><em>statim</em></span> <span class='ocrx_word' id='word_1_273' title='bbox 367 2898 500 2959; x_wconf 70' lang='lat' dir='ltr'><em>excepisse</em></span> <span class='ocrx_word' id='word_1_274' title='bbox 519 2896 621 2945; x_wconf 85' lang='lat' dir='ltr'><em>videtur</em></span> <span class='ocrx_word' id='word_1_275' title='bbox 639 2910 748 2959; x_wconf 77' lang='lat' dir='ltr'><em>sequens</em></span> <span class='ocrx_word' id='word_1_276' title='bbox 764 2895 802 2958; x_wconf 79' lang='lat' dir='ltr'><em>fr.</em></span> <span class='ocrx_word' id='word_1_277' title='bbox 818 2906 843 2946; x_wconf 95' lang='grc'><em>11</em></span> <span class='ocrx_word' id='word_1_278' title='bbox 859 2916 891 2936; x_wconf 87' lang='lat'>=</span> <span class='ocrx_word' id='word_1_279' title='bbox 906 2895 955 2944; x_wconf 89' lang='lat' dir='ltr'><em>col.</em></span> <span class='ocrx_word' id='word_1_280' title='bbox 970 2893 1004 2942; x_wconf 89' lang='lat' dir='ltr'><em>II</em></span> <span class='ocrx_word' id='word_1_281' title='bbox 1018 2909 1039 2942; x_wconf 90' lang='lat' dir='ltr'><em>v.</em></span> <span class='ocrx_word' id='word_1_282' title='bbox 1056 2903 1144 2943; x_wconf 76' lang='grc'>18-11</span> 
     </span>
     <span class='ocr_line' id='line_1_31' title="bbox 179 2961 1143 3029; baseline -0.001 -18"><span class='ocrx_word' id='word_1_283' title='bbox 179 2961 294 3023; x_wconf 80' lang='lat' dir='ltr'><em>sedita,</em></span> <span class='ocrx_word' id='word_1_284' title='bbox 315 2973 343 3015; x_wconf 89' lang='lat' dir='ltr'><em>ut</em></span> <span class='ocrx_word' id='word_1_285' title='bbox 364 2966 539 3017; x_wconf 70' lang='lat' dir='ltr'><em>lribonianus</em></span> <span class='ocrx_word' id='word_1_286' title='bbox 557 2967 670 3023; x_wconf 87' lang='lat' dir='ltr'><em>omissis,</em></span> <span class='ocrx_word' id='word_1_287' title='bbox 692 2980 756 3029; x_wconf 83' lang='lat' dir='ltr'><em>quas</em></span> <span class='ocrx_word' id='word_1_288' title='bbox 771 2965 865 3028; x_wconf 82' lang='lat' dir='ltr'><em>folium</em></span> <span class='ocrx_word' id='word_1_289' title='bbox 886 2981 908 3015; x_wconf 90' lang='lat' dir='ltr'><em>v.</em></span> <span class='ocrx_word' id='word_1_290' title='bbox 922 2974 1011 3015; x_wconf 73' lang='lat' dir='ltr'><em>tt-to</em></span> <span class='ocrx_word' id='word_1_291' title='bbox 1028 2962 1143 3019; x_wconf 86' lang='lat' dir='ltr'><em>subiicit,</em></span> 
     </span>
     <span class='ocr_line' id='line_1_32' title="bbox 181 3032 1142 3100; baseline -0.002 -20"><span class='ocrx_word' id='word_1_292' title='bbox 181 3032 261 3081; x_wconf 89' lang='lat' dir='ltr'><em>Pauli</em></span> <span class='ocrx_word' id='word_1_293' title='bbox 274 3042 299 3083; x_wconf 92' lang='lat' dir='ltr'><em>et</em></span> <span class='ocrx_word' id='word_1_294' title='bbox 318 3035 423 3099; x_wconf 80' lang='lat' dir='ltr'><em>Ulpiani</em></span> <span class='ocrx_word' id='word_1_295' title='bbox 437 3039 517 3095; x_wconf 84' lang='lat' dir='ltr'><em>notis,</em></span> <span class='ocrx_word' id='word_1_296' title='bbox 536 3051 571 3085; x_wconf 75' lang='lat' dir='ltr'><em>ex</em></span> <span class='ocrx_word' id='word_1_297' title='bbox 586 3038 619 3086; x_wconf 86' lang='lat' dir='ltr'><em>iis</em></span> <span class='ocrx_word' id='word_1_298' title='bbox 633 3037 715 3100; x_wconf 88' lang='lat' dir='ltr'><em>ipsum</em></span> <span class='ocrx_word' id='word_1_299' title='bbox 731 3036 875 3100; x_wconf 88' lang='lat' dir='ltr'><em>Papiniani</em></span> <span class='ocrx_word' id='word_1_300' title='bbox 888 3046 1037 3096; x_wconf 89' lang='lat' dir='ltr'><em>responsum</em></span> <span class='ocrx_word' id='word_1_301' title='bbox 1051 3033 1078 3080; x_wconf 85' lang='lat' dir='ltr'><em>in</em></span> <span class='ocrx_word' id='word_1_302' title='bbox 1090 3033 1142 3092; x_wconf 84' lang='lat' dir='ltr'><em>fine</em></span> 
     </span>
     <span class='ocr_line' id='line_1_33' title="bbox 180 3100 1143 3172; baseline 0.01 -21"><span class='ocrx_word' id='word_1_303' title='bbox 180 3101 214 3167; x_wconf 86' lang='lat' dir='ltr'><em>(v.</em></span> <span class='ocrx_word' id='word_1_304' title='bbox 230 3104 265 3166; x_wconf 78' lang='grc'><em>11)</em></span> <span class='ocrx_word' id='word_1_305' title='bbox 283 3112 393 3155; x_wconf 88' lang='lat' dir='ltr'><em>mutasse</em></span> <span class='ocrx_word' id='word_1_306' title='bbox 412 3106 630 3170; x_wconf 75' lang='lat' dir='ltr'><em>deprehendatur,</em></span> <span class='ocrx_word' id='word_1_307' title='bbox 714 3104 736 3172; x_wconf 90' lang='lat'><em>⁴)</em></span> <span class='ocrx_word' id='word_1_308' title='bbox 756 3107 795 3169; x_wconf 76' lang='lat' dir='ltr'><em>Cf.</em></span> <span class='ocrx_word' id='word_1_309' title='bbox 815 3107 880 3156; x_wconf 87' lang='lat' dir='ltr'><em>idem</em></span> <span class='ocrx_word' id='word_1_310' title='bbox 899 3105 926 3153; x_wconf 85' lang='lat' dir='ltr'><em>in</em></span> <span class='ocrx_word' id='word_1_311' title='bbox 941 3103 979 3165; x_wconf 80' lang='lat' dir='ltr'><em>fr·</em></span> <span class='ocrx_word' id='word_1_312' title='bbox 1000 3110 1033 3152; x_wconf 80' lang='lat' dir='ltr'><em>lb·</em></span> <span class='ocrx_word' id='word_1_313' title='bbox 1070 3100 1143 3160; x_wconf 83' lang='lat' dir='ltr'><em>Quod</em></span> 
     </span>
     <span class='ocr_line' id='line_1_34' title="bbox 180 3173 1144 3240; baseline 0 -18"><span class='ocrx_word' id='word_1_314' title='bbox 180 3187 237 3222; x_wconf 89' lang='lat' dir='ltr'><em>cum</em></span> <span class='ocrx_word' id='word_1_315' title='bbox 253 3173 289 3222; x_wconf 90' lang='lat' dir='ltr'><em>ibi</em></span> <span class='ocrx_word' id='word_1_316' title='bbox 299 3190 412 3238; x_wconf 88' lang='lat' dir='ltr'><em>prorsus</em></span> <span class='ocrx_word' id='word_1_317' title='bbox 421 3178 483 3226; x_wconf 89' lang='lat' dir='ltr'><em>aliis</em></span> <span class='ocrx_word' id='word_1_318' title='bbox 489 3177 707 3240; x_wconf 86' lang='lat' dir='ltr'><em>praecedentibus</em></span> <span class='ocrx_word' id='word_1_319' title='bbox 718 3184 742 3226; x_wconf 93' lang='lat' dir='ltr'><em>et</em></span> <span class='ocrx_word' id='word_1_320' title='bbox 752 3193 787 3227; x_wconf 80' lang='lat' dir='ltr'><em>ea·</em></span> <span class='ocrx_word' id='word_1_321' title='bbox 797 3176 886 3228; x_wconf 89' lang='lat' dir='ltr'><em>codice</em></span> <span class='ocrx_word' id='word_1_322' title='bbox 892 3173 1007 3239; x_wconf 78' lang='lat' dir='ltr'><em>fortasse</em></span> <span class='ocrx_word' id='word_1_323' title='bbox 1018 3187 1068 3223; x_wconf 89' lang='lat' dir='ltr'><em>non</em></span> <span class='ocrx_word' id='word_1_324' title='bbox 1085 3174 1144 3222; x_wconf 89' lang='lat' dir='ltr'><em>item</em></span> 
     </span>
     <span class='ocr_line' id='line_1_35' title="bbox 180 3241 1144 3310; baseline 0.001 -19"><span class='ocrx_word' id='word_1_325' title='bbox 180 3241 249 3292; x_wconf 84' lang='lat' dir='ltr'><em>binis</em></span> <span class='ocrx_word' id='word_1_326' title='bbox 263 3247 388 3295; x_wconf 85' lang='lat' dir='ltr'><em>columnis</em></span> <span class='ocrx_word' id='word_1_327' title='bbox 406 3249 505 3310; x_wconf 88' lang='lat' dir='ltr'><em>scripto</em></span> <span class='ocrx_word' id='word_1_328' title='bbox 523 3248 672 3309; x_wconf 81' lang='lat' dir='ltr'><em>referatur,</em></span> <span class='ocrx_word' id='word_1_329' title='bbox 691 3249 738 3296; x_wconf 76' lang='lat' dir='ltr'><em>viv</em></span> <span class='ocrx_word' id='word_1_330' title='bbox 756 3255 806 3305; x_wconf 86' lang='lat' dir='ltr'><em>est,</em></span> <span class='ocrx_word' id='word_1_331' title='bbox 821 3255 849 3297; x_wconf 90' lang='lat' dir='ltr'><em>ut</em></span> <span class='ocrx_word' id='word_1_332' title='bbox 867 3251 980 3297; x_wconf 82' lang='lat' dir='ltr'><em>nostrum</em></span> <span class='ocrx_word' id='word_1_333' title='bbox 997 3244 1091 3307; x_wconf 79' lang='lat' dir='ltr'><em>solium</em></span> <span class='ocrx_word' id='word_1_334' title='bbox 1110 3258 1144 3293; x_wconf 80' lang='lat' dir='ltr'><em>ea</em></span> 
     </span>
     <span class='ocr_line' id='line_1_36' title="bbox 181 3312 1144 3383; baseline 0.003 -22"><span class='ocrx_word' id='word_1_335' title='bbox 181 3312 300 3379; x_wconf 78' lang='lat' dir='ltr'><em>Krttperi</em></span> <span class='ocrx_word' id='word_1_336' title='bbox 313 3319 440 3366; x_wconf 84' lang='lat' dir='ltr'><em>sententio</em></span> <span class='ocrx_word' id='word_1_337' title='bbox 450 3318 486 3366; x_wconf 92' lang='lat' dir='ltr'><em>ad</em></span> <span class='ocrx_word' id='word_1_338' title='bbox 495 3317 602 3366; x_wconf 89' lang='lat' dir='ltr'><em>eundem</em></span> <span class='ocrx_word' id='word_1_339' title='bbox 616 3317 730 3368; x_wconf 85' lang='lat' dir='ltr'><em>codicem</em></span> <span class='ocrx_word' id='word_1_340' title='bbox 739 3321 906 3381; x_wconf 86' lang='lat' dir='ltr'><em>pertinuerit,</em></span> <span class='ocrx_word' id='word_1_341' title='bbox 917 3318 1074 3383; x_wconf 87' lang='lat' dir='ltr'><em>praesertim</em></span> <span class='ocrx_word' id='word_1_342' title='bbox 1088 3331 1144 3365; x_wconf 91' lang='lat' dir='ltr'><em>cum</em></span> 
     </span>
     <span class='ocr_line' id='line_1_37' title="bbox 182 3383 1144 3452; baseline 0.002 -20"><span class='ocrx_word' id='word_1_343' title='bbox 182 3383 261 3434; x_wconf 89' lang='lat' dir='ltr'><em>Pauli</em></span> <span class='ocrx_word' id='word_1_344' title='bbox 275 3393 300 3435; x_wconf 90' lang='lat' dir='ltr'><em>et</em></span> <span class='ocrx_word' id='word_1_345' title='bbox 317 3385 423 3450; x_wconf 90' lang='lat' dir='ltr'><em>Ulpiani</em></span> <span class='ocrx_word' id='word_1_346' title='bbox 436 3389 540 3437; x_wconf 88' lang='lat' dir='ltr'><em>nomina</em></span> <span class='ocrx_word' id='word_1_347' title='bbox 556 3389 581 3437; x_wconf 90' lang='lat' dir='ltr'><em>in</em></span> <span class='ocrx_word' id='word_1_348' title='bbox 592 3403 621 3438; x_wconf 89' lang='lat' dir='ltr'><em>eo</em></span> <span class='ocrx_word' id='word_1_349' title='bbox 632 3403 682 3438; x_wconf 90' lang='lat' dir='ltr'><em>non</em></span> <span class='ocrx_word' id='word_1_350' title='bbox 693 3396 721 3439; x_wconf 89' lang='lat' dir='ltr'><em>ut</em></span> <span class='ocrx_word' id='word_1_351' title='bbox 731 3388 767 3438; x_wconf 86' lang='lat' dir='ltr'><em>ibi</em></span> <span class='ocrx_word' id='word_1_352' title='bbox 776 3389 857 3440; x_wconf 89' lang='lat' dir='ltr'><em>rubro</em></span> <span class='ocrx_word' id='word_1_353' title='bbox 873 3392 961 3441; x_wconf 91' lang='lat' dir='ltr'><em>calore</em></span> <span class='ocrx_word' id='word_1_354' title='bbox 974 3389 1075 3452; x_wconf 85' lang='lat' dir='ltr'><em>scripta</em></span> <span class='ocrx_word' id='word_1_355' title='bbox 1084 3389 1144 3436; x_wconf 82' lang='lat' dir='ltr'><em>sint.</em></span> 
     </span>
    </p>
   </div>
   <div class='ocr_carea' id='block_1_5' title="bbox 0 0 1194 4386">
    <p class='ocr_par' dir='ltr' id='par_1_9' title="bbox 0 0 1194 4386">
     <span class='ocr_line' id='line_1_38' title="bbox 0 0 1194 4386; baseline 0 1"><span class='ocrx_word' id='word_1_356' title='bbox 0 0 1194 4386; x_wconf 95' lang='lat' dir='ltr'><em> </em></span> 
     </span>
    </p>
   </div>
  </div>
 </body>
</html>
