2378 4386
309 560 336 594 li.
356 559 484 595 ruamus
503 559 635 595 rensuum
653 561 789 598 coeuntis.

146 711 212 776 *itt
235 711 455 778 VALERIVS
477 712 705 779 MESSALLA
728 713 948 780 CORVINVS

429 802 548 868 (eiusdem
562 803 665 871 acutis).

384 901 434 958 lle
464 903 710 975 auspiciis.

129 1008 153 1067 l.
177 1009 264 1083 Super
284 1011 334 1067 hac
354 1027 385 1066 re
405 1013 472 1067 meis
495 1009 583 1067 uerbis
598 1010 636 1066 nil
652 1027 720 1084 opus
736 1010 797 1082 luit,
819 1015 944 1085 quoniam
959 1013 1028 1071 liber

68 1093 101 1149 ll.
115 1092 251 1150 Messallae
272 1096 383 1168 auguris
403 1093 437 1150 de
458 1096 582 1167 auspiciis
603 1096 715 1168 primus,
739 1111 799 1152 cum
815 1096 881 1152 haec
895 1097 1026 1154 scribere·

68 1194 137 1246 mus,
157 1177 227 1234 lorte
249 1178 345 1235 adluit.
375 1177 521 1251 Propterea
545 1194 577 1233 cx
592 1194 625 1233 eo
638 1177 706 1234 libro
722 1177 804 1234 uerba
818 1181 902 1252 lpslus
919 1180 1026 1238 llessal·

69 1261 109 1316 lae
129 1260 350 1335 subscripsimus:
380 1261 569 1318 ‘Patriciorum
590 1263 705 1335 auspicia
727 1263 754 1318 in
776 1263 840 1318 uuas
861 1274 925 1319 sunt
941 1266 1026 1322 diuisa

68 1352 226 1417 potestates.
271 1345 381 1401 lissima
403 1355 468 1401 sunt
494 1344 653 1415 consulum,
678 1354 846 1419 praetorum,
872 1364 1025 1405 censorum.

67 1427 157 1502 licque
178 1438 269 1484 tamen
290 1446 384 1485 eorum
405 1430 525 1484 omnium
546 1431 616 1485 inter
630 1445 659 1484 se
674 1430 766 1487 eadem
782 1439 827 1485 aut
843 1430 962 1486 eiusdem
977 1448 1026 1504 po·

67 1515 182 1583 testatis,
204 1512 265 1567 ideo
287 1511 360 1584 quod
381 1511 502 1584 collegae
522 1529 577 1568 non
597 1522 661 1569 suut
680 1529 808 1569 censores
824 1515 965 1569 consulum
980 1524 1026 1571 aut

65 1605 232 1668 praetorum,
248 1604 388 1668 praetores
403 1595 545 1651 consulum
559 1603 631 1653 sunt.
657 1597 720 1652 ideo
736 1613 824 1670 neque
839 1597 964 1654 consules
980 1609 1025 1655 sut

65 1689 208 1752 praetores
220 1677 377 1734 censoribus
388 1695 475 1751 neque
487 1694 613 1735 censores
629 1680 787 1736 consulibus
799 1688 845 1735 aut
856 1682 1024 1754 praetoribus

67 1760 193 1818 ’turluaut
212 1771 258 1817 aut
277 1763 395 1818 retinent
415 1757 567 1836 ausplcla3¹
590 1772 617 1820 at
635 1780 764 1821 censores
779 1766 850 1820 iuter
868 1782 908 1836 se,
929 1782 1025 1823 rursus

17 1854 207 1920 tseiprnetores
227 1845 405 1918 consulesque
425 1848 497 1903 luter
511 1864 540 1903 se
555 1857 582 1904 et
597 1849 692 1904 uitiaut
708 1859 735 1904 et
751 1847 881 1904 obtinent.
914 1848 1026 1906 Praetor

66 1933 115 1986 etsi
130 1928 238 2003 collega
253 1929 372 1986 consulis
386 1939 437 2000 est,
454 1947 541 2004 neque
553 1941 704 2005 praetorem
715 1949 804 2005 neque
815 1933 955 1989 consulem
966 1935 1025 1990 iure

65 2031 163 2087 rogare
184 2023 285 2087 potest,
309 2024 337 2069 ut
359 2014 466 2088 quidem
486 2031 537 2071 uos
559 2032 573 2070 a
594 2016 777 2088 superioribus
798 2020 947 2091 accepimus
963 2026 1024 2074 ante

65 2097 131 2154 haec
152 2106 273 2171 tempora
293 2107 429 2154 seruatum
451 2093 531 2154 esse²
552 2107 580 2154 et
595 2102 662 2155 utin
678 2103 869 2157 commentario
886 2104 965 2157 tertio
979 2103 1025 2157 le·

66 2183 134 2236 cimo
151 2179 179 2240 C.
196 2181 319 2238 Tuditani
334 2190 419 2256 patet,
437 2176 531 2256 ‘quia³
545 2184 686 2256 imperinm
703 2184 791 2239 minus
802 2193 923 2256 praetor,
940 2187 1025 2239 maius

66 2263 147 2319 halet
168 2265 271 2336 consul,
293 2274 321 2321 et
340 2282 354 2321 a
376 2269 480 2322 minore
499 2267 614 2339 imperio
636 2269 720 2322 maius
734 2274 780 2323 aut
795 2268 903 2323 maioris
919 2268 1025 2341 collega

65 2342 174 2420 rogari⁴
188 2350 246 2404 iure
260 2366 315 2406 nou
330 2343 467 2423 potest'.⁶
496 2365 546 2404 nos
570 2350 611 2405 his
628 2349 793 2423 temporibus
809 2360 933 2424 praetore
948 2368 1024 2425 prae·

67 2439 141 2487 tores
163 2441 270 2489 creante
292 2443 416 2489 ueterum
439 2435 627 2488 auctoritatem
651 2450 744 2488 sumus
767 2438 852 2490 secuti
874 2452 962 2509 neque
983 2437 1024 2491 his

66 2517 179 2572 comitiis
200 2518 227 2572 in
251 2519 370 2591 auspicio
387 2518 496 2572 suimus.
528 2515 660 2572 Censores
676 2511 781 2588 aequel
798 2534 852 2572 non
868 2519 963 2574 eodem
978 2536 1024 2574 ro·

66 2608 165 2673 gantur
194 2603 313 2674 auspicio
344 2609 425 2672 atque
455 2599 580 2654 consules
610 2608 637 2653 et
666 2607 813 2671 praetores.
849 2601 1024 2672 Reliquorum

65 2685 270 2756 magistratuum
292 2686 395 2740 minora
416 2691 479 2739 sunt
495 2683 622 2754 auspicia.
653 2680 715 2736 ldeo
729 2681 768 2735 illi
784 2683 913 2752 minores,
929 2683 956 2737 ni
972 2699 1026 2737 ma-

64 2768 135 2823 iores
151 2769 324 2842 magistratus
339 2767 518 2841 appellantur.
548 2764 696 2821 llinorilrus
711 2766 808 2820 creatis
824 2765 1025 2838 magistratibus

67 2848 174 2905 tributis
197 2854 314 2908 comitiis
340 2852 528 2923 magistratus,
543 2852 585 2905 ius
611 2841 689 2905 eius⁷
715 2849 817 2905 curiata
844 2848 922 2905 datur
948 2849 1024 2924 lege3

65 2934 179 2990 maiores
194 2936 349 2991 centuriatis
364 2936 480 2991 comitiis
496 2933 587 2994 liunt'.
603 2963 646 2974 —
661 2933 729 2993 Gell.
749 2931 797 3004 13,
815 2931 864 2993 15.
881 2930 909 3009 S.
923 2933 953 2991 4.
984 2934 1023 2991 Cl.

65 3014 134 3074 lest.
151 3036 176 3074 ν.
193 3018 295 3075 liiuora
309 3021 428 3092 itemque
442 3021 541 3075 maiora
557 3020 674 3092 auspicia
688 3036 716 3092 p.
735 3017 805 3074 157.

135 3173 155 3239 ¹)
172 3175 312 3225 Contraria
326 3183 372 3223 ant
385 3175 472 3224 eadem
487 3176 606 3237 auspicia
620 3175 780 3238 accipiendo.
811 3170 833 3239 ¹)
847 3173 893 3225 Sic
907 3191 976 3224 nunc
990 3190 1025 3224 eac

65 3247 95 3304 ai.
105 3245 144 3295 ed.
154 3258 175 3296 a.
186 3247 291 3309 scripsi.
311 3247 446 3309 accepimus
461 3253 501 3294 nut
515 3253 568 3294 aute
579 3246 638 3294 haec
652 3253 758 3310 tempora
774 3254 893 3295 serratum
908 3255 945 3295 est
962 3245 1024 3295 cad.

65 3315 118 3364 edd.
129 3318 207 3365 etiam
217 3330 286 3365 meae
301 3327 320 3365 1.
329 3327 348 3365 2.
379 3311 400 3379 8)
415 3316 535 3365 Fortasse
549 3316 650 3364 excidit
668 3312 783 3380 ‘inquit’.
814 3313 835 3380 ⁴)
852 3316 937 3365 Meum
952 3331 1025 3365 erro·

65 3398 114 3434 rem
129 3386 180 3451 (ed.
193 3385 226 3450 e.)
240 3385 474 3450 corrigendorum
489 3386 524 3434 ud
535 3386 704 3435 ueramcadd.
714 3387 873 3448 scripturam
887 3393 911 3434 et
921 3385 1024 3435 Hertzii

65 3456 101 3503 ed.
118 3458 223 3513 recessi,
243 3457 295 3504 nisi
312 3456 381 3520 quod
390 3472 441 3519 pro
463 3458 552 3505 mnicre
571 3456 669 3518 collega,
684 3456 752 3520 quod
769 3456 862 3504 durius
880 3455 1025 3512 uidebatur,

65 3540 139 3575 meam
153 3535 179 3577 et
192 3529 244 3576 iam
264 3526 294 3573 Ρ.
310 3526 428 3576 Merulae
442 3529 474 3590 φ’.
489 3526 587 3575 maioris
601 3527 691 3588 collega
706 3527 810 3575 retinui.
850 3522 1025 3622 ⁶2Ed.1.lria

65 3597 172 3647 nondum
183 3599 319 3661 flue‘oeram
330 3597 467 3663 periodum
481 3603 595 3659 caeptam
609 3603 670 3646 tunc
684 3612 700 3645 α
722 3613 744 3644 υ.
756 3597 817 3659 quia.
868 3594 878 3661 )
893 3594 1026 3658 intellige:

65 3673 89 3713 ut
102 3669 189 3718 eadem
203 3669 323 3730 auspicia
337 3682 388 3716 non
402 3666 501 3716 labent.
529 3663 549 3731 ⁷)
564 3667 606 3714 sed
621 3667 706 3715 iustius
717 3666 791 3715 codd.
803 3665 861 3713 edd.
870 3664 912 3713 sed
923 3665 960 3712 ius
971 3666 1022 3711 eius

64 3741 218 3802 scripseram
232 3737 299 3787 liora
313 3752 366 3787 meo
382 3734 464 3787 ‘Seru
485 3733 562 3786 ruit!
578 3752 606 3799 p.
621 3747 669 3787 tot.
689 3736 746 3786 edd.
764 3748 783 3785 ι.
803 3746 824 3784 e.
845 3734 887 3781 sed
901 3748 936 3782 ex
953 3739 1025 3781 ante·

65 3809 164 3860 cedente
172 3811 250 3859 litera
257 3815 358 3858 matum
368 3809 477 3858 uidetur.
490 3807 528 3869 Cf.
541 3806 711 3870 Cic.delepib.
720 3817 767 3866 e‚4.
777 3804 914 3867 quieceret,
925 3802 1025 3864 populns

65 3888 147 3942 creato,
163 3881 233 3944 eique
247 3879 284 3927 ius
298 3879 409 3928 onerandi
424 3880 485 3926 dato.
