2378 4386
175 586 236 652 768
387 602 483 638 rubore
504 599 743 636 rerumrerum.
764 584 912 636 loe-197.

237 732 300 791 188.
339 726 385 786 ¹in
409 729 494 785 tribus
516 745 570 784 nou
593 726 761 802 inputabitur
783 725 867 783 tutela
892 726 939 783 uei
962 743 1049 801 cure,
1075 735 1181 804 quaem

175 819 296 875 affectata
312 823 363 874 est.
395 813 548 869 diiectatam
564 814 604 869 sic
618 813 789 884 accipiemus,
805 811 828 866 si
844 809 888 866 uei
905 813 1034 885 appetita
1050 813 1146 871 uidea-

175 911 229 970 tm,
254 898 297 955 uei
312 913 373 955 eum
388 904 482 970 posset
497 897 557 969 quis
573 912 603 951 se
619 910 756 965 excusare,
771 892 803 949 ab
819 909 849 949 ea
864 909 895 949 se
910 911 969 950 nou
986 900 1144 955 excusauit

175 982 295 1039 creditur
309 982 379 1037 euim
395 979 543 1048 affectasse,
566 980 611 1052 qui
624 994 701 1048 onus,
718 994 779 1034 cum
794 985 889 1051 posset
905 977 1065 1051 declinere,
1089 998 1144 1039 uon

176 1066 321 1123 recusauit.
349 1072 376 1121 et
391 1063 418 1120 id
433 1079 514 1136 saepe
529 1062 667 1119 decretum
683 1069 723 1117 est
739 1063 766 1117 in
783 1069 884 1133 tutore,
908 1061 956 1134 qui
973 1079 1035 1120 uon
1050 1066 1142 1138 potuit

175 1151 277 1205 inuitus
292 1148 349 1204 dari
365 1156 452 1219 tutor,
474 1146 518 1203 uei
540 1146 690 1216 'curatore,
713 1146 759 1219 qui
774 1138 825 1214 ei,²
847 1146 924 1200 cuius
942 1145 1038 1203 iuerat
1055 1158 1143 1221 tutor,

175 1243 284 1290 curator
299 1239 341 1288 est
356 1232 517 1288 nominatus.

237 1312 300 1374 teo.
338 1310 431 1373 ³ltem.
475 1314 503 1371 st
526 1316 586 1388 quis
608 1316 679 1370 inter
701 1322 756 1369 tres
777 1305 951 1390 ‘(tuteioo)⁴
975 1321 1143 1392 emancipati

176 1400 226 1457 iiiii
240 1402 282 1457 sui
298 1398 409 1455 tutelam
424 1398 608 1466 administret,
632 1413 663 1452 au
680 1398 703 1451 ei
726 1397 792 1453 boec
811 1397 839 1451 in
862 1395 1021 1455 'numerum
1038 1396 1143 1473 cedat,⁵

176 1485 233 1541 scio
248 1483 409 1540 dubitatum.
445 1482 553 1538 inuenio
576 1490 665 1537 tamen
681 1480 777 1535 Fuluio
793 1473 957 1536 Aemiliano⁰
976 1484 1005 1537 iu
1021 1500 1142 1557 persona

176 1568 279 1626 bianiiii
289 1567 380 1640 Optiui
395 1567 566 1638 rescriptum,
584 1566 766 1637 emancipatae
782 1560 850 1619 diiae
866 1561 981 1620 tuteiam
998 1571 1141 1625 numerari

176 1655 200 1709 ei
215 1655 285 1708 iuter
300 1666 382 1706 ouera
398 1657 536 1722 oportere.

239 1729 303 1790 tito.
336 1726 431 1789 ⁷item.
468 1733 528 1787 'iria
549 1741 637 1788 autem
661 1747 742 1787 onere
763 1733 791 1786 iu
813 1725 915 1787 domo⁸
938 1747 1002 1789 esse
1027 1734 1140 1793 sufficie

175 1817 290 1893 proinde
304 1818 327 1872 si
343 1824 420 1890 pater
434 1815 554 1884 alieuius,
572 1815 615 1870 uei
631 1812 712 1884 fliius,
728 1814 772 1870 uel
788 1813 883 1883 irater,
902 1816 949 1887 qui
965 1825 1009 1872 est
1027 1820 1056 1874 in
1067 1821 1141 1875 eius·

175 1901 236 1958 dem
252 1907 398 1975 potestate,
421 1901 472 1956 tria
487 1914 568 1954 onere
583 1899 730 1962 sustineat,
754 1913 822 1971 quae
834 1898 865 1953 ad
882 1899 1038 1971 periculum
1054 1905 1140 1975 patris

175 1989 323 2062 pertinent,
346 1986 471 2057 quoniam
487 1983 628 2038 uoluntate
643 1984 700 2036 eius
716 1976 980 2038 ’administranturd
1008 1985 1140 2042 omuibus

177 2070 314 2126 excusatio
330 2084 345 2123 a
361 2067 444 2123 tutela
460 2067 589 2138 conpetit.

238 2150 292 2211 lut.
318 2144 425 2207 ¹⁰item.
461 2149 591 2204 Numerus
607 2165 717 2222 quoque
732 2148 877 2205 liberorum
893 2165 908 2204 a
923 2151 1009 2207 tutelo
1024 2168 1138 2208 excusa·

176 2238 278 2293 tionem
306 2233 415 2289 tribuit:
446 2230 548 2288 ciuibus
574 2233 681 2305 quidem
704 2232 829 2289 Romanis
858 2248 951 2290 earum
975 2233 1134 2308 tutelarum,

176 2335 244 2392 quae
260 2318 358 2374 iiomae
372 2323 437 2370 sunt
451 2316 596 2386 iniunctae,
618 2316 642 2370 ’a
657 2318 740 2373 trium
754 2331 890 2379 numero,-
900 2310 921 2349 ¹¹
944 2333 1038 2375 earum
1056 2335 1137 2393 uero,

177 2416 244 2474 quae
259 2402 287 2455 in
302 2399 452 2471 municipiis
464 2398 560 2456 italicis
574 2400 765 2474 iniunguntur,
780 2393 857 2471 ’(α)η
872 2409 1004 2474 quattuor
1020 2419 1137 2461 numero
1147 2413 1180 2461 iti

176 2484 330 2541 liberorum.
368 2481 448 2556 idque
469 2483 614 2555 imperator
629 2493 723 2541 noster
743 2493 770 2541 et
791 2483 869 2540 diuus
885 2484 1005 2541 Seuerus
1022 2485 1137 2544 Claudio

176 2566 329 2624 iierodieno
351 2560 589 2639 rescripserunt.¹³
631 2578 659 2624 et
680 2567 742 2624 ideo
765 2570 787 2623 si
810 2569 871 2641 quis
892 2585 907 2622 a
930 2570 1138 2643 magistratibus

176 2650 381 2725 municipalibus
396 2650 479 2706 iuerit
491 2650 578 2718 datus,
594 2660 725 2725 quattuor
736 2667 848 2709 numero
864 2649 1012 2709 tiberorum
1025 2654 1138 2714 debebit

176 2753 307 2793 excusari.

176 2879 329 2944 aliquando,
344 2894 413 2935 curn,
429 2885 456 2927 ut
466 2878 509 2940 fii,
524 2879 551 2927 in
566 2879 619 2941 fine
636 2880 778 2941 suppletum
796 2885 873 2936 eruet,
892 2878 1010 2940 effecisse
1031 2880 1137 2933 admini-

176 2952 286 3000 strubot.
319 2948 437 3013 Inteiiipe
455 2963 524 3006 uero,
539 2950 566 2997 in
580 2950 719 3011 uranicipio
736 2948 863 2998 Gaditano
878 2948 921 3008 (de
938 2963 989 3012 quo
1006 2952 1063 3000 oid.
1083 2953 1136 3005 Dio

175 3033 210 3079 41,
224 3022 260 3076 iti
275 3035 331 3069 eum
345 3027 423 3075 emet,
438 3025 466 3068 ut
481 3021 578 3082 poesim
599 3021 625 3066 in
639 3020 701 3068 aliie
714 3020 862 3081 municipiis
883 3016 975 3083 (OrcIt.
990 3030 1056 3071 toto.
1070 3023 1136 3090 etta)

176 3097 292 3156 equester
306 3091 370 3140 ordo
386 3090 451 3154 (Cic.
466 3089 501 3138 od
510 3090 594 3153 samii.
610 3100 643 3147 ιο,
657 3100 692 3146 ³2,
707 3087 744 3153 i).
759 3091 786 3138 iu
800 3103 849 3152 quo
863 3088 991 3151 equitibus
1004 3106 1074 3143 curo
1088 3095 1136 3144 ka·

176 3163 291 3211 leoderii
308 3160 475 3225 suscipiendo
496 3166 573 3217 erret,
590 3166 650 3223 poet
664 3160 849 3223 principuiem,
871 3158 902 3208 de
923 3175 974 3223 pua
996 3161 1072 3219 dixi,
1095 3167 1136 3215 in·

176 3233 279 3281 drictum
293 3232 413 3280 occidere
424 3232 548 3292 potuisse,
563 3229 669 3278 aridem
684 3237 815 3293 utromque
826 3229 1024 3279 adrninirtrarer
1033 3249 1135 3288 corant.

179 3299 199 3365 ¹)
216 3303 253 3366 Cf.
269 3303 292 3362 §-
307 3311 328 3351 u.
348 3300 367 3347 l.
382 3300 406 3348 b.
421 3306 438 3348 t.
458 3299 489 3347 L.
506 3309 538 3350 15.
557 3300 580 3359 ὅ.
596 3309 629 3349 tt.
649 3299 681 3347 Ι).
696 3299 720 3351 b.
735 3307 753 3348 t.
827 3296 957 3363 ⁹)ctrrotor
972 3302 994 3350 ei
1009 3305 1052 3364 qui
1073 3305 1133 3355 Vot.

182 3372 209 3420 V
209 3372 229 3419 ἀ.
245 3373 267 3419 in
283 3377 392 3418 curatore
406 3369 447 3416 ed.
460 3368 558 3417 Buebd.
574 3375 691 3428 curatore,
706 3370 746 3433 qui
762 3371 812 3419 eius
827 3373 860 3429 ci.
875 3369 969 3419 Helico.
1024 3370 1047 3438 ³)
1062 3374 1136 3428 Ineet

172 3442 267 3503 poncio
280 3440 385 3488 mutatis
399 3438 429 3485 L.
446 3449 478 3488 15.
493 3439 516 3498 θ.
531 3449 564 3490 te.
584 3438 616 3486 Ι).
632 3439 655 3487 it.
671 3447 688 3488 t.
703 3455 738 3489 ex
756 3440 811 3503 bip.
827 3440 870 3489 tib.
885 3441 951 3505 einp.
966 3441 999 3489 de
1011 3457 1107 3495 excire.

177 3507 198 3574 ⁴)
213 3508 257 3557 Eoo
271 3509 331 3572 Dio.
345 3511 429 3573 coppi.
444 3507 541 3557 Booti.
620 3506 641 3574 ⁶)
656 3524 754 3559 numero
770 3510 838 3560 cedet
858 3509 916 3560 Vei.
931 3510 989 3560 edd.
1005 3526 1135 3566 numerum

176 3579 290 3643 procedet
308 3578 368 3643 nep.
433 3575 454 3644 ο)
470 3579 508 3641 Cf.
527 3580 550 3640 §-
565 3590 613 3630 810.
679 3577 844 3645 ⁷)EsiL.o.
868 3581 900 3629 D.
920 3581 944 3630 d.
965 3587 983 3630 t.
1049 3582 1135 3648 ⁸)rtue

176 3649 312 3713 oddliip.
377 3645 399 3715 ⁰)
414 3648 579 3700 administrent
598 3648 655 3700 Vut.
671 3651 730 3714 Dip.
746 3652 803 3700 edd.
871 3648 903 3716 ¹⁰)
920 3651 958 3714 Os.
969 3667 1013 3714 pr.
1034 3653 1098 3703 tn.
1116 3664 1134 3704 t.

175 3719 208 3768 L.
222 3730 243 3769 ε.
265 3721 289 3782 5.
304 3732 324 3771 2.
347 3719 378 3768 Ι).
398 3720 422 3768 b.
442 3728 459 3769 t.
535 3717 568 3785 ¹¹)
583 3722 599 3769 i.
619 3736 641 3769 e.
661 3720 871 3778 indecoribrrrr
892 3722 926 3785 cs.
945 3722 969 3782 fi.
990 3733 1037 3773 tui.
1057 3725 1133 3773 trium

175 3790 276 3839 tiliorum
291 3791 348 3840 edd.
365 3787 501 3858 ([ssiiorum]
516 3789 641 3854 Montano.)
656 3806 669 3839 e
684 3792 754 3839 trium
769 3792 847 3844 biior'.
868 3792 898 3840 V.
923 3790 1002 3841 Recte
1013 3791 1131 3843 Momm.

175 3860 265 3910 iaudat
279 3861 311 3910 L.
326 3874 346 3913 2.
361 3864 385 3923 §-
400 3872 419 3911 t.
439 3862 471 3910 Ι).
486 3862 510 3910 iz.
525 3869 542 3911 t.
619 3858 651 3926 ¹²)
667 3860 775 3912 Addidi.
851 3857 884 3927 ¹³)
900 3862 937 3924 Cf.
953 3863 976 3922 ἕ.
992 3873 1039 3913 ui-
1059 3862 1093 3912 L.
1109 3876 1132 3916 1.

177 3930 202 3981 C.
218 3934 262 3995 qui
276 3948 342 3983 nunt.
357 3931 399 3982 tii.
415 3933 446 3996 (t,
460 3932 504 3998 tid).
