2378 4386
151 638 169 696 6
327 649 354 683 u.
374 646 464 682 1vn1vs
482 643 583 681 saurus
598 656 631 665 —
645 644 668 681 1³.
683 644 780 681 teucrus
794 644 937 682 scaevum.

212 771 241 832 b
262 771 348 828 Emtio
364 773 461 844 equina
476 770 569 825 similis
584 770 642 825 lere
662 786 693 825 ac
713 769 795 826 boum
817 781 845 828 et
867 773 1014 841 asinorum,
1038 773 1111 846 quud

149 856 242 912 iislem
257 855 338 911 rebus
353 857 379 910 in
395 857 512 910 emtione
528 853 665 909 dominum
681 863 801 926 mutant,
822 864 852 910 ut
873 857 900 911 in
916 855 1014 911 Manilii
1029 858 1112 913 actio·

150 939 228 995 nibus
244 941 393 1012 perscripta
408 947 480 998 sunt.
498 967 536 977 -
552 937 635 993 Varro
652 936 685 993 de
700 955 723 994 r.
739 955 761 994 r.
780 938 809 1010 2,
826 939 855 996 7.
871 940 898 1011 3.
916 941 943 996 6.

211 1021 238 1080 b.
260 1023 361 1078 Nexum
377 1021 498 1077 Manilius
517 1020 612 1077 scribit
633 1037 723 1089 omne,
745 1022 819 1095 quod
841 1040 891 1097 per
910 1023 1006 1079 libram
1026 1031 1054 1079 et
1066 1041 1111 1079 aes

149 1108 262 1180 geritur,
278 1108 305 1162 in
322 1123 376 1180 quo
391 1108 446 1160 sint
461 1107 598 1177 mancipia.
614 1135 649 1144 —
667 1105 750 1161 Varro
767 1105 800 1161 de.
816 1105 846 1163 b.
863 1106 893 1166 L.
910 1106 940 1178 7,
958 1107 1112 1178 53105.

211 1186 238 1248 8.
260 1193 300 1245 An
316 1199 409 1263 partus
428 1189 537 1245 ancillae
553 1189 624 1244 sitne
640 1189 666 1244 in
682 1190 773 1245 fructu
788 1190 941 1255 habendus,
962 1190 1113 1248 disseretur

149 1275 219 1329 inter
234 1276 368 1347 principes
384 1275 499 1329 ciuitatis
516 1273 544 1332 P.
561 1272 726 1344 Scaeuolam,
738 1264 781 1329 M’.
799 1273 950 1346 Manilium,
966 1274 998 1330 ab
1014 1276 1130 1349 bisque*

148 1355 182 1415 M.
199 1350 310 1413 Brutus¹
334 1358 475 1413 dissentiet
497 1354 580 1431 (quod
602 1365 630 1411 et
650 1366 757 1412 acutum
778 1375 864 1431 genus
886 1368 928 1414 est
947 1367 975 1414 et
997 1359 1028 1413 ad
1044 1376 1110 1413 usus
1119 1369 1149 1418 [⁶]

148 1443 248 1497 ciuium
262 1458 317 1497 nou
334 1441 447 1515 inutile,
467 1458 573 1513 nosque
594 1456 625 1496 ea
640 1442 740 1514 scripta
756 1441 913 1515 reliquaque
929 1440 1048 1497 eiusdem
1064 1459 1111 1515 ge·

147 1527 221 1581 neris
242 1534 270 1581 st
291 1525 406 1600 legimus
421 1524 536 1581 libenter
551 1533 579 1580 et
593 1520 742 1598 legemuslz
766 1525 840 1594 baec,
865 1543 933 1600 quas
948 1527 1029 1581 uitam
1047 1541 1110 1582 eon·

148 1612 236 1666 tinent
252 1627 367 1680 omnem,
386 1609 580 1683 negligenturi
596 1638 635 1649 -
648 1607 700 1664 Cic.
718 1608 751 1663 ele
766 1607 813 1665 lin.
831 1609 858 1673 1,
875 1609 905 1666 4.
922 1608 950 1680 3.
968 1607 1016 1663 12.

209 1691 235 1752 7.
257 1694 381 1750 llluseras
396 1694 454 1749 heri
470 1702 522 1750 etc.
537 1722 580 1735 —-
595 1691 634 1747 ct.
651 1708 733 1764 supra
747 1691 809 1752 Sex.
823 1691 928 1749 Aelium
944 1693 1038 1749 Catum
1054 1692 1083 1750 2.

210 1771 253 1833 8.²
275 1787 381 1834 ...ut
403 1777 446 1833 bic
467 1779 533 1833 iuris
556 1785 650 1832 noster
672 1777 806 1848 interpres
828 1776 878 1832 alla
900 1793 972 1833 nune
987 1776 1109 1834 Manilius

51 1874 55 1879 ·
146 1863 205 1916 iura
220 1860 292 1917 dieat
307 1877 366 1917 esse
383 1861 415 1916 ile
431 1860 572 1915 mulierum
588 1859 684 1932 legatis
699 1868 727 1914 et
748 1859 957 1930 hereditatibus,
979 1861 1030 1916 alia
1044 1861 1109 1918 soli·

146 1954 191 2000 tus
214 1947 250 2000 sit
271 1945 428 2000 adolescens
449 1943 539 1999 dicere
560 1942 677 1997 nondum
698 1941 816 1999 Voconia
838 1942 898 2016 lege
919 1943 980 2000 lata.
997 1973 1039 1984 -
1054 1946 1107 2004 eie.

146 2027 179 2083 de
194 2045 254 2100 rep.
270 2027 301 2096 3,
319 2026 367 2083 10.
382 2026 409 2097 3.
428 2027 478 2082 17.

422 2154 465 2219 Μ.
488 2153 638 2219 IVNIVS
662 2153 834 2220 BRVTVS

507 2260 625 2324 (eiusdem
640 2260 744 2328 aetatis).

392 2359 431 2415 be
455 2360 529 2416 iure
552 2360 653 2415 ciuili
675 2360 757 2417 libri
780 2371 863 2418 tres.

209 2458 234 2516 l.
259 2459 296 2514 En
318 2460 386 2516 libro
409 2462 511 2533 primo:
535 2459 628 2516 ‘Forte
650 2464 751 2534 euenit,
774 2470 806 2518 ut
828 2465 854 2518 in
870 2462 1020 2519 Priuernati
1036 2479 1106 2519 esse·

145 2542 227 2600 mus'.
242 2574 282 2583 -
299 2543 353 2600 Cic.
369 2544 402 2599 de
418 2553 485 2600 orat.
504 2546 533 2618 2,
550 2545 599 2605 55.
616 2545 644 2616 3.
662 2545 732 2601 224.

207 2623 534 2686 2.Exseru11il0libru:
559 2629 598 2685 ‘ln
622 2629 722 2686 Albano
746 2647 851 2687 eramus
877 2646 930 2703 ego
955 2637 984 2685 et
1004 2629 1107 2685 Marcus

144 2710 238 2772 filius'.
255 2742 296 2753 —
312 2713 366 2774 Cic.
382 2713 416 2770 ib.

207 2794 235 2855 3.
256 2797 325 2854 Tum
346 2815 379 2855 es
401 2798 470 2855 libro
494 2801 586 2869 tertio,
609 2800 636 2853 in
659 2813 713 2869 quo
729 2798 808 2850 linem
825 2795 959 2850 scribendi
974 2795 1038 2848 lecit
1053 2794 1106 2862 (tot

145 2883 231 2952 euim,
253 2892 283 2937 ut
299 2882 388 2937 audiui
404 2882 561 2938 Scaeuolam
576 2881 681 2948 uicere,
702 2888 767 2932 sunt
787 2880 845 2932 ueri
860 2877 934 2930 Bruti
956 2872 1043 2952 libri):
1066 2875 1106 2931 ‘ln

144 2963 249 3020 Tiburti
264 2964 335 3018 lurte
351 2965 499 3019 assedimus
514 2979 565 3034 ego
581 2972 610 3016 et
624 2961 727 3015 Marcus
744 2958 837 3014 lilius'.
854 2987 893 2996 -
909 2955 963 3014 Cic.
980 2951 1029 3012 tui

207 3042 235 3099 4
257 3045 380 3100 illuseras
396 3047 454 3101 beri
469 3055 521 3101 etr.
538 3075 576 3084 -
593 3043 727 3114 utsupra
744 3044 805 3097 Sex.
821 3040 925 3096 Aelium
941 3039 1035 3097 Catum
1052 3041 1079 3097 2.

389 3171 424 3236 P.
447 3170 610 3236 MVOIVS
634 3169 863 3235 SOAEVOLA

355 3275 415 3343 (cos.
431 3292 452 3326 a.
467 3293 490 3326 u.
505 3289 552 3328 ast.
567 3283 633 3340 pont.
649 3289 709 3323 max.
725 3289 752 3323 ex
766 3290 788 3323 a.
799 3291 822 3325 u.
833 3275 891 3339 62³).

205 3365 229 3426 1.
252 3409 258 3421 .
277 3410 284 3424 .
301 3408 308 3422 .
328 3377 355 3422 ut
371 3369 394 3422 si
408 3369 444 3422 ita
459 3367 639 3441 respondeas:
656 3364 787 3432 Quoniam
798 3365 827 3420 P.
836 3365 967 3421 Scaeuola
978 3367 1005 3421 id
1017 3367 1106 3424 solum

143 3469 203 3508 esse
219 3449 332 3505 ambitus
348 3450 453 3506 aedium
468 3450 575 3520 dixerit,
591 3443 698 3524 'qu0m⁴
713 3451 821 3521 parietis
832 3451 980 3506 communis
995 3451 1107 3523 tegendi

217 3596 236 3664 ¹)
252 3597 289 3660 Cf.
306 3596 337 3646 L.
352 3608 385 3648 ss.
401 3596 432 3645 Ι).
448 3599 479 3647 de
495 3598 577 3660 ususr.
597 3599 629 3663 (t,
643 3596 675 3665 1).
714 3593 734 3662 ¹)
749 3597 867 3647 Accessit
884 3609 904 3648 s.
924 3596 963 3646 ed.

144 3664 165 3734 ⁸)
182 3669 265 3718 Paulo
279 3669 357 3716 aliter
370 3668 464 3730 elfere
475 3670 580 3731 plenius
594 3669 658 3718 itaer
671 3669 754 3730 refert
769 3668 820 3718 Cir.
833 3684 884 3732 pro
901 3668 953 3718 Ciu.
969 3679 1002 3720 51.
1018 3670 1041 3731 3.
1057 3683 1106 3722 141.

142 3738 210 3788 unde
224 3740 300 3787 etiam
315 3746 431 3802 apparet.
447 3740 511 3789 ilaec
525 3741 601 3789 initia
613 3741 697 3803 fuisse
706 3741 785 3788 trium
795 3739 927 3790 librorum.
938 3766 972 3776 -
983 3739 1028 3789 Er
1037 3743 1104 3790 eiur-

142 3810 198 3858 dem
207 3808 286 3857 Bruti
295 3807 370 3858 libris
379 3811 457 3859 etiam
467 3825 521 3859 esse
531 3827 554 3860 v.
564 3807 728 3875 ‘requietem'‚
739 3811 808 3875 quod
815 3813 877 3860 citat
888 3811 943 3860 Ine.
954 3826 994 3874 ap.
1007 3811 1103 3874 Haupt.

141 3880 177 3929 ad
193 3877 265 3929 Ouid.
279 3878 341 3929 Hal.
353 3895 381 3943 p.
397 3891 440 3938 st„
454 3883 604 3944 suspicatur
620 3880 738 3931 Ossaeus
752 3882 788 3931 ad
802 3882 924 3946 Pompon.
941 3896 969 3944 p.
985 3892 1019 3932 ts.

142 3947 164 4016 ⁴)
178 3948 296 4014 Scripsi:
310 3951 374 4015 quud
389 3952 447 4001 edd.
464 3952 502 4016 Os.
517 3952 606 4003 Boetb.
623 3953 713 4004 Comm.
