2378 4386
173 523 234 581 132
493 535 519 569 a.
539 533 667 570 usumve
686 533 793 569 rncsvs.

169 657 233 706 iuris
249 655 331 705 οἰκϋίε
347 653 418 703 libris
435 648 572 703 desidero.
607 649 681 703 Num
703 648 773 702 adeo
795 649 975 702 balbutiebat
991 665 1129 717 gramma-

169 719 249 780 ticus,
261 719 294 768 ut
305 715 375 784 legis
387 714 511 768 actiones
525 717 555 768 et
567 715 659 768 edicta
674 716 823 790 perpetua,
834 715 951 768 sortasse
963 717 1031 782 quia
1042 717 1129 769 etiam

169 785 199 837 in
210 782 289 834 libris
304 781 480 850 legebantur,
496 780 581 833 libros
598 781 665 834 iuris
681 780 771 834 civilis
787 781 962 849 appellaret?
998 781 1043 834 An
1061 799 1130 836 vero

169 864 226 903 non
238 848 355 901 curabat
367 863 424 911 eos,
436 846 485 914 qui
501 846 615 914 proprie
627 848 666 901 sic
678 847 865 915 appellantur,
878 848 983 916 quique
1001 851 1129 902 veterum

168 915 312 973 librorum,
335 929 454 980 qnorum
477 914 667 968 emendationi
690 929 803 982 operam
826 914 925 981 dabat,
969 916 1043 969 raeci
1063 933 1129 970 uam

64 1036 88 1057 ·
190 981 280 1034 artem
298 980 526 1035 constituebant?
552 981 597 1033 An
615 981 795 1044 nullasdum
812 983 842 1034 in
858 982 893 1034 iis
910 998 946 1035 no
1012 999 1029 1036 a
1071 984 1128 1038 'be-

169 1000 290 1102 bantnr?
319 1046 436 1100 Nullum
453 1063 551 1100 eornm
567 1047 623 1101 dici
658 1051 740 1103 otest.
774 1050 872 1116 ltaque
890 1050 929 1103 sic
946 1051 1048 1115 statuo,
1068 1066 1130 1104 eam

169 1114 295 1184 opusculi
315 1116 434 1182 partem,
454 1129 512 1180 qna
528 1115 581 1168 hoe
598 1130 635 1170 no
668 1132 682 1169 e
706 1115 849 1184 expositae
872 1118 961 1181 erant,
979 1114 1128 1181 interiisse,

168 1196 261 1249 neque
284 1181 314 1234 id
335 1183 395 1234 tam
416 1180 525 1235 incuria
547 1198 632 1250 quam
654 1183 742 1236 nimia
766 1199 832 1236 cura
854 1182 960 1236 factum
982 1199 1052 1239 esse.
1088 1185 1131 1238 Ea

189 1264 233 1302 ars
245 1248 320 1302 enim
337 1263 441 1318 magno
459 1249 524 1302 usui
535 1251 598 1302 erat
613 1249 655 1314 iis,
668 1250 716 1326 qni
727 1249 813 1302 libros
833 1251 901 1304 iuris
918 1250 1008 1304 civilis
1027 1251 1129 1306 descri-

168 1266 284 1370 bebant.
319 1315 417 1384 ltaque
435 1331 496 1368 eam
516 1315 616 1369 ceteris
628 1318 702 1370 notrs
720 1316 810 1384 primo
821 1316 958 1394 neglectis
977 1319 1066 1372 exseri
1087 1336 1129 1373 se·

168 1386 243 1449 runt,
255 1383 285 1437 id
305 1399 341 1437 ue
352 1398 409 1438 non
422 1383 597 1453 grammatici
615 1382 664 1436 sed
677 1383 784 1437 librarii
800 1385 914 1437 consilio
932 1401 964 1438 ac
983 1401 1058 1450 cura,
1096 1402 1129 1440 oc

170 1453 221 1519 est,
240 1401 362 1505 sudoris
379 1450 618 1527 nomineoomissc,
631 1454 661 1503 et
671 1449 721 1514 ita,
734 1453 766 1503 ut
782 1451 864 1506 novis
880 1454 980 1520 postea
997 1454 1128 1506 notarum
1135 1455 1177 1504 [os]

169 1517 343 1588 compendiis
360 1517 564 1580 accedentibus,
583 1515 776 1570 collectionem
795 1534 882 1581 suam,
900 1523 986 1587 prout
1003 1536 1067 1572 usus
1080 1535 1129 1587 pc-

169 1587 270 1650 sceret,
292 1586 435 1654 angerent,
452 1584 642 1648 immutarent,
664 1583 735 1637 alius
753 1584 838 1638 etiam
857 1585 943 1638 alium
960 1587 1128 1639 institueret.

169 1653 202 1706 In
213 1654 275 1720 ipso
286 1666 353 1705 vero
362 1650 448 1704 Probi
456 1650 528 1703 libro
540 1650 610 1704 baec
619 1651 707 1704 semel
718 1651 753 1704 ab
769 1667 803 1704 eo
813 1652 911 1705 avulsa
927 1669 992 1721 pars
1005 1654 1128 1722 praeter-

169 1719 245 1773 mitti
256 1720 358 1787 coepta
375 1719 425 1772 est
459 1716 520 1770 Hac
537 1717 646 1771 ratione
659 1718 749 1771 variae
764 1717 828 1771 illas
840 1722 969 1773 notarum
987 1719 1129 1774 collectic-

168 1803 219 1841 nes
236 1787 333 1840 enatas
351 1800 410 1839 esse
428 1783 566 1849 existimo,
604 1799 657 1837 uae
669 1784 774 1852 partim
786 1800 942 1852 anonymae
960 1787 1063 1853 partim
1076 1787 1128 1840 snb

169 1855 309 1908 cenorum
327 1852 473 1928 anctorum
490 1801 747 1928 velutblagnonis,
769 1850 847 1906 Petri
868 1852 998 1917 Diaconi,
1022 1851 1128 1921 Papiae

170 1920 328 1974 nominibus
344 1934 374 1970 in
392 1917 472 1971 codd.
491 1934 554 1971 msa
566 1919 754 1983 mveniuntur,
793 1933 948 1986 uarumque
966 1920 1129 1989 nnasingu-

169 1986 222 2040 lari
239 1986 297 2039 laic
316 1986 438 2038 exeunte
457 1984 550 2038 medio
568 2000 638 2038 aevo
655 2002 748 2038 rursus
787 1985 908 2038 aleriano
927 1985 1061 2053 opusculo
1079 1987 1129 2040 sed

169 2054 225 2106 alia
242 2052 302 2106 eius
318 2052 399 2117 parte
417 2051 497 2105 adsui
513 2051 614 2120 coepit.
638 2051 772 2106 Ordinem
807 2067 900 2119 noque
918 2050 1128 2118 alphabeticum

169 2119 403 2190 apostorioribus
423 2118 480 2171 illis
505 2120 637 2172 notarum
659 2119 802 2172 collectori
822 2135 854 2170 us
876 2117 1035 2186 profectum
1058 2135 1127 2184 esse,

168 2205 225 2243 non
242 2191 301 2242 tam
321 2188 398 2240 certo
416 2185 628 2252 affirmaverim:
650 2186 725 2239 hunc
743 2184 817 2239 enim
833 2201 885 2262 pro
904 2200 945 2247 ea,
964 2200 1036 2252 quae
1053 2185 1130 2238 inter

169 2256 247 2324 leges
265 2258 294 2308 et
311 2253 398 2306 libros
414 2253 483 2306 iuris
500 2252 590 2307 civilis
605 2252 801 2307 intercedebat
811 2251 980 2319 differentia,
997 2252 1055 2305 iam
1067 2252 1128 2321 ipse

170 2321 277 2376 Probus
293 2321 323 2374 in
341 2320 394 2374 hac
411 2321 492 2389 parte
510 2319 671 2375 adhibuisse
688 2321 809 2389 poterat

235 2388 315 2441 Licet
331 2401 397 2441 vero
419 2387 620 2455 posterioribus
641 2387 703 2442 istis
726 2386 937 2440 collectionibus
960 2402 994 2440 ea
1016 2402 1127 2455 quoqne

168 2458 299 2510 notarum
315 2470 395 2532 pars,
416 2471 488 2532 quae
506 2454 597 2508 Probo
620 2455 718 2532 periit,
739 2454 834 2508 saltim
855 2454 978 2506 maxima
996 2470 1030 2508 ex
1047 2456 1128 2523 parte

168 2522 244 2577 hand
262 2521 347 2575 dubie
359 2522 546 2587 contueatur,
564 2524 660 2576 tamen
671 2540 700 2575 m
717 2522 842 2584 animum
859 2520 992 2575 inducere
1009 2537 1067 2576 non
1078 2536 1126 2589 po·

167 2591 220 2655 tui,
239 2591 272 2644 nt
306 2605 360 2644 uae
376 2589 406 2643 in
423 2589 457 2643 iis
474 2589 558 2644 Probi
580 2590 657 2652 sunt,
679 2587 846 2643 restituendi
871 2588 898 2643 ei
914 2587 1072 2657 periculum
1089 2589 1128 2642 ia·

168 2674 269 2715 cerem.
327 2657 370 2711 lus
393 2658 468 2711 enim
491 2673 576 2726 quam
600 2655 715 2710 difficile
737 2658 792 2720 est,
815 2671 862 2709 eas
884 2656 1030 2720 acetaria,
1055 2671 1128 2723 quae

168 2725 281 2780 aliunde
294 2724 430 2802 originem
443 2724 558 2788 ducunt,
576 2738 733 2792 segregare.
760 2721 816 2774 euo
828 2721 916 2798 igitur
932 2722 989 2774 iam
1001 2723 1063 2776 loco
1074 2722 1129 2775 ista

168 2793 279 2862 farrago
296 2791 481 2860 relinquenda
499 2792 550 2844 est.
574 2790 669 2907 iprum
688 2804 755 2841 vero
773 2787 859 2868 Probi
876 2789 1048 2865 opusculum,
1091 2804 1129 2843 na

168 2862 250 2914 tenus
262 2860 362 2921 exstat,
374 2874 459 2925 quam
472 2855 591 2910 emenda
605 2871 730 2907 rssrmum
739 2855 828 2921 potu,
842 2870 898 2908 ram
910 2855 1037 2911 exhibeo.
1067 2806 1129 2921 &aa

168 2925 197 2978 in
215 2941 245 2978 re
263 2924 334 2977 illud
351 2924 472 2976 maxime
490 2921 644 2974 tenendum
663 2923 731 2984 erat,
750 2920 880 2974 librarios
897 2921 926 2974 in
945 2938 978 2976 ec
996 2923 1127 2976 transcri-

168 2991 262 3044 bendo
279 3005 334 3042 non
351 2991 461 3041 tantum
479 2987 562 3040 sclito
584 3003 661 3041 more
679 2989 852 3056 peccavisse,
875 2990 924 3042 sed
948 2991 1034 3043 etiam
1051 2989 1127 3042 haud

168 3072 232 3110 raro
251 3055 343 3108 denuc
360 3058 442 3107 notas
454 3052 618 3122 explicuisse
637 3056 667 3108 et
698 3054 782 3107 artim
795 3055 845 3110 has
857 3073 890 3110 ex
908 3055 1128 3126 explicationum

168 3121 278 3176 mendis
290 3120 399 3240 partim
410 3121 471 3174 vice
484 3136 565 3199 uersa
576 3071 767 3200 interprfiasse.
802 3122 983 3193 Singulorum
1000 3123 1129 3178 codicum

168 3206 234 3244 mss.
253 3204 289 3242 no
314 3189 362 3249 tia,
406 3203 457 3240 uos
478 3203 520 3239 sin
542 3187 666 3242 ulanbns
688 3189 790 3243 litteris
812 3189 854 3243 ita
876 3191 981 3256 notari,
1005 3192 1038 3244 ut
1055 3208 1129 3245 com·

168 3256 247 3334 mupi
264 3204 580 3330 omnium‘leclioniboc
592 3256 703 3326 signum
713 3261 777 3334 W·
791 3258 986 3335 praefigerem,
999 3275 1033 3312 ex
1042 3259 1129 3313 Mom-

169 3340 229 3378 sem
246 3322 447 3375 commentario
466 3321 589 3389 petenda
610 3325 660 3377 est
696 3324 763 3378 Erus
785 3341 897 3393 qnoque
915 3343 1004 3391 nurus,
1028 3329 1061 3379 nt
1078 3343 1131 3395 par

169 3392 238 3455 erat,
257 3388 409 3444 editionem
427 3389 548 3458 respexi3
571 3390 606 3444 de
648 3408 686 3446 ua
706 3391 947 3461 praemonendum
965 3395 1015 3458 est,
1040 3393 1128 3447 Mom-

168 3474 267 3578 serlrinm
292 3457 373 3509 notas
399 3471 550 3525 earumque
577 3409 776 3526 explicationes
806 3459 932 3512 consulto
958 3459 1129 3515 incorrectus

168 3542 199 3580 re
222 3538 321 3593 quisse.

236 3665 295 3732 His,
314 3682 377 3720 cum
394 3668 516 3736 primum
528 3667 613 3722 Probi
625 3667 755 3722 libellum
767 3665 890 3731 ederem,
904 3665 1018 3740 praeter
1028 3679 1128 3729 panca,

169 3749 241 3803 quae
258 3749 333 3787 nunc
356 3735 469 3789 demum
493 3735 602 3797 addidi,
621 3732 784 3810 disputatis,
811 3730 917 3807 vulgati
941 3731 1041 3805 postea
1064 3733 1130 3784 sunt

169 3801 321 3870 separatim
345 3803 374 3855 et
399 3803 429 3855 in
453 3802 567 3857 Henrici
587 3800 672 3855 Keilii
694 3798 940 3867 grammaticorum
964 3794 1128 3851 Latinorum
