2378 4386
174 530 238 598 388
455 546 515 582 uun
533 546 631 583 msam.
648 527 697 585 IV.
717 532 859 583 lto-126.

175 708 206 748 ex
229 700 368 764 tempore,
390 688 438 745 sed
462 689 542 745 etiam
557 705 590 745 ex
611 703 728 763 persona
748 685 890 743 dilatoriae
905 686 1081 759 exceptiones
1100 687 1142 743 lu·

176 774 362 848 telleguntur,
392 772 486 846 quales
507 781 573 829 sunt
594 773 779 846 cognitoriac,
809 770 886 826 uelut
907 770 930 825 ai
953 772 992 841 is,
1023 773 1069 844 qui
1091 788 1142 846 per

174 858 292 915 edictum
314 858 487 930 cognitorem
509 856 573 913 darc
594 873 649 913 non
672 865 780 930 potest,
803 873 853 929 per
874 857 1046 929 cognitorem
1069 866 1140 930 agat,

174 942 219 998 uel
241 939 292 1014 'is,
315 935 383 1016 qui¹
407 940 487 997 dandi
510 940 617 1015 quidem
632 940 784 1014 cognitoris
807 942 849 996 ius
872 938 978 1011 habeat,
1002 956 1064 996 eum
1085 941 1142 1014 det,

175 1028 218 1084 cui
245 1042 301 1083 non
329 1026 392 1083 licet
420 1027 591 1101 cognituram
619 1026 771 1098 suscipere:
802 1041 861 1080 nam
889 1026 912 1079 si
938 1025 1072 1081 obiciatur
1094 1043 1141 1082 ex·

174 1112 265 1185 ceptio
288 1110 452 1186 cognitoria,
475 1112 498 1166 si
519 1113 578 1185 ipse
600 1110 663 1166 talis
685 1113 753 1181 erit,
776 1118 807 1164 ut
828 1111 852 1165 ei
868 1125 922 1165 non
946 1110 1025 1166 liceat
1047 1111 1142 1185 cogni-

175 1203 262 1252 torem
285 1195 360 1266 dare,
383 1194 442 1269 ipse
465 1211 547 1270 agere
569 1201 676 1269 potest:
700 1195 723 1249 si
738 1209 806 1250 uero
825 1194 962 1268 cognitori
985 1212 1040 1251 non
1063 1195 1143 1253 liceat

175 1280 348 1354 cognituram
371 1280 521 1354 suscipere,
546 1295 596 1353 per
618 1279 698 1335 alium
721 1278 891 1351 cognitorem
915 1289 962 1337 aut
984 1297 1033 1353 per
1055 1288 1142 1336 semet

173 1365 262 1439 ipsum
289 1363 401 1421 liberam
424 1363 504 1421 hahet
526 1363 623 1437 agendi
645 1371 828 1438 potestatem,
856 1371 883 1418 et
911 1372 962 1420 tam
985 1365 1039 1422 hoc
1061 1381 1141 1439 quam

104 1448 220 1506 231.illo
243 1449 325 1505 modo
350 1449 452 1505 euitare
474 1440 635 1526 ’(potest)²
655 1449 857 1522 exceptionem:
884 1449 984 1520 quodsi
1007 1445 1141 1524 dissiimu·

173 1533 268 1590 laverit
288 1540 315 1590 et
337 1525 420 1590 eum³
446 1549 495 1608 per
518 1534 688 1607 cognitorem
712 1534 819 1606 egerit,
848 1549 905 1588 rem
930 1533 1028 1607 perdit.
1073 1531 1140 1590 126.

172 1618 229 1674 Sed
248 1619 430 1692 peremptoria
454 1618 560 1691 quidem
577 1618 736 1690 exceptione
758 1617 781 1673 si
797 1634 860 1673 reus
883 1635 932 1691 per
947 1632 1066 1676 errorem
1082 1634 1138 1673 non

171 1702 258 1759 luerit
283 1719 365 1775 usus,
392 1704 419 1759 in
448 1703 587 1776 integrum
610 1703 765 1757 restituitur
790 1702 944 1759 adiciendae
971 1704 1137 1777 exceptionis
1152 1711 1189 1764 tr<

171 1789 271 1861 gnatia:
296 1787 421 1843 dilatoria
447 1802 514 1842 uero
540 1787 564 1842 al
589 1801 644 1841 non
671 1786 759 1842 luerit
779 1803 862 1860 usus,
890 1804 923 1843 an
948 1789 974 1843 in
1001 1789 1139 1862 integrum

171 1871 354 1943 restituatur,
376 1871 524 1945 quaeritur.

237 1950 302 2016 126.
318 1956 456 2012 Interdum
471 1955 573 2025 euenit,
597 1961 630 2010 ut
644 1957 779 2029 exceptio,
801 1971 870 2028 quac
884 1957 969 2029 prima
986 1955 1054 2010 iacie
1070 1957 1139 2012 iusta

172 2040 312 2111 uideatur,
341 2041 433 2113 inique
455 2047 553 2095 noceat
574 2039 674 2095 actori:
703 2039 860 2113 quodcum
883 2038 995 2110 accidit,
1019 2039 1069 2094 alia
1093 2041 1139 2094 ad·

171 2124 289 2181 lectione
305 2140 374 2197 opus
395 2132 438 2179 est
456 2122 602 2179 adiurandi
624 2125 724 2180 actoris
744 2124 847 2197 gratia:
869 2137 937 2194 quae
960 2122 1076 2178 adiectio
1096 2140 1137 2178 re·

173 2208 285 2283 plicatio
302 2215 430 2282 uocatur,
454 2209 515 2281 quia
531 2225 581 2282 per
596 2224 653 2265 eam
669 2207 816 2283 replicatur
831 2214 912 2280 atque
931 2205 1081 2262 resoluitur
1096 2209 1138 2263 uis

175 2292 358 2365 exceptionis:
383 2308 442 2349 nam
459 2294 482 2348 si
500 2291 576 2349 uerbi
592 2294 679 2363 gratia
694 2299 790 2366 pactus
804 2294 856 2348 sim
872 2299 979 2362 tecum,
1001 2307 1036 2347 ne
1057 2309 1139 2366 pecu·

173 2376 261 2447 uiam,
283 2392 363 2451 quam
380 2378 444 2433 milri
460 2376 552 2450 debes,
575 2394 590 2433 a
606 2386 633 2433 tc
648 2386 784 2451 peterem,
804 2375 901 2433 deinde
918 2384 1016 2450 postea
1031 2378 1059 2433 in
1075 2394 1138 2434 con·

173 2461 284 2517 tranium
299 2463 372 2536 pacti
387 2464 483 2536 simus,
498 2462 525 2518 id
541 2470 591 2533 est,
608 2468 639 2518 ut
653 2469 747 2536 petere
762 2461 828 2516 mihi
843 2461 938 2532 liceat,
959 2470 1001 2533 ct,
1022 2465 1045 2516 si
1061 2477 1137 2535 agam

174 2552 281 2618 tecum,
300 2547 417 2621 excipias
439 2556 479 2619 tu,
503 2556 532 2603 ut
552 2548 588 2602 ita
609 2545 716 2602 demum
738 2544 803 2601 mihi
824 2545 1021 2616 condemneris,
1045 2548 1068 2602 ai
1083 2562 1137 2601 non

175 2633 350 2703 conuenerit,
375 2649 409 2688 ne
424 2649 482 2689 eam
498 2632 639 2706 pecuniam
660 2638 799 2704 peterem,
822 2638 904 2688 nocet
925 2631 991 2687 milri
1014 2632 1136 2705 exceptio

171 2719 243 2790 pacti
258 2719 403 2787 conuenti;
427 2732 543 2789 namque
557 2714 734 2772 nihilominus
752 2714 805 2772 hoc
823 2731 917 2772 uerum
933 2723 1034 2787 manet,
1058 2717 1136 2771 etlam

170 2801 194 2856 ai
213 2811 310 2876 postea
329 2803 356 2857 in
378 2802 541 2857 contrarium
562 2800 633 2873 pacti
653 2815 762 2869 sumus;
785 2798 833 2855 scd
856 2803 919 2873 quia
939 2800 1062 2873 iniquum
1085 2807 1136 2870 est,

171 2900 213 2941 me
242 2885 348 2943 excludi
375 2887 548 2959 exceptione,
575 2883 716 2957 replicatio
740 2883 804 2939 mihi
827 2883 907 2939 datur
929 2900 960 2940 ex
983 2885 1137 2957 posteriore

243 3082 264 3151 ¹)
280 3086 354 3137 Ilaec
375 3087 400 3136 0.
420 3095 445 3136 et
464 3088 521 3139 edd,
541 3103 592 3137 non
610 3086 719 3143 habenta
738 3088 808 3152 qaod
825 3104 886 3139 aero
901 3088 1057 3152 paulopost
1076 3094 1136 3136 ante

171 3170 225 3204 eum
236 3156 276 3204 det
289 3156 383 3206 labent
397 3172 453 3206 εει
464 3158 515 3219 sed,
530 3158 633 3207 videtur
648 3160 790 3223 aliquando
799 3175 834 3209 ear
848 3151 885 3224 isai
899 3165 1049 3223 corruptum
1059 3159 1136 3224 idque

170 3234 260 3277 noema
284 3229 341 3277 loco
365 3228 558 3277 restituendum.
625 3225 645 3295 ¹)
665 3229 700 3278 H.
720 3231 737 3278 l.
757 3230 787 3292 pi
802 3236 864 3294 post
884 3231 988 3279 coita-re
1006 3231 1137 3280 excidisse

165 3296 304 3360 probabile
318 3304 372 3354 ectr
390 3305 450 3348 onte
469 3307 517 3348 tam
536 3298 664 3349 deleted.
680 3299 728 3364 Bp.
803 3296 885 3366 ⁸)Sie
899 3317 968 3351 nanc
977 3316 1030 3365 pro
1045 3316 1099 3351 cum
1114 3308 1136 3349 et

172 3367 198 3416 0.
227 3376 252 3418 et
274 3370 379 3419 reiectis
402 3385 457 3419 mec
480 3371 641 3435 aliorumque
665 3373 708 3434 cij.
733 3387 802 3420 aare
822 3372 953 3435 facillimo
974 3374 1136 3423 correctione

169 3440 282 3503 aeripair
306 3454 359 3488 eum
379 3441 511 3506 intellepe‚
531 3457 603 3506 pacm
621 3443 730 3491 dixerat
744 3443 837 3505 priore
856 3448 880 3491 et
896 3444 1047 3507 posteriore
1065 3459 1135 3500 earu,

170 3524 234 3573 quoa
253 3512 432 3575 aliquomodo
451 3513 548 3562 diserte
566 3514 719 3579 aipnilirore
739 3512 821 3563 Gaias
838 3528 886 3563 auo
905 3529 975 3564 more
994 3523 1066 3567 certo
1086 3530 1135 3565 noa

169 3583 324 3644 supersedit.
345 3590 430 3632 utrum
443 3583 546 3634 scribor
559 3584 623 3648 quod
637 3584 658 3632 si
673 3599 707 3633 on
723 3584 809 3647 quodsi
819 3599 915 3648 porum
930 3586 1021 3648 refert.

169 3695 384 3706 ————-

242 3753 268 3826 ἓ.
289 3760 348 3810 125.
375 3761 631 3824 Cs.§§.tt.tt.12a.
656 3760 688 3812 L.
708 3773 729 3811 2.
754 3761 859 3810 areat.
876 3776 943 3810 reae.
963 3779 988 3811 n.
1000 3779 1029 3826 p.
1045 3760 1134 3829 (ΜΟ).

170 3828 202 3878 L.
223 3840 244 3880 8.
264 3842 297 3881 tt.
318 3843 351 3883 ts.
377 3832 402 3881 C.
422 3833 455 3881 de
473 3847 531 3881 eae.
551 3831 587 3896 (a,
606 3829 651 3895 aa).
725 3826 751 3898 ᾖ.
772 3833 831 3881 126.
847 3853 880 3873 =
891 3847 935 3896 pr.
952 3832 974 3881 1.
994 3834 1027 3883 de
1044 3835 1135 3899 reptio.

169 3897 207 3965 (⁴2
227 3900 271 3968 ¹⁴)-
