2378 4386
172 547 236 613 454
536 560 627 597 svsivs
644 561 774 600 eivssvs.

173 698 331 753 scholarum
350 713 431 749 usum
444 697 474 750 et
485 695 526 748 Pa
545 695 633 749 iniani
651 711 785 764 responsa
801 694 899 763 inclyti
911 694 1031 749 nominis
1044 696 1138 773 gratia

173 765 320 819 retinuisse
349 764 469 818 videtur.
538 765 550 815 t
575 763 640 816 huic
668 763 782 831 quidem
809 763 950 816 breviario
977 762 1137 816 Alariciano

172 832 349 953 potishimum
368 831 513 897 debemus,
532 846 602 897 quos
619 847 694 884 nunc
711 830 804 884 Paulli
822 831 1031 884 Sententiarum
1049 831 1137 884 libros

173 917 190 954 a
231 917 247 954 s
270 915 357 956 anius.

190 918 229 969 pp
241 967 383 1032 Quantam
400 967 511 1035 partem
529 982 563 1020 ex
577 967 610 1019 iis
622 964 765 1043 visigothi
777 982 856 1018 suam
870 965 997 1034 fecerint,
1018 982 1053 1020 ne
1072 982 1137 1021 eon·

172 1036 282 1089 iectura
298 1034 412 1103 quidem
430 1034 498 1087 satis
516 1035 595 1087 certa
612 1033 724 1087 definiri
742 1034 843 1102 potest.
873 1034 942 1087 Cum
961 1036 1056 1087 tamen
1070 1050 1136 1088 coii-

172 1103 237 1168 stet,
262 1118 296 1155 es
320 1101 516 1156 Theodosiano
540 1100 642 1155 Codice
665 1117 721 1154 nou
744 1101 864 1154 multum
889 1117 974 1168 supra
996 1101 1136 1155 decimam

171 1172 283 1239 partem
302 1184 349 1224 eos
367 1169 516 1223 retinuisse
536 1169 654 1238 (Hasnel
672 1168 761 1289 praef,
774 1169 810 1220 ad
822 1168 852 1220 L.
866 1169 944 1222 Rom.
957 1169 1015 1222 Vis.
1034 1187 1061 1238 p.
1076 1169 1133 1237 IX.)
1148 1184 1162 1238 p
1183 1194 1189 1218 ι

172 1253 303 1306 cunique.
322 1241 354 1291 ut
370 1238 423 1306 ipsi
443 1237 524 1290 aiunt
541 1237 633 1302 (initio
651 1237 671 1289 li
694 1237 850 1303 .1.tit.1.),
870 1253 905 1289 ea
922 1237 1032 1290 tantum
1046 1252 1080 1290 ex
1094 1237 1136 1290 bis

172 1304 327 1360 Sententiis
346 1305 457 1375 corpori
479 1321 530 1358 suo
555 1304 693 1358 voluerint
715 1305 836 1369 annecti,
856 1305 940 1371 ‘quae
959 1305 988 1357 in
1007 1304 1136 1358 Theodo-

173 1374 253 1427 siauo
267 1371 368 1428 Codice
385 1390 438 1442 pro
451 1371 616 1427 dirimendis
627 1373 726 1425 litibus
738 1387 794 1425 non
812 1372 995 1425 inveniuntur
1006 1372 1134 1437 inserta’,

172 1456 257 1510 segre
276 1441 374 1494 credas
396 1443 532 1495 maiorem
554 1441 666 1510 partem
689 1455 736 1494 eos
753 1438 851 1492 Paullo
874 1439 1027 1508 reliquisse.
1063 1439 1136 1493 Huic

171 1524 239 1562 vero
257 1509 279 1561 si
297 1508 448 1569 addideris.
467 1524 539 1575 quae
557 1509 707 1578 praeterea
723 1507 804 1561 nobis
823 1509 935 1560 servata
952 1510 1025 1572 sunt,
1044 1524 1080 1562 ne
1099 1508 1135 1561 ad

172 1579 303 1644 quartam
315 1575 429 1644 quidem
440 1579 550 1646 partem
561 1576 718 1654 pervenies,
729 1577 863 1641 quantam
874 1592 908 1629 ex
918 1576 1040 1642 genuino
1050 1591 1135 1644 opere

172 1643 283 1697 circiter
300 1660 445 1712 superesse
464 1644 657 1713 Schultingius
676 1642 748 1711 (init.
767 1644 862 1699 adnot.
886 1643 921 1696 ad
939 1643 1081 1706 Paullum)
1106 1645 1136 1696 et

172 1710 320 1766 Arndtsius
339 1712 440 1781 (Praei.
458 1729 486 1780 p.
504 1710 549 1775 Χ,)
570 1709 700 1763 arbitrati
717 1712 791 1769 sunt.

240 1777 295 1832 Sed
312 1780 400 1833 satius
418 1779 504 1833 fuerit
522 1793 669 1847 quaerere,
688 1794 724 1831 au
742 1794 777 1832 ea
794 1778 908 1843 saltem,
933 1793 1007 1844 quae
1025 1779 1054 1830 iii
1074 1779 1133 1832 bre·

171 1845 256 1900 vistis
269 1845 422 1901 Sententiis
439 1846 575 1914 legimus,
593 1845 706 1914 integra
722 1845 759 1899 ad
776 1863 827 1899 nos
838 1847 1028 1914 pervenerint.
1055 1845 1135 1910 Quod

174 1913 209 1967 de
227 1913 295 1981 ipsis
313 1915 460 1968 sententiis
477 1915 519 1966 ita
537 1913 676 1968 affirmare
695 1915 793 1980 ausim,
813 1915 845 1967 ut
857 1913 984 1968 consulto
998 1913 1045 1966 vix
1059 1913 1135 1980 quic-

171 1998 258 2049 quam
276 1985 415 2036 mutatum
435 1982 470 2035 ab
482 1981 586 2035 Alarici
603 1980 790 2049 prudentibus
808 1984 916 2049 putem,
934 1982 987 2034 nisi
1000 1982 1063 2048 ipsa
1074 1981 1135 2035 bre·

171 2049 295 2103 viations
315 2065 348 2103 eo
365 2050 600 2118 perducerentur,
626 2051 658 2101 ut
681 2048 767 2103 etiam
790 2051 940 2103 mutarent.
976 2048 1036 2103 Nec
1061 2048 1135 2101 euim

171 2115 370 2170 mutandarum
389 2118 484 2194 legum
503 2115 554 2169 sed
571 2115 765 2183 eligendarum
783 2118 955 2185 potestatem
975 2134 1023 2171 rex
1041 2116 1075 2168 iis
1088 2116 1136 2169 de·

171 2183 262 2260 derat,
285 2185 317 2261 ut
339 2183 398 2302 ipse
422 2201 451 2237 in
475 2183 700 2261 Commonitorio·
717 2184 848 2251 testatur,
877 2185 907 2237 et
932 2185 956 2237 si
983 2185 1136 2238 sententiaa

170 2252 279 2319 pariter
295 2267 325 2302 ιιι
368 2251 488 2305 ieviario
507 2252 537 2305 et
553 2251 584 2303 iri
600 2250 756 2305 Collatione
778 2251 824 2304 vel
843 2250 1052 2306 Consultatioue
1078 2269 1134 2306 ser·

170 2320 251 2370 vates
273 2319 424 2373 contuleris
448 2323 528 2387 (quas
552 2318 660 2373 Haenel
678 2319 695 2375 l.
715 2335 739 2375 o.
764 2322 822 2372 not.
847 2325 888 2372 27.
912 2320 1052 2388 collegit),
1079 2336 1135 2374 non

172 2384 243 2439 alias
260 2401 290 2439 re
314 2385 400 2440 eteris
422 2386 639 2456 discrepantias,
677 2402 743 2440 uam
762 2401 834 2453 quae
857 2386 1036 2439 librariorum
1060 2387 1136 2441 vitiis

171 2403 358 2530 probabiiiter
376 2454 561 2508 tribuantur.¹
580 2403 725 2507 latorium
744 2470 811 2508 vero
824 2455 1034 2523 excerptionem
1048 2456 1135 2510 etiam

171 2523 358 2576 mutationem
378 2524 504 2577 secutam
527 2538 586 2577 esse
609 2521 689 2576 velut
711 2537 747 2575 ex
767 2521 788 2578 1.
809 2530 829 2578 1.
849 2527 889 2586 ἓξ.
907 2530 931 2575 2.
951 2531 975 2576 3.
994 2522 1014 2575 1.
1034 2530 1050 2578 9
1069 2528 1091 2587 5.
1110 2529 1135 2576 i.

171 2588 206 2646 ΙΙ.
225 2595 265 2643 96.
285 2595 308 2654 ξ.
327 2597 350 2646 7.
368 2591 417 2645 ΙΙΙ.
435 2597 459 2646 6.
478 2596 502 2655 ς.
522 2597 560 2645 is,
580 2589 689 2644 collatis
708 2605 771 2642 cum
794 2589 894 2642 iisdem
913 2591 1061 2644 sententiis
1079 2590 1135 2644 alio

171 2657 255 2712 modo
273 2658 309 2711 ad
327 2675 377 2712 nos
394 2659 511 2728 perlatis
530 2657 626 2737 colligi
643 2658 747 2726 potest.
776 2656 839 2710 Alia
857 2657 970 2710 omnino
990 2660 1136 2713 causaest

170 2725 327 2780 titulorum.
362 2726 437 2806 Quos
460 2727 572 2794 quidem
596 2743 690 2794 ipsum
713 2725 844 2803 Paullum
870 2725 985 2805 sisigulis
1008 2724 1135 2804 materiis

170 2792 803 2940 iiitriturabitur„iiiliii,
820 2793 1134 2939 iilitllaliitt

170 2944 254 2996 quam
279 2934 308 2982 in
331 2929 394 2982 aliis
417 2929 555 2982 similibus
577 2928 656 2981 libris
677 2944 729 2982 neo
751 2926 836 2981 inodo
854 2928 959 2982 Alarici
981 2930 1135 2998 prudentes

170 2995 221 3048 sed
240 2996 325 3049 etism
345 2997 451 3050 librarii
469 2997 638 3050 vetustiores
652 2998 681 3049 et
692 2995 863 3064 posteriores
875 2997 917 3049 ita
948 2996 1047 3049 resecti
1060 2997 1134 3058 sunt,

172 3065 205 3115 ut
222 3062 257 3115 de
276 3078 374 3116 eorum
393 3064 515 3141 genuina
528 3063 599 3116 facie
611 3063 787 3116 restituenda
801 3079 915 3131 prorsus
927 3014 1132 3138 Hesperaudum

170 3130 227 3182 sit.²
256 3129 313 3183 Hos
332 3145 396 3183 vero
414 3147 436 3183 si
456 3130 608 3208 exceperis,
626 3131 655 3183 in
675 3131 737 3184 crisi
756 3131 914 3185 exercenda
930 3130 1000 3184 nibil
1016 3127 1132 3250 guidem

171 3197 274 3261 obstat,
293 3212 349 3263 quo
367 3197 459 3249 minus
478 3200 507 3250 et
523 3215 552 3249 iii
570 3196 623 3248 hoc
636 3213 732 3265 opere,
744 3198 819 3265 quod
832 3199 893 3266 ipso
905 3196 1003 3253 Paullo
1036 3197 1133 3266 ignum

170 3263 215 3327 sit,
234 3279 268 3316 ex
287 3263 427 3330 scriptura
448 3264 529 3316 nobis
551 3263 658 3317 tradita
680 3265 792 3319 efficere
815 3281 959 3319 conemur:
983 3267 1016 3320 ut
1038 3270 1134 3319 tamen

171 3346 227 3384 non
247 3345 343 3383 omnes
360 3329 436 3384 locos
455 3330 507 3384 boc
525 3331 610 3384 modo
628 3334 722 3387 sanari
739 3348 821 3402 posse
834 3350 986 3402 speremus.
1016 3332 1054 3386 Et
1066 3333 1136 3388 haec

170 3399 217 3452 lex
235 3398 334 3451 critico
354 3397 422 3450 data
438 3400 519 3452 tauto
537 3400 627 3452 maius
644 3399 732 3454 habet
748 3403 933 3467 momentum,
952 3402 1027 3467 quod
1044 3400 1135 3454 Paulli

171 3464 339 3532 Sententiae,
357 3481 422 3519 cum
440 3467 562 3520 maxime
576 3465 641 3521 iude
660 3483 678 3520 a
689 3468 782 3522 seculo
796 3469 895 3536 quinto
908 3485 992 3536 quam
1007 3469 1136 3537 plurimis

244 3630 263 3701 ¹)
279 3634 312 3684 De
326 3636 355 3684 ll.
372 3647 405 3687 aa.
425 3636 448 3697 5.
464 3648 484 3688 ι.
500 3636 554 3686 coll.
570 3652 624 3687 cum
638 3636 721 3685 Collai.
738 3636 773 3686 lv.
789 3649 822 3687 ia.
843 3639 865 3699 ξ.
880 3650 899 3689 6.
928 3639 959 3686 sd
976 3639 1041 3687 illum
1056 3639 1134 3688 locuni

169 3706 280 3755 diximus.
343 3702 364 3772 ²)
380 3707 414 3756 Cl.
431 3721 465 3756 es.
481 3723 515 3770 gr.
530 3707 558 3756 ll.
573 3720 606 3760 ao·
628 3708 665 3756 ΙΙΙ.
681 3706 725 3756 cB.
741 3708 806 3758 ils.
822 3720 842 3759 ι,
863 3708 888 3756 l'.
904 3721 937 3758 io.
953 3720 987 3759 si.
1008 3710 1134 3759 Praeterea

170 3777 216 3826 vicl.
233 3777 312 3830 Cuisc.
328 3778 358 3827 ud
373 3779 397 3827 V.
414 3789 461 3840 au,
481 3778 612 3841 Schulling.
628 3778 657 3826 ad
673 3778 765 3828 initium
780 3778 833 3829 libri
854 3781 937 3843 primi,
958 3780 1097 3830 lleiuibnch.
1111 3780 1135 3828 in

170 3848 292 3898 Gersdorl.
309 3849 404 3914 Reperi.
420 3850 484 3913 lips.
501 3861 561 3902 ists.
582 3850 621 3899 lll.
636 3864 660 3912 p.
676 3860 715 3900 ise
729 3863 793 3913 seq.,
813 3849 910 3898 llucuel.
926 3851 1027 3900 Prasiai.
1044 3851 1073 3900 ad
1089 3852 1133 3914 leg.

170 3921 237 3970 iloni.
254 3920 301 3970 l'is.
317 3937 340 3984 p.
357 3922 415 3971 xvii
430 3935 481 3984 seq.
