2378 4386
748 89 767 96 ,
787 86 793 91 .

414 548 450 582 ns
468 547 580 585 nnoravs
598 547 677 583 nmen
694 547 724 582 11.
1005 538 1045 596 55

85 690 143 733 mos
159 682 269 731 teneros
284 680 366 747 etque
380 673 475 730 molles
490 673 604 730 induere
619 689 699 747 quam
714 674 805 729 uarios
825 672 938 729 canendi
952 688 1046 730 sonos.

86 775 201 833 quorum
221 757 273 815 dici
297 759 341 813 uis
363 767 455 832 potest
477 767 576 832 quanta
599 761 634 814 sit
654 760 696 814 uis
717 758 745 814 in
765 766 908 830 utramque
929 765 1047 830 partem:

85 859 199 915 namque
223 851 251 898 et
272 843 366 898 incitat
387 841 548 915 languentes
571 851 598 898 et
617 841 781 916 langueiacit
801 843 929 897 excitatos
945 849 973 897 et
989 849 1046 896 tum

85 928 198 983 remittit
213 927 327 996 animos,
348 933 405 982 tum
421 927 565 997 contrahit,
581 927 777 999 ciuitatumque
792 925 844 983 hoc
859 924 1002 980 multarum
1018 926 1047 981 ln

86 1009 194 1066 Graecia
209 1009 342 1081 interfuit,
359 1011 496 1082 antiquom
512 1026 609 1067 uocum
621 1025 781 1066 conseruare
792 1010 915 1077 modum;
932 1025 1046 1082 quarum

85 1110 174 1149 mores
195 1093 262 1166 lapsi
283 1093 315 1149 ad
336 1087 476 1149 mollitias¹
500 1089 630 1168 (mollitis)
652 1095 752 1167 pariter
767 1100 830 1149 sunt
845 1094 969 1150 inmutati
985 1109 1046 1150 cum

86 1176 220 1247 cantibus,
241 1185 287 1232 aut
308 1177 359 1234 hac
382 1176 525 1235 dulcedine
547 1177 754 1250 corruptelaqnc
770 1176 926 1250 deprauati,
942 1186 971 1233 ut
987 1177 1045 1250 qui-

86 1258 146 1316 dam
161 1269 275 1334 putant,
291 1270 347 1329 aut,
362 1277 423 1316 cum
437 1263 571 1317 seueritas
586 1276 681 1317 eorum
697 1260 731 1315 ob
745 1261 795 1316 alia
811 1262 877 1316 uitia
892 1260 1045 1332 cecidisset,

86 1351 143 1400 tum
165 1344 217 1400 luit
239 1346 266 1400 in
288 1343 398 1400 auribus
420 1346 569 1417 animisque
590 1345 699 1399 mutatis
721 1345 800 1398 etiam
821 1344 885 1399 huic
905 1344 1046 1399 mutationi

85 1426 171 1489 locus.
216 1424 265 1485 89.
287 1444 366 1501 quam
382 1427 415 1483 oh
434 1443 489 1482 rem
511 1427 557 1482 ille
571 1427 680 1499 quidem
695 1427 909 1498 sapientissimus
924 1426 1047 1483 Graeciae

86 1513 127 1567 uir
148 1511 288 1583 longeque
310 1501 483 1565 doctissimus
507 1509 584 1563 ualde
607 1508 675 1563 hanc
696 1507 783 1563 labem
812 1515 937 1576 ueretur;
965 1517 1047 1582 negat

84 1596 156 1650 enirn
171 1594 271 1647 mutari
289 1606 371 1664 posse
393 1592 508 1646 musicas
522 1590 599 1663 teges
613 1592 671 1644 sine
687 1591 834 1646 mutatione
850 1589 940 1663 legum
960 1590 1047 1666 publi·

84 1692 188 1734 carum.
219 1690 272 1746 ego
289 1681 378 1729 autem
392 1688 443 1728 nec
458 1680 513 1728 tam
527 1673 606 1728 ualde
622 1671 648 1728 id
665 1673 810 1729 timendum
826 1689 876 1730 nec
889 1675 967 1748 plane
982 1693 1047 1733 con·

85 1756 262 1815 temnendum
282 1765 359 1830 puto.
391 1755 458 1813 illud
478 1757 585 1830 quidem
606 1754 721 1832 (uedeo),
740 1773 810 1831 quac
824 1757 946 1814 solebant
961 1776 1047 1832 quon·

84 1842 146 1899 dam
168 1840 290 1914 conpleri
311 1842 457 1896 seueritate
471 1840 586 1897 incunda
608 1839 724 1898 Liuianis
746 1848 774 1897 et
785 1840 926 1897 Naeuianis
948 1842 1044 1915 modis,

84 1943 157 1983 nunc
173 1932 203 1981 ut
219 1924 311 1981 eadem
328 1923 449 1981 exultent
463 1933 492 1982 et
505 1926 625 1983 ceruices
642 1926 791 1999 oculosque
805 1927 906 2000 pariter
917 1943 977 1983 oum
989 1943 1046 1983 mo·

85 2010 180 2066 dorum
203 2007 362 2065 flexionibus
385 2017 540 2083 torqueant.
584 2011 707 2084 grauiter
728 2011 792 2066 oiim
813 2012 866 2066 ista
894 2010 1046 2068 uindicabat

85 2101 165 2150 uetus
186 2093 232 2149 illa
255 2093 372 2164 Graecia,
395 2094 479 2168 longe
501 2094 666 2167 prouidens,
689 2110 768 2167 quam
790 2096 890 2150 sensim
912 2097 1045 2167 pernicies

25 2209 30 2218 ,
83 2177 185 2251 inlapsa
201 2179 301 2233 ciuium
316 2179 419 2234 animos
435 2177 511 2234 malis
526 2179 622 2234 studim
639 2177 769 2251 malisque
784 2177 915 2232 doctrinis
933 2188 1047 2250 repente

87 2267 158 2316 totas
173 2262 294 2317 ciuitates
309 2268 459 2332 euerteret,
473 2263 496 2317 si
512 2261 620 2335 quidem
635 2261 681 2317 illa
695 2277 791 2318 seuera
806 2259 970 2317 Lacedaemo
985 2277 1046 2317 ner·

86 2358 138 2398 uos
153 2344 241 2414 iussit,
261 2361 315 2417 quo
330 2345 424 2419 plures
439 2361 518 2418 qnam
534 2355 638 2419 septem
654 2344 776 2417 haberet,
791 2347 819 2400 in
835 2345 970 2401 Timothei
985 2342 1044 2402 lidi·

86 2424 137 2482 bus
152 2426 242 2484 incidi.

150 2509 215 2568 xvt.
238 2506 290 2568 40.
314 2512 443 2586 Deinceps
458 2513 485 2566 in
501 2511 562 2585 lege
577 2518 630 2581 est,
646 2521 675 2566 ut
690 2510 724 2566 de
739 2509 835 2567 ritihus
850 2513 943 2585 patriis
954 2512 1046 2569 colen·

85 2602 131 2650 tur
153 2597 272 2668 optumi:
296 2595 329 2651 de
351 2612 406 2669 quo
429 2612 489 2651 cum
512 2594 685 2650 consulerent
701 2594 879 2649 Athenienses
895 2595 1047 2668 Apollinem

84 2677 221 2752 Pythium,
237 2695 303 2752 quas
318 2680 488 2752 potissimum
503 2677 651 2750 religiones
663 2684 797 2746 tenerent,
813 2677 932 2732 oraclum
944 2675 1046 2734 editum

86 2769 129 2818 cst
151 2760 217 2833 ‘eas,
240 2779 310 2837 quae
331 2771 423 2819 essent
446 2764 472 2819 in
495 2777 570 2817 more
592 2759 744 2816 maiorum’.
787 2775 842 2833 quo
865 2776 926 2815 cum
947 2759 1046 2817 iterum

86 2845 224 2901 uenissent
245 2848 430 2920 maiorumque
451 2863 554 2902 morem
577 2844 708 2901 dixissent
729 2859 810 2918 saepe
831 2860 892 2900 esse
913 2850 1046 2901 mutatum

85 2930 317 3005 quaesissentque,
335 2947 414 3005 quem
429 2946 531 2986 morem
546 2931 717 3004 potissimum
732 2937 912 3003 sequerentur
927 2931 1043 3003 suariis,

82 3013 224 3088 respondit
245 3012 421 3088 ‘optumumt
457 3021 484 3069 et
497 3014 622 3087 prolecto
637 3015 674 3069 ita
689 3021 740 3084 est,
756 3022 787 3069 ut
801 3013 827 3069 id
844 3012 995 3071 habendum
1010 3017 1046 3071 sit

83 3099 300 3172 antiquissimum
316 3106 344 3155 et
355 3097 406 3154 deo
421 3095 583 3172 proximum,
599 3097 672 3170 quod
687 3099 723 3153 sit
739 3105 891 3172 optumum.

25 3253 29 3261 ι
146 3180 251 3254 Stipem
266 3183 427 3240 sustulimus
439 3183 491 3237 nisi
508 3197 573 3251 eam,
592 3197 671 3254 quam
682 3180 714 3236 ad
726 3197 827 3255 paucos
839 3183 895 3237 dies
908 3183 1044 3256 propriam

82 3263 174 3322 idaeae
189 3265 279 3322 Matris
295 3267 465 3340 excepimus3
486 3265 580 3339 implet
600 3266 671 3321 enim
686 3267 880 3339 superstitione
898 3267 1001 3322 animos
1018 3274 1044 3323 et

83 3349 205 3406 exhaurit
219 3343 340 3406 domus²

145 3432 286 3506 Sacrilego
307 3449 395 3508 poena
415 3441 466 3503 est,
488 3449 576 3507 neque
591 3435 615 3489 ei
629 3431 692 3503 soli,
708 3434 754 3505 qui
769 3449 875 3490 sacrum
890 3431 1044 3504 abstulerit,

155 3577 176 3648 ¹)
196 3582 237 3631 sic
251 3579 302 3630 AB
318 3583 450 3632 mollitiam
468 3580 563 3630 mollitis
584 3580 623 3629 ed.
644 3580 674 3628 V.
709 3575 730 3644 ²)
746 3580 895 3630 Memor-iter
915 3579 979 3629 haec
998 3595 1044 3628 nec

82 3659 207 3703 accurate
220 3649 293 3701 Sero.
309 3651 345 3700 ad
358 3651 424 3700 Aen.
438 3662 459 3710 e,
473 3662 521 3702 ers.
537 3651 574 3700 ita
587 3650 734 3699 reddidisse
744 3651 879 3713 putandus
892 3655 943 3698 est:
962 3648 1044 3697 Cicero

82 3723 116 3773 ait
129 3724 154 3772 in
168 3723 237 3772 libris
251 3723 343 3784 legum:
360 3719 463 3784 ‘Stipem
474 3721 601 3784 prohibeo:
616 3734 670 3770 nam
685 3728 755 3781 auget
769 3719 963 3783 superstitionem
972 3726 1045 3766 etex·

82 3792 159 3844 haurit
173 3789 280 3843 dornos’.
301 3791 365 3843 Nam
375 3808 441 3858 quae
450 3799 592 3856 sequuntur
602 3791 684 3853 ilignis
694 3790 766 3851 igitur
775 3790 919 3851 largiendum
930 3794 975 3848 est,
990 3789 1045 3849 ipse

82 3862 190 3915 Sestos
204 3865 307 3914 uidetur
321 3864 467 3914 adnotasse.
