2378 4386
405 543 466 579 nem
485 542 588 579 rnerrr.
601 521 656 579 iv.
674 528 782 582 39-43.
1009 526 1074 593 359

110 685 244 744 musculus
266 703 316 760 per
335 685 550 760 adrogationes,
571 686 671 743 desinit
690 687 749 742 iure
771 684 844 743 ciuill
864 683 963 742 debere
983 683 1073 756 uobis,

110 789 161 828 uec
175 771 280 827 directo
297 770 398 827 intendi
414 781 516 844 potest,
532 773 583 829 eidi
598 772 661 827 dere
677 788 738 827 eum
755 787 848 828 eumue
864 779 1008 846 oporterc3
1024 768 1073 826 sed

111 875 145 912 ne
168 858 194 912 in
215 864 352 929 potestate
367 858 425 911 eius
446 858 481 912 sit
501 859 542 911 ius
559 864 684 912 nostrum
704 872 896 930 corrumpere,
917 854 1073 912 introducta

110 950 153 996 est
167 950 262 997 contra
277 957 337 996 eum
353 956 448 997 eamne
460 942 530 996 actio
541 940 626 1010 utilis,
641 942 755 997 rescisse
768 942 865 1014 capitis
876 940 1073 1012 deminutione,

111 1025 137 1081 id
153 1034 205 1089 est,
220 1027 247 1080 in
264 1041 316 1098 que
332 1024 444 1098 fingitur
458 1026 547 1097 capite
566 1024 720 1081 deminutus
742 1025 915 1083 deminutnue
930 1042 984 1081 non
1001 1041 1072 1082 esse.

173 1105 223 1168 39.
247 1109 341 1165 Partes
370 1120 458 1166 autem
487 1108 664 1165 formularum
693 1103 885 1183 'praecipuae¹
918 1111 967 1165 liae
993 1117 1072 1166 sunt:

110 1195 321 1263 demonstratio,
343 1195 473 1257 intentio,
501 1193 678 1262 adiudicatio,
704 1194 904 1249 condemnatio.
941 1191 993 1253 40.
1025 1194 1074 1250 lle·

111 1280 271 1334 monstratio
293 1286 336 1333 est
351 1295 381 1333 ea
405 1296 466 1351 pers
482 1278 628 1346 formulae,
652 1293 720 1350 quse
736 1276 796 1333 ideo
811 1280 954 1351 inseritur,
975 1287 1006 1332 ut
1026 1277 1073 1332 de·

111 1371 279 1419 monstretur
302 1380 362 1432 res,
386 1363 419 1417 de
441 1380 493 1435 qua
516 1364 623 1435 agitur,
652 1360 728 1416 uelut
757 1360 823 1416 haec
845 1377 905 1434 pars
929 1360 1074 1417 iormuloe:

110 1464 195 1512 ovoo
223 1462 323 1504 uvuvs
353 1461 490 1503 nonnius
512 1460 653 1503 numunro
675 1459 809 1502 uenturo
832 1460 978 1501 uournmu
1000 1461 1073 1503 vnu-

109 1548 215 1600 o1o1n‚
233 1532 297 1584 item
314 1531 395 1585 haec:
417 1546 501 1595 oron
518 1544 618 1585 uvuvs
634 1543 769 1585 ncunrvs
786 1522 1076 1606 (immurmurarent

108 1631 267 1673 unerorvu
295 1628 440 1671 noumnm
466 1628 633 1671 omroomr.
683 1610 728 1671 41.
752 1613 870 1668 Intentio
892 1622 934 1669 cst
956 1630 986 1668 es
1012 1629 1075 1687 pars

109 1698 259 1765 formulae,
281 1690 351 1769 qua²
373 1707 448 1753 ector
468 1697 630 1754 desiderium
652 1714 730 1754 suum
747 1697 900 1769 concludit,
918 1698 994 1755 uelut
1009 1698 1075 1755 hoec

109 1801 171 1859 pars
188 1781 334 1838 formulae:
352 1797 380 1838 s1
392 1797 503 1852 runnu,
516 1799 679 1840 urunnsvu
692 1798 849 1840 nnnrorvu
861 1798 942 1841 nvuo
957 1798 1074 1842 sonoro

109 1884 307 1926 sennensium
328 1885 348 1923 x
371 1883 462 1924 orrum
484 1884 568 1924 oneo
591 1883 770 1941 osonum,
795 1869 858 1922 item
883 1867 961 1924 llaec:
985 1884 1074 1933 orro-

110 1969 185 2019 ovro
208 1969 311 2009 rouen
333 1968 498 2010 nrmunrvu
513 1968 671 2011 nuororvns
691 1968 773 2011 nvuo
788 1967 906 2009 Anemo
921 1969 1005 2010 onere
1021 1967 1074 2009 rn-

111 2052 189 2094 onne
211 2029 416 2115 (oecurren);
439 2039 504 2094 item
528 2038 606 2093 haec:
629 2053 658 2095 sr
683 2055 801 2106 einer,
827 2053 973 2096 uourunor
997 2035 1074 2109 ²(er-

57 2138 99 2190 nn]
114 2116 222 2190 curml³
243 2139 283 2178 nx
307 2139 381 2179 rone
405 2138 572 2187 ovrnrrrvor
594 2138 667 2181 svm
690 2137 801 2180 noenu
824 2137 911 2183 esse.
951 2117 1001 2179 42.
1022 2121 1075 2176 lid·

112 2205 238 2261 iudicatio
262 2215 303 2262 est
325 2222 355 2261 en
386 2223 448 2281 pars
476 2206 625 2277 lormulne,
651 2223 703 2280 qua
726 2207 894 2279 permittitur
915 2207 995 2263 iudici
1018 2221 1074 2261 rem

112 2288 189 2344 alicui
218 2305 249 2344 eu
276 2290 461 2366 litigatoribus
484 2290 649 2365 adiudicare,
679 2291 754 2347 uelut
783 2293 805 2347 si
832 2292 904 2349 iuter
926 2291 1074 2349 coheredes

112 2373 226 2429 familiae
247 2376 423 2432 erciscundae
443 2384 554 2448 egetur,
577 2384 623 2432 aut
642 2377 714 2432 inter
735 2377 824 2433 socios
847 2380 984 2434 communi
1006 2375 1073 2433 diui·

111 2457 213 2528 dundo,
229 2469 274 2514 eut
289 2461 359 2516 inter
374 2462 478 2516 uicinos
493 2459 585 2516 finium
601 2461 800 2533 regundorum:
817 2479 878 2518 num
894 2462 950 2518 lllic
964 2465 1001 2518 ita
1017 2470 1074 2516 est:

112 2558 259 2607 oneum
280 2560 466 2602 sorvorcnnr
490 2560 652 2613 oeonrur,
682 2562 792 2614 moes,
819 2545 880 2601 ’cnr
903 2538 1076 2614 oronrnr,⁴

112 2642 314 2695 nomnrcnro.
359 2625 407 2686 43.
430 2629 625 2686 condemnatio
648 2638 690 2684 est
713 2644 743 2684 ea
766 2645 828 2701 pers
852 2628 999 2698 formulae,
1023 2644 1074 2700 qua

185 2741 204 2808 ι)
221 2746 349 2809 praecipue
366 2745 391 2795 G.
411 2744 464 2795 Sed
476 2747 540 2796 daec
555 2761 607 2796 vox
620 2760 655 2794 en
669 2761 691 2792 o.
707 2756 742 2801 12,
759 2742 803 2792 odi
818 2745 844 2790 in
862 2743 887 2793 C.
902 2749 927 2790 et
942 2743 1000 2793 edd.
1015 2749 1075 2791 ante

113 2814 166 2862 ideo
186 2817 281 2880 lepitnr
298 2824 324 2865 et
337 2818 390 2865 nisi
408 2832 464 2866 cum
478 2816 552 2866 Stud.
568 2819 624 2879 ipso
643 2816 723 2865 invito
739 2813 855 2863 emendes
876 2813 1008 2875 principio,
1028 2814 1074 2861 od·

113 2885 212 2934 modum
226 2888 329 2937 molesto
344 2895 382 2937 est
396 2888 488 2951 (quere
503 2888 539 2937 idi
553 2890 673 2937 lacunam
687 2885 762 2935 tradet
776 2883 826 2934 Kr.
841 2884 881 2933 ed.
896 2882 929 2948 t),
944 2884 1005 2933 duic
1020 2885 1076 2934 loco

115 2954 147 3018 (o.
157 2954 202 3020 to),
217 2956 260 3006 ubi
269 2958 442 3017 desideratur,
457 2960 618 3009 restituenda
628 2965 693 3007 erat.
715 2957 771 3007 Non
783 2957 898 3020 loquitur
910 2955 991 3004 Gaius
1001 2971 1024 3005 o.
1033 2971 1075 3021 pr.

113 3026 145 3075 de
158 3030 321 3091 exceptione,
338 3030 370 3078 de
384 3032 568 3092 replicatione,
587 3030 794 3093 compensatione
813 3035 837 3076 et
855 3042 919 3090 quoe
936 3036 1075 3090 praeterea

109 3106 201 3159 partes
214 3115 265 3150 non
280 3101 363 3163 ipsius
377 3102 490 3151 actionis
500 3102 628 3164 propriae
642 3107 710 3150 eunt.
773 3096 794 3160 ¹)
811 3099 849 3161 Cf.
866 3094 971 3148 ‘Gaius’
985 3116 1011 3163 p.
1028 3111 1075 3151 ros.

116 3163 136 3232 ³)
145 3168 177 3218 In
185 3171 237 3233 fine
248 3186 338 3220 nerem
347 3173 447 3229 addidi,
462 3188 519 3221 cum
528 3172 600 3222 domo
611 3173 771 3236 penereliter
780 3171 913 3220 uindicari
926 3187 975 3221 non
983 3172 1074 3234 possit.

113 3235 237 3308 [rnorem]
248 3243 288 3290 ed.
299 3241 347 3307 Bp.
358 3254 378 3293 t.
392 3245 465 3300 mule,
475 3259 532 3292 cum
542 3242 611 3294 Eros
621 3246 647 3292 in
658 3244 783 3305 exemplis
791 3243 931 3292 secundnm
940 3244 1023 3292 locum
1033 3241 1075 3291 ob-

113 3312 201 3364 tineat.
219 3312 317 3362 Omittit
324 3312 374 3363 Kr.
384 3315 424 3363 ed.
435 3325 455 3362 t.
508 3310 529 3378 ⁴)
544 3315 596 3362 titio
609 3314 634 3363 C.
645 3315 703 3363 edd.
713 3329 785 3364 rrrro
796 3321 856 3375 inrr
865 3314 929 3376 erro)
938 3315 977 3362 ed.
987 3329 1041 3362 mea
1055 3326 1074 3362 1.

113 3379 165 3430 Sed
173 3399 205 3432 ne
214 3384 263 3434 doc
273 3386 373 3448 quidem
383 3393 461 3434 recte.
483 3384 557 3434 Nunc
564 3386 661 3434 dentum
669 3386 733 3443 uidi,
743 3385 900 3447 tiliofactum
907 3400 961 3433 esse
970 3398 1004 3433 ex
1012 3384 1075 3433 colo.

183 3486 210 3557 ξ.
226 3492 267 3541 39.
286 3491 324 3539 De
339 3491 555 3541 demonstratione
570 3498 594 3540 et
609 3492 749 3541 intentione
764 3489 1074 3553 cfiSclrol.Bue.11,1,t.

113 3553 138 3626 §-
153 3561 196 3610 40.
214 3561 252 3622 Cf.
266 3561 356 3612 Collat.
367 3574 387 3624 2,
398 3575 418 3613 o.
433 3565 456 3624 §-
467 3573 487 3613 2.
503 3562 562 3626 ibiq.
581 3563 611 3610 P.
629 3561 760 3611 Pithoeus.
816 3557 841 3628 ἦ.
852 3563 895 3611 41.
913 3561 950 3623 i'f.
965 3560 1016 3609 Cic.
1023 3573 1075 3623 pro

115 3628 190 3681 Rosc.
203 3632 270 3682 Com.
280 3644 301 3682 4.
312 3635 336 3694 ς.
347 3646 380 3683 11.
400 3634 487 3682 Dicin.
501 3645 532 3683 rr.
543 3636 566 3695 ς.
578 3646 610 3684 no.
630 3632 706 3681 Verr.
717 3632 753 3680 11.
764 3643 785 3692 2,
796 3644 828 3683 12.
840 3634 863 3692 ξ.
874 3644 908 3682 o1.
924 3643 944 3690 s,
955 3641 980 3680 eo
987 3645 1030 3692 pr.
1042 3640 1074 3679 re.

112 3701 136 3761 ἕ.
146 3713 180 3753 os.
199 3701 331 3767 Tdeopdil.
341 3717 363 3765 t,
373 3717 393 3755 o.
409 3706 431 3766 ξ.
442 3716 462 3755 o.
479 3704 544 3752 Lex.
559 3703 637 3753 Rubr.
649 3714 683 3755 to.
694 3699 813 3767 (‘Gatuc'
821 3718 849 3766 p.
860 3700 920 3763 too.)
934 3700 1076 3763 Boeckinp.

113 3772 149 3819 ad
161 3772 186 3823 t.
202 3775 218 3823 i.
235 3788 258 3823 or
272 3770 365 3841 renen]
381 3776 416 3838 cs.
433 3775 499 3825 Fert.
515 3791 537 3823 u.
554 3774 650 3823 Pars-et
665 3789 693 3836 p.
708 3784 755 3824 tto.
784 3774 890 3822 Petron.
904 3770 960 3819 Sat.
976 3781 1023 3819 ist.

113 3836 139 3907 ἦ.
153 3845 196 3894 42.
218 3844 257 3907 Cf.
272 3846 295 3906 §-
310 3856 343 3896 20.
364 3845 385 3893 I.
401 3846 433 3894 de
448 3852 498 3896 oct.
514 3843 545 3908 (n,
560 3845 592 3910 c).
612 3846 652 3905 §i-
663 3855 732 3893 r-c.
753 3843 775 3891 I.
791 3844 823 3891 de
837 3843 905 3904 offic.
919 3840 971 3887 tud.
987 3839 1019 3900 (c,
1035 3836 1078 3900 rr).

117 3911 172 3976 Uip.
188 3927 222 3978 ro,
237 3927 270 3966 re.
326 3912 351 3983 ξ.
367 3919 410 3967 43.
432 3917 470 3979 Cs.
486 3918 525 3978 §i-
539 3926 636 3966 m-ss.
651 3924 685 3964 m.
701 3925 734 3963 es.
750 3926 783 3964 rs.
804 3913 863 3959 Lex
880 3908 959 3956 liuor.
973 3922 995 3956 c.
1010 3918 1044 3956 so.
