2378 4386
300 528 404 566 nourrrr
421 528 641 566 munerarent.
661 510 747 565 xxii.
766 516 892 566 hl-w.
1010 471 1074 578 59&

125 660 281 717 nominatim
303 658 459 715 exheredari
483 658 577 727 debet3
605 658 704 732 reliqui
724 660 766 714 sui
793 658 905 716 heredes
933 657 1076 732 utriusque

125 761 205 802 sexus
221 753 267 799 aut
289 744 445 800 nominatim
469 752 515 799 out
529 745 600 799 inter
616 752 730 800 ceteros.
772 737 815 799 21.
838 742 983 799 Postumus
1004 740 1075 799 titius

126 831 280 885 nominatim
296 826 498 882 exheredandus
515 835 571 894 est3
595 825 647 881 hila
663 837 787 900 postuma
803 835 967 900 ceteraeque
982 835 1077 900 postu·

125 929 183 968 mue
199 912 310 967 feminae
327 910 370 966 uei
385 912 540 966 nominatim
556 910 599 966 uel
616 912 686 966 inter
701 921 821 983 ceteros3
842 909 988 967 dummodo
1006 912 1077 966 inter

124 1005 231 1053 ceteros
247 994 416 1051 exheredatis
431 993 531 1066 ahquid
547 993 663 1066 tegetur.
700 990 748 1052 22.
765 993 882 1067 Nepotes
900 1004 926 1050 et
941 1010 1076 1068 pronepo-

125 1091 167 1136 tes
190 1081 328 1151 ceterique
352 1077 461 1134 musonii
480 1078 598 1149 postumi
620 1084 726 1149 praeter
748 1074 831 1132 utinm
856 1077 899 1132 uel
921 1080 1076 1134 nominatius

125 1164 169 1220 uei
183 1166 253 1219 iuter
267 1171 373 1218 ceteros
388 1177 448 1217 curn
464 1160 613 1216 adiectione
634 1159 716 1231 legati
729 1168 792 1214 suut
812 1160 1006 1230 etherednndi3
1029 1161 1077 1218 sed

125 1250 211 1304 tutius
227 1255 269 1302 est
289 1255 377 1302 tamen
398 1245 553 1301 nominatim
568 1259 615 1297 eos
636 1243 810 1316 exheredari3
833 1251 860 1299 et
874 1243 902 1298 td
917 1244 1077 1301 obseruator

125 1347 220 1387 mm

168 1323 242 1470 823.1
265 1406 475 1484 ¹Emuncipntos
504 1409 603 1465 iiheros
632 1408 797 1482 ’utriusque
824 1402 932 1466 sexus²
955 1413 1184 1487 quamuisttdhpi

125 1501 184 1556 iure
200 1496 271 1552 ciuili
288 1511 375 1567 necque
392 1493 505 1550 heredes
520 1492 662 1548 instituere
677 1508 766 1565 neque
788 1493 951 1549 exheredare
965 1510 1077 1551 necesse

125 1584 171 1649 sit,
188 1587 275 1634 tarnen
291 1586 402 1649 praetor
417 1575 507 1647 iubet,
523 1578 546 1632 si
562 1592 615 1631 non
631 1578 807 1632 instituantur
822 1577 945 1649 heredes,
968 1578 1077 1635 exhere-

126 1663 193 1732 dari,
210 1661 343 1716 masculos
359 1677 451 1717 ornnes
467 1661 633 1732 nominatim,
655 1661 766 1716 terninas
781 1655 855 1716 'uei⁸
869 1663 940 1717 inter
955 1671 1077 1732 ceteros;

126 1746 246 1818 alioquiu
260 1753 353 1801 contra
370 1743 471 1800 tabutas
487 1743 620 1800 honorum
635 1746 834 1817 possessionem
846 1746 885 1800 eis
900 1745 1054 1818 pollicetur.

189 1825 240 1886 24.
264 1821 349 1883 ⁴inter
371 1829 539 1885 necessarios
560 1829 686 1898 heredes,
710 1828 793 1884 idest
813 1828 1078 1885 seruoscumhher·

127 1922 181 1970 tate
196 1913 311 1969 heredes
325 1914 452 1985 scriptos,
467 1921 494 1966 et
505 1928 570 1966 suos
581 1921 610 1969 et
624 1914 797 1983 necessarios,
815 1913 840 1967 id
852 1922 894 1968 est
905 1912 1014 1982 liberos,
1030 1914 1077 1986 qui

126 2000 152 2054 in
168 2004 303 2070 potestate
318 2004 393 2066 sunt,
413 1998 472 2051 inre
487 1995 559 2051 ciuili
575 1996 640 2052 nihil
656 1997 781 2053 interest:
798 2012 858 2052 rtem
875 1997 983 2070 utrique
997 1997 1076 2053 etiam

125 2083 203 2137 inuiti
226 2079 338 2136 heredes
361 2089 434 2136 sunt.
483 2079 531 2134 sed
552 2082 611 2136 iure
633 2082 770 2154 praetorio
793 2082 849 2137 suis
871 2089 900 2137 et
920 2081 1077 2137 necessariis

126 2164 270 2219 heredibus
292 2163 426 2220 abstinere
445 2179 475 2219 se
490 2179 503 2218 a
520 2167 638 2235 parentis
660 2164 808 2222 hereditate
828 2166 1009 2238 permittitur3
1031 2180 1077 2222 uo·

127 2250 249 2303 cessuriis
276 2256 364 2304 nutem
393 2256 496 2303 tanturn
526 2247 669 2303 heredibus
697 2247 848 2305 abstinendi
874 2257 997 2323 potestas
1023 2264 1078 2306 uon

79 2337 116 2386 ⁰4]
128 2329 215 2387 datur.
258 2327 322 2388 24⁸.
346 2327 528 2403 ὁΜειηοίρειῑοε
549 2329 648 2386 liberos
670 2333 706 2388 uh
720 2347 767 2402 eo,
791 2337 874 2389 cuius
888 2337 917 2389 in
935 2336 1078 2405 mancipio

127 2457 338 2466 ———-—

201 2522 220 2590 ¹)
237 2526 275 2589 Cf.
293 2526 348 2575 Gai.
364 2537 384 2584 u,
400 2536 445 2577 1³5.
461 2536 506 2575 129.
522 2526 546 2586 ξ.
561 2536 581 2575 s.
600 2524 622 2572 I.
638 2526 669 2574 de
682 2524 772 2574 escher.
788 2525 829 2573 tid.
845 2524 877 2587 (tt,
893 2526 936 2592 ts).
1001 2524 1022 2593 ²)
1036 2527 1078 2577 Itu

126 2597 243 2659 supplevi
262 2598 379 2645 lacunam
398 2599 425 2645 in
450 2595 508 2644 Vut.
523 2597 630 2644 circiter
648 2595 791 2659 quindecim
805 2596 963 2652 litterarum,
981 2596 1013 2644 de
1028 2612 1078 2660 qua

128 2667 179 2715 oid.
194 2673 246 2716 not.
260 2677 273 2715 5
287 2667 322 2714 nd
335 2677 368 2724 et,
379 2669 414 2716 θ’.
466 2663 486 2729 ³)
502 2666 518 2713 i.
529 2680 550 2713 e.
563 2667 646 2724 etiam,
656 2668 753 2722 saitem,
764 2671 791 2712 ut
801 2675 835 2722 st,
845 2677 865 2716 t.
881 2673 906 2713 et
915 2667 982 2715 alius
993 2681 1076 2730 saepe.

129 2733 150 2798 ⁴)
167 2736 204 2798 Os.
223 2735 279 2785 dat.
294 2748 318 2793 u,
333 2748 379 2787 sss.
395 2747 440 2787 sse.
456 2748 503 2787 seo.
527 2737 567 2797 ξς.
584 2749 602 2785 ι.
618 2746 638 2785 e.
664 2735 685 2783 I.
700 2735 732 2784 de
745 2735 831 2784 iered.
846 2738 914 2799 quat.
930 2735 965 2800 (e,
980 2735 1024 2801 ss).

129 2803 151 2871 ⁶)
167 2805 243 2854 Hune
257 2808 313 2867 §um
328 2807 421 2855 addidi
435 2822 481 2855 nec
496 2807 524 2854 id
537 2815 629 2855 temere
640 2806 703 2868 feei.
732 2804 871 2854 [decidisse
885 2807 951 2853 enim
964 2805 1007 2855 die
1019 2821 1078 2857 oen·

127 2877 247 2933 sentium,
266 2892 330 2940 quoe
349 2877 526 2935 desideratur,
547 2877 579 2925 de
598 2877 742 2938 mancipato
762 2876 908 2924 necessario
926 2876 1019 2925 herede
1034 2875 1078 2941 (a
1143 2925 1147 2932 ,

131 2944 188 2993 Gai.
203 2955 228 3003 t,
243 2945 300 3010 teo),
316 2947 477 3008 manifestum
492 2948 518 2994 in
534 2949 589 3010 ipso
605 2948 662 2996 Vnt.
677 2953 793 3009 superest
807 2947 939 3010 aeetipium
953 2947 980 2994 in
994 2956 1029 3005 st,
1043 2958 1077 3000 tt.

129 3016 217 3073 initio,
232 3016 300 3079 quod
313 3019 352 3066 sie
367 3017 402 3065 idi
417 3025 590 3080 comparatum
605 3025 656 3066 est:
674 3018 819 3081 mancipatos
835 3016 924 3065 liberos
938 3052 1077 3067 .......

129 3120 157 3134 ..
174 3087 294 3149 ..quiin
314 3101 340 3135 re
354 3087 420 3135 ciuili
434 3095 480 3139 ete.
514 3087 585 3137 Unde
604 3090 670 3136 enim
689 3088 731 3137 hic
745 3089 839 3137 error?
867 3086 993 3136 Nimirum
1012 3087 1079 3138 duae

127 3159 269 3205 sententiae
284 3172 368 3220 paruo
386 3159 471 3220 spatio
490 3158 616 3207 distantes
635 3157 792 3222 incipiebant
809 3159 892 3207 ultera
912 3157 1079 3222 Emancipttos

129 3226 216 3275 liberos
231 3228 354 3290 utriusque
369 3243 438 3276 sexus
453 3229 506 3287 riuis
521 3229 571 3277 iure
588 3234 591 3287 t
608 3229 682 3290 ciuili,
696 3232 780 3278 alteru
791 3228 936 3292 Mencipetos
946 3229 1035 3278 hiberos
1049 3230 1079 3278 ab

128 3311 157 3344 eo
172 3299 192 3344 c'
208 3296 231 3344 in
247 3297 360 3359 rheipioi
377 3299 403 3346 it.
418 3298 457 3361 qui
473 3298 496 3346 in
511 3313 536 3347 re
553 3304 557 3357 ι
575 3299 747 3361 mancipatione
761 3307 815 3348 sunt
835 3298 880 3363 (cs.
896 3309 930 3358 2³,
945 3312 965 3351 s.
989 3300 1078 3352 Coliat.

127 3378 162 3425 lt,
172 3378 192 3417 9.
208 3368 230 3427 ξ.
242 3367 282 3432 u).
307 3367 362 3415 Inm
376 3367 502 3417 librarius
516 3372 649 3433 utriusque
663 3370 769 3419 exordii
781 3371 949 3419 similitudine
959 3371 1080 3433 deceptus

127 3438 154 3484 in
170 3440 341 3499 posteriorem
353 3440 503 3487 sententium
517 3445 554 3487 est
568 3439 680 3498 deletus,
699 3454 755 3488 eum
769 3442 886 3503 priorem
903 3440 1018 3489 scribere
1036 3441 1079 3490 de·

126 3506 205 3566 deret,
216 3509 336 3572 illiusque
346 3511 454 3567 initium,
465 3508 536 3570 forte
545 3516 622 3557 totum
634 3511 745 3570 primum
755 3525 853 3557 uersum
863 3509 977 3558 scribere
988 3511 1079 3572 eoepit,

128 3584 156 3625 ut
169 3584 265 3635 tomen,
280 3579 386 3628 eumad
400 3579 466 3627 iliud
480 3581 502 3627 in
518 3593 556 3626 re·
566 3580 738 3641 peruenisset,
753 3579 931 3628 animaduerso
946 3594 1037 3629 errore
1052 3581 1079 3627 in

124 3650 240 3710 priorem
261 3656 435 3697 reverteretur
453 3656 478 3698 et
496 3663 530 3697 ex
548 3664 578 3697 eu
597 3649 697 3710 relique
711 3648 844 3697 scriberet.
877 3648 932 3698 lum
946 3657 970 3697 et
989 3664 1032 3705 eu,
1052 3650 1079 3696 in

126 3717 219 3781 quidus
233 3720 342 3767 maxime
357 3727 491 3781 peecatum
510 3726 579 3776 erut,
601 3717 678 3766 uerbo
693 3718 722 3766 eb
737 3733 765 3767 eo
780 3721 801 3767 c'
816 3719 839 3766 in
855 3717 953 3780 incipi
969 3719 1025 3766 item
1042 3720 1080 3765 uei

126 3789 183 3849 ipse
202 3790 242 3837 uei
263 3796 397 3838 corrector
415 3791 555 3851 expunxit,
577 3802 624 3836 nee
645 3794 726 3837 tumen
748 3787 828 3853 (quod
849 3789 953 3850 saepius
971 3785 1079 3849 accidit)

127 3860 206 3906 rectis
220 3860 352 3922 suppletis.
381 3858 454 3918 Quod
467 3873 526 3908 uero
537 3865 627 3921 postea
642 3864 719 3906 totum
728 3860 756 3920 §i
765 3861 811 3907 ψ.
826 3858 976 3905 sententiam
986 3857 1079 3913 omisit,
