2378 4386
302 548 361 585 uos.
381 549 414 584 sn·
431 548 494 584 nou.
513 547 603 585 usuum
620 547 728 584 coum.
750 529 808 583 XV.
830 537 853 584 1.
995 523 1056 589 691

110 673 259 746 iniungitur
281 668 462 746 'irestern'um
485 688 502 730 c
522 669 647 746 mitium).
684 671 712 728 Si
726 688 822 728 seruus
844 664 990 727 insciente¹
1011 669 1060 725 do·

110 757 182 811 mino
198 756 301 826 iecerit,
323 755 446 812 dominus
462 759 520 813 eius
541 749 722 812 'sestertium²
744 757 939 830 quinquaginta
954 753 1059 810 milibus

111 838 204 894 eodem
228 842 314 913 capite
340 834 477 913 punitur.³
519 836 547 895 ὃ.
572 834 714 896 ⁴Eiustiem
743 840 811 913 legis
833 842 919 913 capite
941 837 1060 895 secundo

112 930 232 992 tenetur,
263 925 309 996 qui
332 922 418 979 alieno
441 940 522 980 seruo
546 925 724 996 persuaserit,
753 932 783 979 ut
805 923 943 979 dominum
965 923 1060 996 fugiat,

111 1008 191 1079 quiue
214 1006 330 1062 alienum
352 1022 461 1062 seruum
484 1008 569 1061 inuito
592 1006 701 1062 domino
723 1006 868 1077 aeranem,
898 1005 1059 1076 uendiderit,

111 1092 204 1145 emerit
220 1089 283 1146 tiolo
300 1090 381 1158 maio,
397 1091 477 1162 quiue
493 1092 602 1145 tueare
617 1091 708 1146 socius
724 1089 816 1144 iuerit:
835 1089 997 1162 iubeturque
1012 1106 1061 1164 po·

110 1173 174 1246 puio
197 1168 381 1229 'sestertium⁵
404 1173 597 1246 qninquaginta
613 1174 684 1228 milio
706 1172 776 1227 tiore.
823 1172 859 1227 m
882 1173 1028 1243 reliqua.

62 1265 99 1311 9⁵]
171 1252 202 1314 6.
225 1256 405 1312 Sciendum
430 1266 535 1311 tamen
560 1264 628 1325 est,
650 1263 683 1310 et
706 1255 862 1311 noueilis
884 1256 1060 1311 constitu·

111 1333 1060 1412 tionibusioapiratisententiaplagiatoresproatro-

111 1425 216 1479 citato
238 1423 322 1478 iacti
345 1420 554 1494 puniendos:
571 1423 725 1493 quamuis
746 1420 917 1476 etPauius
937 1420 1060 1476 relatis

109 1521 212 1578 supra
234 1504 421 1576 speciebus
437 1506 551 1560 crucis
574 1511 607 1559 et
623 1504 754 1560 metalli
775 1502 967 1560 huiusmodi
991 1504 1059 1560 reis

109 1589 330 1660 inrogauerit
352 1603 501 1659 poenam.

392 1668 494 1731 Explicit
508 1668 589 1717 titulus
604 1669 634 1717 rie
648 1668 777 1730 plagiariis.

536 1859 633 1894 metult·

111 1947 188 2025 (mn)
199 1945 265 2009 ιν]
292 1969 332 2008 un
348 1966 593 2022 narneunnrcrs,
610 1948 792 2027 (rusturrcrs)
806 1969 847 2010 ur
858 1969 1059 2011 mantonnms.

173 2077 237 2151 iiap.
260 2086 284 2133 t.
323 2077 454 2151 Moyses
476 2073 594 2135 (Ιίοἰῑε8
630 2077 653 2136 1.
676 2079 735 2136 Nou
751 2082 902 2137 inueniatur
916 2083 944 2137 iu
961 2090 997 2153 te,
1013 2084 1060 2156 qui

110 2164 208 2219 lustret
230 2160 314 2217 iiiium
335 2169 410 2217 tuum
426 2171 471 2217 aut
487 2159 566 2217 filiam
582 2171 665 2233 tuam,
689 2179 738 2220 nec
753 2163 871 2235 diuinus,
894 2164 964 2239 apud
980 2180 1060 2238 quem

109 2255 199 2302 sortes
215 2245 308 2300 tollas:
332 2261 382 2301 nee
397 2247 548 2301 consentias
564 2249 715 2302 uenenariis
733 2247 936 2321 impostoribus,
960 2251 1006 2322 qui
1022 2249 1059 2305 m·

110 2338 185 2398 cunt,
201 2328 265 2401 quiri
276 2336 437 2401 conceptum
449 2326 542 2385 babeat
552 2330 656 2399 mulier,
674 2330 920 2402 quoniam-fabulae
935 2331 1060 2391 seducto·

109 2413 164 2469 riae
180 2421 254 2468 sunt.
290 2410 344 2467 Nec
359 2406 504 2467 ’attendas⁹
526 2412 659 2486 prodigia,
681 2430 732 2471 uec
753 2416 905 2488 interroges
926 2426 1058 2476 mortuos.

108 2493 137 2553 2.
157 2496 215 2552 Nou
229 2496 383 2552 inueniatur
398 2496 424 2550 in
441 2504 467 2551 te
482 2504 645 2569 augurator,
668 2513 717 2552 uec
730 2499 869 2570 inspector
884 2501 991 2571 auium,
1010 2517 1060 2557 nec

110 2578 255 2650 maleficus,
279 2588 325 2635 aut
348 2580 511 2649 incantator,
539 2595 588 2635 nec
610 2579 758 2652 Pythonem
781 2580 881 2636 habens
903 2582 931 2636 in
954 2591 1059 2654 uentre,

109 2680 160 2720 neo
181 2679 311 2736 aruspex,
335 2670 385 2718 nec
406 2664 590 2736 interrogator
611 2671 778 2719 mortuorum
801 2680 850 2720 nec
871 2672 997 2737 portenta
1019 2667 1059 2722 in·

110 2749 234 2820 spiciens.
278 2743 307 2805 3.
330 2745 421 2800 Omnia
444 2762 558 2820 nomque
579 2748 629 2801 ista
651 2746 792 2802 abomino
808 2746 858 2802 cieo
875 2756 922 2803 tuo
938 2746 1059 2804 damnata

110 2839 184 2900 sunt,
208 2832 299 2902 etqui
324 2829 417 2886 iecerit
439 2829 512 2888 baec.
549 2830 665 2903 Propter
687 2830 733 2884 has
757 2831 825 2885 enim
848 2829 1059 2888 abominationes

110 2913 176 2969 deus
199 2912 342 2969 eradicarrit
366 2907 577 2969 ’utranauaoosw
598 2913 694 2968 niacie
716 2906 820 2982 'tua;¹¹
864 2911 894 2970 4.
919 2923 947 2970 tu
970 2923 1059 2975 autem

109 2996 246 3071 perfectus
269 2999 321 3052 eris
345 3006 406 3052 ante
421 2997 561 3052 Dominum
584 2996 662 3052 deum
685 3005 774 3052 tuum:
817 2993 845 3052 b.
870 3006 965 3071 gentes
988 3001 1059 3055 euim

183 3162 202 3228 ²)
217 3166 238 3212 si
257 3179 341 3213 seruus
360 3166 400 3229 qui
419 3167 509 3214 sciente
530 3165 590 3215 Cdd.
615 3167 636 3214 si
654 3180 738 3214 seruus
756 3166 847 3214 sciente
865 3166 905 3215 ed.
924 3164 965 3216 m.
998 3166 1058 3220 Vid.

111 3234 233 3283 Zeitocbr.
253 3234 330 3283 XIII.
343 3251 369 3297 p.
385 3247 418 3286 ta.
472 3233 492 3300 ²)
506 3237 625 3285 sestertiis
640 3235 670 3286 B.
690 3237 804 3285 rexeertis
819 3236 860 3284 Vi.
880 3237 998 3286 sestertiis
1013 3238 1058 3287 Ve.

109 3306 148 3353 ed.
164 3304 204 3353 Bi.
269 3301 291 3368 3)
309 3305 346 3367 Cf.
362 3305 393 3353 L.
409 3316 442 3355 12.
462 3306 494 3353 D.
509 3306 541 3355 de
555 3323 662 3355 monum.
678 3309 722 3370 (to,
737 3305 768 3371 1).
788 3305 819 3354 L.
836 3317 869 3356 12.
884 3308 907 3368 §-
922 3320 956 3359 16.
980 3307 1012 3360 D.
1028 3309 1059 3358 de

109 3382 176 3437 capt.
192 3373 236 3437 (49,
251 3373 295 3439 16).
310 3390 381 3438 supr.
397 3387 418 3433 2,
432 3386 452 3426 a.
510 3374 530 3440 ⁴)
547 3377 585 3439 Cf.
603 3377 654 3425 Cic.
666 3392 717 3439 pro
734 3378 758 3426 θ.
775 3377 865 3425 Itnbr‘r.
880 3389 900 3428 a.
916 3377 949 3426 L.
963 3390 983 3428 ι.
999 3380 1022 3440 ξ.
1037 3390 1058 3428 2.

109 3445 141 3492 D.
156 3445 187 3493 rie
199 3445 276 3509 supin
292 3444 336 3509 (11,
351 3443 382 3508 t).
398 3445 511 3507 lnapr.
526 3448 549 3506 ξ.
565 3459 584 3495 1.
600 3446 631 3493 L.
646 3459 666 3497 a.
682 3458 701 3497 a.
718 3458 783 3509 apr.
798 3449 821 3508 ξ.
836 3461 856 3497 1.
876 3447 908 3496 D.
922 3448 946 3496 n.
962 3454 980 3497 t.
995 3447 1026 3500 L.
1039 3461 1058 3500 1.

108 3526 128 3563 2.
144 3526 164 3564 o.
180 3526 199 3565 a.
217 3528 249 3565 ιο.
267 3516 292 3563 (3.
307 3515 363 3564 eod.
440 3513 460 3578 6)
477 3517 598 3563 entertiam
613 3515 642 3562 B.
663 3515 707 3564 Ve.
727 3517 837 3565 sestertia
857 3516 898 3564 Vi.
913 3517 953 3567 ed.
968 3517 1009 3567 Bt.

109 3581 130 3648 ο)
145 3584 177 3632 h.
193 3594 212 3635 t.
228 3597 261 3635 to·
283 3584 307 3633 C.
323 3585 347 3632 n.
363 3592 379 3633 t.
395 3584 427 3632 L.
444 3601 485 3636 nn.
504 3584 547 3632 Tr.
565 3585 590 3633 Ο.
606 3586 660 3633 eod.
677 3584 1019 3650 (9‚18),quueenntDioct.
1035 3595 1060 3637 et

109 3654 183 3704 Mum.
199 3662 223 3703 et
239 3655 406 3704 Constantini.

182 3722 201 3787 ἵ)
216 3725 246 3773 B.
263 3740 309 3774 om.
324 3724 368 3773 Ve.
385 3724 426 3773 Vi.
478 3720 498 3789 α)
514 3724 652 3774 Deuteron.
667 3726 1059 3782 18,10—1t.,sedeentenb'nad

109 3809 181 3842 rreum
190 3796 311 3857 temporie
321 3796 397 3842 iatius
404 3795 524 3856 formato.
567 3791 588 3858 ⁹)
597 3793 704 3841 intentius
714 3794 776 3842 Cdo.
784 3795 841 3843 edd.
881 3792 913 3858 ¹⁰)
923 3796 1019 3844 caldeos
1026 3795 1057 3844 B.

109 3863 221 3911 chuideos
241 3864 285 3912 Ve.
306 3864 347 3911 Vi.
373 3863 502 3912 Ciraidoeos
517 3863 574 3912 edd,
642 3861 751 3926 ¹¹)tuam
770 3864 811 3912 Vi.
831 3879 873 3913 sna
887 3863 918 3913 B.
938 3863 983 3913 Ve.
999 3865 1057 3914 edd.

791 3953 846 4002 441
