2378 4386
10 39 1128 310 u

430 571 465 606 ora
484 570 643 608 versarere.
951 553 1009 617 731

59 717 111 758 nec
125 701 319 775 proprietatem
334 716 376 771 ea,
392 716 462 775 quae
477 698 669 757 habitationem
684 700 789 773 habuit,
805 699 926 774 legando
941 694 1014 775 '(do·

61 783 138 854 mini)
161 777 393 859 uindicationem,¹
421 783 464 840 uei
487 783 614 841 'debitum
637 783 760 859 repando
782 777 831 840 ι’νι2
853 790 1014 841 testamento

59 860 219 925 creditoris³
239 868 370 925 actionem
386 866 515 924 excludit.
552 867 706 942 Subscripta
722 868 776 925 fiii.
791 867 842 927 ital.
860 866 918 925 Oct.
935 868 1014 924 Vimi-

61 953 119 1009 uaci
135 950 225 1008 Gaess.
243 944 348 1008 conss.⁴

125 1032 175 1093 44
200 1029 280 1106 ⁶Ulp.
304 1033 348 1092 fib.
371 1032 401 1093 tt.
432 1032 580 1106 Respondit
602 1033 712 1090 Aurelio
736 1032 833 1104 Felici,
855 1034 960 1091 fructus
982 1028 1120 1108 ciffi-§pff

64 1118 147 1185 fundo
163 1136 213 1194 per
228 1117 434 1175 uindicationem
450 1132 517 1189 pure
538 1116 634 1174 relicto
649 1124 713 1190 post
729 1116 826 1173 aditam
842 1117 1017 1175 hereditatem

62 1220 78 1258 a
93 1203 225 1276 legatario
242 1211 386 1276 perceptos
398 1199 430 1255 ad
443 1202 529 1272 ipsum
545 1202 696 1271 pertinere3
716 1200 842 1256 cofouum
854 1209 943 1256 autem
954 1217 1014 1258 cum

63 1286 163 1343 herede
178 1302 209 1342 en
225 1284 359 1342 conducto
376 1282 473 1339 habere
488 1284 630 1338 actionem.

126 1367 174 1429 4⁶.
198 1364 295 1425 ⁶Pani.
313 1367 358 1423 fib.
375 1366 405 1422 11.
423 1364 580 1422 tianualium
604 1382 634 1420 ex
658 1364 755 1421 tribus.
799 1365 915 1422 Tametsi
938 1380 1014 1421 usus·
1037 1361 1105 1441 ζῆ)

62 1454 168 1511 fructus
186 1451 260 1507 fundi
276 1452 389 1522 mancipi
405 1464 459 1505 non
481 1450 528 1518 sit,
551 1457 638 1504 tamen
653 1450 712 1504 siue
733 1450 833 1504 tutoris
857 1446 1121 1505 auctoritatefflffl·

63 1536 180 1592 alienare
196 1550 256 1589 eum
278 1532 375 1589 mulier
390 1549 444 1589 uon
460 1540 567 1605 potest,
590 1548 651 1589 cum
671 1530 750 1587 aiiter
765 1547 844 1604 quam
859 1533 885 1588 in
900 1534 959 1588 iure
973 1548 1016 1589 ce·

61 1618 152 1673 dendo
174 1616 201 1673 id
224 1617 311 1673 facere
332 1631 388 1672 non
410 1617 516 1689 possit,
538 1631 587 1672 nec
607 1618 633 1671 in
648 1617 706 1672 iure
726 1619 814 1671 cessio
836 1617 894 1671 sine
917 1615 1016 1671 tutoris

63 1702 224 1757 auctoritate
247 1698 304 1756 fieri
319 1701 416 1774 possit.
461 1698 586 1772 idemque
602 1706 644 1755 est
659 1700 687 1755 in
702 1699 878 1755 seruitutibus
894 1698 1017 1773 praedio·

62 1800 123 1840 rum
139 1784 312 1840 urbanorum.

125 1862 176 1924 te.
198 1860 293 1924 ⁷Idem
307 1866 353 1927 fib.
369 1866 388 1928 Ι.
405 1866 576 1924 Maenalium.
614 1867 692 1923 Actio
707 1865 741 1922 de
761 1865 908 1923 usufructu
922 1865 1122 1945 itsuemtffl·
1174 1934 1176 1939 ‚

63 1951 150 2007 modis
166 1953 246 2025 perit,
262 1949 360 2024 quibus
370 1952 429 2024 ipse
440 1948 623 2021 ususfructus,
637 1958 825 2023 praeterquam
837 1965 892 2006 uon
904 1949 1016 2006 utendo,
1100 1932 1106 1943 ’

63 2034 196 2092 Pecuniae
211 2050 321 2107 quoque
338 2033 510 2090 ususfructus
533 2033 639 2107 legatus
661 2048 708 2107 per
728 2049 826 2089 aunum
845 2049 900 2089 non
915 2032 1017 2090 utendo

62 2112 146 2194 ’(non
167 2111 290 2196 ρεν·ιἰ);Β
312 2119 373 2192 quia
396 2133 445 2175 nec
467 2116 637 2173 ususfructus
658 2125 717 2188 est,
739 2127 767 2172 et
789 2118 917 2190 pecuniae
932 2115 1017 2173 domi·

64 2204 137 2258 nium
153 2202 308 2273 fructuarii,
327 2217 382 2259 uon
397 2200 504 2258 heredis
519 2210 570 2257 est.

127 2282 174 2342 47.
196 2285 272 2342 item.
310 2283 361 2341 Per
376 2285 596 2357 mancipationem
617 2283 712 2340 deduci
729 2285 900 2341 ususfructus
915 2291 1018 2360 potest,

63 2383 120 2426 non
135 2370 214 2425 etiam
229 2369 378 2425 transferri.
422 2367 474 2424 Per
495 2366 548 2423 ‘do
570 2366 648 2442 fego'
673 2367 792 2441 legatum
813 2377 839 2424 et
854 2384 903 2441 per
918 2369 945 2424 in
961 2369 1018 2425 fure

62 2453 214 2511 cessionem
229 2460 257 2509 et
272 2451 369 2509 deduci
383 2460 412 2508 et
426 2450 484 2507 dari
498 2458 598 2525 potest.

128 2528 218 2593 item.⁹
262 2535 356 2592 Potest
377 2536 507 2591 constitui
527 2543 554 2592 et
575 2534 710 2592 'familiae
732 2528 952 2591 erciscundae¹⁰
974 2533 1018 2590 uei

63 2620 202 2677 communi
217 2619 364 2675 diuidundo
379 2619 477 2675 iudicio
492 2618 623 2692 legitimo.
668 2618 696 2672 iu
718 2634 748 2673 re
770 2633 820 2673 uec
842 2619 955 2689 rnaucipi
970 2632 1019 2688 per

64 2703 239 2760 traditlonem
254 2703 347 2759 deduci
363 2702 534 2758 ususfructus
547 2717 601 2758 uon
616 2707 722 2773 potest3
744 2717 795 2756 nec
812 2702 838 2755 iu
855 2700 972 2768 homine,
995 2700 1019 2754 si

10 2804 55 2854 rsa]
67 2788 212 2861 peregrino
227 2781 391 2854 tradatur3¹¹
407 2785 481 2843 ciuili
495 2786 565 2840 enim
581 2786 686 2840 actione
702 2784 831 2841 constitui
845 2789 948 2855 potest,
963 2796 1018 2837 non

65 2870 219 2939 traditione,
239 2885 307 2942 quae
322 2870 388 2925 iuris
404 2869 525 2943 gentium
541 2876 592 2924 est.

140 3052 160 3119 ι)
174 3054 272 3104 dominii
292 3054 475 3103 uindicationem
496 3053 521 3102 0.
542 3052 604 3103 lust.
632 3066 676 3115 per
694 3050 877 3100 uindicationcm
900 3050 958 3101 Vct.
979 3053 1021 3101 rei

64 3126 175 3193 (domim
187 3125 228 3175 ed.
244 3123 369 3188 Momms.)
384 3124 569 3173 uindicationem
582 3123 623 3172 ed.
637 3121 731 3171 Hoitw.
795 3117 816 3186 ¹)
830 3120 873 3170 Ita
886 3120 980 3171 Hoiiru.
995 3128 1020 3171 et

68 3197 181 3248 Memora.
195 3196 253 3246 edd.
269 3195 374 3244 debitum
388 3195 520 3244 necandum
534 3193 593 3243 Vct.
616 3191 686 3242 Sane
699 3194 746 3242 viar
759 3198 804 3250 est,
820 3198 847 3240 nt
861 3205 905 3255 per
918 3193 945 3240 in
960 3191 1019 3241 Vct.

65 3269 250 3330 transpositum
268 3272 293 3315 et
311 3265 443 3330 tependurn
462 3266 578 3314 dicamus
595 3278 639 3326 per
658 3263 763 3313 debitum
782 3262 921 3324 negandum.
958 3260 1021 3322 Qua

64 3339 134 3386 enirn
148 3339 186 3386 ita
204 3351 315 3400 unquam
333 3335 420 3384 dixit?
493 3331 577 3399 ³)Cui
595 3335 623 3383 id
640 3334 785 3397 aedilicium
800 3334 910 3398 pipnori
927 3347 1021 3382 amm

65 3415 133 3457 erat.
197 3405 219 3473 4)
233 3423 258 3457 α.
273 3418 320 3458 aaa.
394 3404 414 3471 ο)
429 3404 477 3454 Eat
491 3405 522 3454 L.
538 3416 585 3456 aro.
609 3406 632 3466 ὅ.
648 3415 668 3454 n.
693 3405 725 3454 D.
740 3405 772 3454 de
786 3406 834 3469 lep.
851 3415 870 3453 1.
944 3399 967 3469 ο)
981 3402 1020 3466 Of.

64 3480 90 3539 ξ.
105 3490 139 3528 ee.
157 3476 213 3540 Ulp.
228 3490 263 3536 ιι,
277 3487 311 3527 at.
372 3472 393 3539 7)
409 3475 447 3525 De
461 3475 486 3526 a.
501 3478 517 3523 1.
532 3476 583 3526 oid.
598 3476 705 3538 disquis.
721 3482 835 3525 nostram
850 3470 958 3536 ‘crassa
974 3488 1020 3536 pe·

65 3550 160 3596 cuniae
180 3563 214 3596 aa
235 3562 284 3597 noa
304 3547 398 3596 utendo
415 3542 538 3607 pereaas’
563 3544 601 3609 (in
626 3544 760 3594 chdleri
779 3544 919 3592 Rectoratu
940 3544 1020 3593 indic.

72 3618 180 3667 Vratisl.
205 3616 276 3681 taso).
350 3613 371 3677 8)
394 3613 518 3678 Suppfeui
539 3614 605 3678 disq.
629 3616 672 3664 cit.
697 3615 732 3677 cs.
755 3616 778 3675 5.
800 3625 833 3664 ot.
862 3612 923 3679 (noa
947 3614 1020 3662 amii-

64 3687 141 3754 titur)
159 3688 218 3737 edd.
238 3687 331 3737 Holfw.
353 3685 466 3735 Memora.
540 3681 561 3748 ο)
584 3683 616 3732 In
642 3683 668 3732 V
670 3683 690 3732 ⁴.
712 3698 777 3733 noca
799 3685 894 3745 incipio
912 3684 1020 3745 species.

69 3755 103 3824 ιθ)
118 3761 205 3808 factum
220 3765 232 3806 e
252 3757 311 3806 Vct.
378 3751 411 3820 ¹¹)
428 3753 482 3814 Quo
497 3769 559 3802 caan
574 3769 617 3802 rer
631 3756 743 3816 mancipi
756 3753 860 3802 modifes
874 3768 960 3801 rerum
974 3766 1021 3800 nec

65 3831 180 3892 mancipi
199 3830 256 3877 inre
275 3825 417 3876 censendae
436 3832 502 3873 runt.
533 3823 571 3885 Cf.
595 3823 649 3886 mp.
669 3835 742 3881 1,1a.
767 3823 846 3872 Varr.
865 3822 937 3872 der.
957 3836 979 3869 r.
999 3831 1020 3877 2,

64 3909 87 3949 a.
101 3898 125 3959 §-
138 3909 160 3948 r.
