2378 4386
145 630 186 688 24
489 637 515 670 u.
535 635 646 672 rvnurvs
664 635 764 671 omno,

144 764 223 820 uideo
234 763 373 817 Platonem
389 760 464 817 illum
478 769 565 828 tuum,
581 776 661 833 quem
677 768 707 816 tn
723 759 868 828 admiseris,
886 765 966 832 quem
982 757 1105 815 omnihus

143 847 295 917 anteponis,
311 861 392 918 quern
407 845 519 899 maxime
535 843 634 914 diligis,

207 944 248 1001 M.
272 945 352 1000 Visne
374 944 475 1016 igitur,
499 951 529 998 ut
552 942 597 998 ilie
613 941 706 999 Cretae
727 959 787 1000 cnm
802 941 885 997 Clinia
906 951 933 997 et
948 957 1009 997 curn
1024 940 1102 998 Lace·

143 1029 283 1085 daemonio
304 1027 412 1101 Megillo
429 1029 542 1095 aestiuo,
563 1043 642 1099 quem
665 1026 696 1082 ad
721 1027 828 1082 modum
849 1024 990 1096 describit,
1016 1024 1058 1081 die
1076 1027 1101 1080 in

142 1113 305 1184 cupressetis
321 1111 483 1166 Gnosiorum
499 1119 525 1167 et
540 1112 632 1183 spatiis
648 1109 832 1180 siluestribus,
854 1109 949 1164 erebro
965 1109 1101 1177 insistens,

141 1196 276 1252 interdum
300 1194 484 1267 adquiescens,
508 1194 542 1250 de
563 1196 696 1250 institutis
717 1210 807 1249 rernm
829 1191 995 1266 publicarum
1018 1210 1048 1249 ac
1068 1192 1102 1247 de

142 1280 250 1352 optimis
267 1277 373 1351 iegibus
389 1278 518 1351 disputat,
536 1280 575 1335 sic
592 1294 643 1333 nos
654 1279 726 1333 iuter
736 1277 784 1332 has
799 1277 1001 1350 procerissimas
1016 1294 1100 1350 popu·

142 1361 184 1418 los
203 1363 233 1417 in
255 1361 335 1417 uiridi
356 1378 491 1435 opacaque
506 1364 563 1434 ripa
577 1361 786 1429 inamhuiantes,
809 1370 864 1415 tum
880 1368 969 1415 autem
984 1361 1101 1417 residen-

143 1454 200 1521 tes,
223 1455 382 1519 quaeramus
403 1446 487 1501 isdem
502 1444 632 1501 derebus
647 1443 746 1518 aliquid
768 1444 876 1500 uberius
892 1461 971 1518 quam
987 1443 1102 1501 forensis

142 1547 209 1586 usus
225 1530 377 1586 desiderati

204 1626 244 1687 16.
268 1632 302 1686 Α.
319 1630 375 1704 Ego
392 1647 456 1687 uero
472 1631 523 1685 ista
538 1627 631 1684 audire
646 1629 735 1702 cupio.

204 1713 245 1769 M.
270 1712 338 1781 Ouid
353 1716 390 1770 ait
404 1713 537 1781 Quintus?

206 1795 238 1864 Q.
260 1796 336 1854 Nniia
352 1797 430 1853 dere
446 1798 539 1869 tnagis.

205 1896 247 1953 M.
270 1897 302 1952 Et
322 1902 397 1953 recte
420 1894 540 1968 quidem:
564 1912 623 1951 narn
642 1897 683 1953 sie
702 1896 838 1959 habetote,
859 1896 935 1952 nulio
954 1899 982 1952 iu
1004 1912 1104 1969 genere

142 1979 305 2053 disputando
315 1995 395 2053 posse
411 1980 448 2033 ita
459 1971 593 2052 patefieri,
610 1978 674 2052 quid
688 1980 726 2034 sit
740 1981 841 2036 homini
856 1987 950 2035 natura
963 1978 1102 2049 tributum,

144 2070 272 2136 quantam
288 2064 342 2118 uim
357 2078 447 2117 rernm
463 2063 624 2134 optimarum
640 2079 715 2119 mens
732 2063 845 2118 humana
860 2064 1009 2132 contineat,
1025 2065 1103 2118 cuius

142 2147 261 2202 muueris
283 2145 389 2202 colendi
409 2143 596 2219 eiiiciendique
616 2162 696 2202 causa
718 2148 774 2203 nati
794 2155 822 2202 et
843 2149 870 2202 in
885 2146 972 2202 lucem
988 2146 1053 2202 editi
1066 2148 1103 2200 si·

141 2246 213 2300 mus,
238 2246 306 2303 quae
327 2232 363 2286 sit
382 2226 538 2285 coniunctio
563 2230 716 2299 hominum,
743 2247 811 2303 qnae
838 2230 967 2286 naturalis
988 2231 1103 2287 societas

142 2315 212 2369 inter
231 2315 321 2386 ipsos,
349 2314 391 2369 his
412 2313 482 2368 enim
504 2312 642 2386 explicatis
663 2313 723 2369 ions
745 2313 835 2387 legum
857 2323 884 2371 et
904 2315 970 2371 iuris
989 2315 1103 2370 inueniri

142 2405 242 2469 potest.

204 2473 247 2535 17.
271 2480 306 2536 Α.
328 2478 388 2535 Nou
411 2496 477 2551 ergo
499 2496 513 2535 a
536 2483 670 2554 praetoris
693 2482 798 2554 edicto,
827 2492 856 2539 ut
877 2483 999 2556 plerique
1021 2497 1103 2551 nune,

142 2578 229 2635 neque
245 2580 259 2618 a
272 2562 412 2619 duodecim
428 2563 535 2634 tabuiis,
553 2574 582 2622 nt
596 2567 762 2639 superiores,
777 2567 824 2622 sed
839 2568 947 2640 penitus
962 2582 994 2621 en
1010 2566 1102 2621 intima

141 2645 312 2721 philosophia
328 2647 500 2704 hauriendam
515 2650 582 2705 iuris
597 2649 763 2724 disciplinam
779 2659 866 2724 putas.

206 2747 246 2804 M.
269 2749 328 2805 Nou
344 2751 414 2805 enim
429 2749 456 2805 id
472 2753 625 2824 quaerimus
640 2751 693 2806 hoc
706 2766 848 2820 sermone,
863 2750 1007 2822 Pomponi,
1023 2765 1102 2822 quern

142 2831 299 2889 admodum
315 2850 456 2889 caueamus
473 2834 500 2889 iu
515 2836 574 2889 iure
589 2842 636 2888 aut
647 2832 710 2905 qnid
728 2832 761 2886 de
780 2847 886 2905 queque
903 2832 1103 2887 consultatione
1169 2822 1172 2827 ’

141 2916 361 2988 respondeamus.
391 2918 426 2971 sit
441 2918 492 2971 ista
508 2931 552 2971 res
567 2931 679 2988 magna,
698 2916 768 2970 sicut
783 2922 840 2982 est,
856 2929 924 2985 quae
939 2914 1073 2986 qnondam
1088 2929 1102 2967 a

141 2997 233 3053 multis
248 2998 327 3053 claris
342 2999 424 3066 uiris,
447 3014 518 3053 nunc
539 2985 571 3053 ah
588 3013 642 3052 uno
657 3013 761 3052 summa
775 2998 934 3051 anctoritate
949 3005 977 3052 et
991 2997 1103 3051 scientia

140 3082 301 3148 sustinetur,
321 3079 369 3134 sed
384 3079 462 3134 nobis
478 3081 516 3135 ita
531 3078 724 3152 conplectenda
739 3081 766 3135 in
781 3079 831 3135 hnc
846 3079 1029 3151 disputatione
1044 3085 1103 3133 tota

141 3171 278 3220 causaest
294 3163 414 3217 uniuersi
429 3164 495 3217 iuris
510 3179 540 3218 ac
555 3163 662 3235 legum,
686 3169 716 3216 ut
736 3163 788 3218 hoc
803 3160 882 3217 ciuile
898 3163 970 3233 quod
990 3161 1102 3216 dicimus

139 3248 167 3302 in
182 3261 295 3319 paruum
312 3245 443 3318 quendam
460 3254 487 3300 et
503 3254 647 3319 angustum
670 3245 759 3301 iocum
781 3244 972 3301 concludatur:
993 3237 1101 3299 natura¹

140 3330 210 3384 enim
236 3330 302 3383 iuris
327 3328 483 3400 explicanda
502 3327 582 3384 nobis
603 3334 645 3383 est
665 3342 750 3400 eaque
769 3328 801 3383 ah
821 3328 936 3383 hominis
957 3328 1102 3401 repetenda

140 3420 246 3482 natura,
264 3411 475 3467 considerandae
489 3412 572 3483 teges,
594 3410 689 3485 quibus
701 3412 826 3467 ciuitates
835 3413 894 3483 regi
904 3411 1028 3479 debeant,
1045 3420 1102 3466 tum

139 3496 205 3551 haec
229 3494 366 3550 tractanda
387 3511 455 3567 quae
477 3497 618 3570 conposita
638 3503 702 3550 sunt
724 3503 751 3551 et
766 3494 900 3568 descripta
914 3496 972 3550 iura
988 3504 1015 3551 et
1030 3497 1102 3550 iussa

138 3579 318 3652 populorum,
339 3579 366 3633 in
387 3579 485 3652 quihus
507 3595 541 3635 ue
560 3580 647 3635 nostri
663 3578 771 3652 quidem
786 3579 880 3652 popuii
896 3578 1018 3635 latebunt
1034 3593 1103 3652 quae

139 3671 271 3719 uocantur
286 3664 344 3718 iura
360 3663 458 3720 ciuilia.

203 3763 243 3819 vi.
266 3761 303 3820 18
332 3760 366 3829 Q.
389 3763 451 3819 Alte
465 3779 531 3820 nero
547 3771 585 3835 et,
602 3771 632 3818 ut
649 3770 769 3837 oportet,
791 3779 805 3819 a
825 3764 922 3836 capite,
943 3762 1036 3835 irater,
1059 3778 1101 3819 re·

211 3943 230 4012 ¹)
249 3953 357 4009 naturae,
375 3953 458 3995 natura
477 3942 533 3994 AB.
