2378 4386
117 504 182 567 164
552 523 638 558 osrvs.

115 645 188 710 Quid
205 643 281 710 quod
296 651 318 702 l.
332 649 402 701 166⁸.
422 643 559 696 rubricam
572 641 621 708 qui
632 642 726 708 posuit
738 642 785 695 ‘de
798 643 943 697 fiduciaria
956 646 1067 708 tutela',

115 713 163 763 ubi
181 711 240 775 ipse
259 708 345 761 Gaius
363 709 398 762 de
417 708 568 761 fiduciariis
580 707 677 760 tutelis
688 708 821 774 loquitur,
840 711 908 762 iuris
920 710 1068 765 Iustiniani

114 779 144 829 et
160 774 246 842 ipsius
264 774 391 850 rubricae
414 776 457 827 tit.
476 774 497 831 l.
517 780 540 834 1,
561 779 599 850 lii.
623 773 736 827 videtur
759 775 948 894 coffnitionem
973 779 1002 829 et
1025 795 1067 831 ra·

113 841 220 895 tionem
236 841 375 897 habuisse.
405 840 487 895 Certe
506 839 640 893 abolitum
653 841 713 894 eius
731 844 796 895 aeta
810 858 824 894 e
837 843 956 895 tutelam
969 844 1067 898 mulie·

112 909 192 984 brem
210 906 305 985 prodit
322 906 434 983 rubrica
451 907 516 960 aute
529 912 552 968 2.
565 912 608 984 ilo.
638 907 788 985 Praeterea
804 908 954 986 barbarum
967 925 1066 963 aevum

112 973 607 1117 {illllssllbnllnllbrllllb
619 975 1066 1119 iiwffil‘ti‘dilbissdtdil

112 1109 240 1172 deantur,
252 1124 301 1185 qm
310 1109 428 1174 essibus,
440 1109 538 1175 modis,
551 1108 726 1178 temporibus
735 1113 978 1165 contrectationem
990 1110 1065 1165 Gaii-

132 1191 168 1229 ue
186 1175 287 1229 setetrs
306 1190 413 1229 merem
431 1192 448 1230 e
465 1176 579 1231 librario
602 1177 700 1245 positis
722 1177 927 1246 similibusque,
951 1181 984 1231 ut
1000 1194 1067 1232 vere

135 1243 217 1308 cem,
245 1242 320 1296 vitiis
347 1243 543 1298 conservandis
565 1260 669 1313 magna
690 1260 758 1298 cura
783 1245 910 1309 student,
957 1247 1018 1299 nasi
1043 1246 1067 1299 is

112 1311 173 1364 anti
194 1310 291 1365 uitutis
307 1310 388 1364 testis
406 1314 479 1365 esset
496 1310 525 1363 in
537 1311 612 1365 hisce
630 1312 713 1365 rebus
731 1311 786 1366 fide
806 1312 913 1381 dignus.
965 1311 1067 1365 andem

113 1380 178 1432 sets
209 1396 237 1432 ιιι
259 1377 355 1447 prodit
377 1378 553 1432 rubricarum
576 1379 661 1442 ratio,
688 1394 757 1444 quas
783 1378 926 1432 librarius¹
950 1379 1067 1448 singulis

112 1447 239 1500 materiis
261 1446 382 1500 maxime
404 1445 485 1521 initio
508 1444 601 1512 operis
627 1446 807 1515 praescripsit
827 1446 964 1524 quibusve
986 1462 1067 1513 prae·

112 1513 267 1567 scribendis
285 1512 396 1583 saepius
413 1513 535 1631 spatium
548 1528 666 1566 vacuum
679 1514 805 1590 reliquit,
823 1513 891 1567 licet
908 1513 981 1568 enim
994 1512 1067 1566 eius·

112 1580 191 1633 modi
207 1581 334 1635 rubricas
352 1585 360 1645 (
383 1594 418 1632 uo
456 1594 547 1645 ipsum
565 1595 668 1632 nomen
685 1580 833 1647 aliquotres
851 1584 979 1634 notatum
995 1581 1025 1633 in
1038 1579 1068 1634 Ο.

112 1647 265 1714 invenitur)
283 1649 355 1701 sicut
414 1660 592 1713 sponsorum,
616 1645 816 1709 Quaestionum
839 1649 957 1716 aliisque
975 1648 1068 1701 minus

112 1729 148 1766 ex
171 1715 231 1768 arte
255 1732 322 1769 coer
344 1714 469 1791 perinde
491 1711 602 1779 scriptis
625 1713 670 1778 (cl.
689 1713 733 1765 Fr.
754 1714 816 1767 Vct.
835 1719 898 1782 227)
922 1716 964 1768 ita
981 1715 1067 1768 etiarn

111 1735 415 1835 Institutionumirbris
426 1781 548 1831 inserere
561 1779 668 1831 librarii
685 1781 793 1832 mature
807 1782 988 1847 coeperint²(
1011 1781 1067 1834 uod

39 1846 42 1853 ’
112 1846 148 1901 de
166 1846 281 1917 Ulpiani
301 1850 332 1901 et
348 1845 439 1900 Pculli
455 1844 681 1898 Institutionibus
705 1860 740 1897 ex
763 1844 862 1899 Collat.
880 1850 923 1900 tit.
942 1847 980 1901 XI
1009 1888 1016 1903 .
1039 1850 1068 1901 et

186 2003 280 2072 ¹)nan
298 2007 398 2068 abipso
417 2004 477 2053 Gaio
496 2018 537 2052 ees
556 2003 675 2066 proiectas
694 2017 741 2051 non
760 2017 826 2063 esse,
848 2007 894 2053 iem
913 2005 1067 2055 Goesclrenus

113 2076 188 2126 Prsel.
204 2091 227 2140 p.
243 2076 342 2126 lllllllll.
359 2075 444 2124 xxxv.
461 2074 498 2123 cd.
514 2074 609 2122 Lechm.
624 2081 690 2122 rcere
705 2073 823 2121 iudicavit.
849 2074 914 2123 Unde
929 2076 1067 2136 Bneekingii

112 2148 238 2197 consilium
253 2161 298 2196 non
313 2146 398 2209 probo,
413 2146 453 2208 qni
467 2144 504 2193 ed.
521 2155 540 2194 ι.
557 2145 627 2191 etism
642 2157 696 2204 ess,
715 2157 773 2207 quos
789 2143 873 2192 deesse
888 2145 909 2192 ei
925 2145 989 2193 visse
1004 2154 1067 2207 suni,

112 2219 221 2267 rubricas
236 2217 360 2279 supplevit
387 2216 481 2264 Rectius
497 2215 549 2278 quis
561 2215 652 2275 lecerit,
667 2215 706 2277 qni
716 2213 752 2260 rel
762 2228 803 2262 ess
818 2215 992 2277 exterminaret,
1007 2231 1068 2279 quae

112 2302 174 2337 nunc
183 2288 322 2336 invitoGsio
331 2287 417 2335 libmm
428 2286 479 2334 eius
489 2292 600 2343 onerant,
612 2286 632 2333 is
644 2285 706 2333 enirn
718 2285 770 2348 ipss
781 2285 887 2333 oratione
898 2286 1068 2337 divisionibus·

112 2372 158 2420 que
172 2366 227 2419 epte
246 2358 314 2406 lectis
333 2357 405 2405 multo
420 2356 513 2404 doctius
528 2356 643 2418 providit,
663 2363 689 2404 nt
707 2355 782 2404 lector
800 2370 846 2404 non
866 2357 934 2419 plone
958 2357 1067 2407 indoctus

112 2428 204 2489 singula
224 2442 330 2492 quaeque
349 2427 419 2476 facile
439 2427 562 2475 inveniret.
596 2426 645 2489 ipsi
663 2426 753 2475 librarii
771 2426 880 2475 rubricas
899 2428 1010 2477 continue
1030 2430 1067 2476 iu·

111 2498 219 2547 scribere
234 2499 298 2548 circa
313 2499 384 2547 linem
397 2498 458 2559 loci,
473 2498 512 2561 qui
528 2503 565 2546 cst
579 2496 608 2545 de
623 2497 798 2559 contractibus,
818 2498 928 2548 videntur
942 2498 1067 2559 desivisse,

111 2569 193 2632 credo,
208 2569 263 2633 quia
277 2571 388 2619 continue
403 2568 474 2618 lectio
489 2569 513 2617 in
527 2568 616 2617 sobolis
631 2583 685 2617 rnro
700 2569 760 2617 ultre
776 2581 828 2616 eum
841 2568 918 2618 locum
933 2570 1068 2632 perveniret

112 2647 136 2689 et
151 2655 178 2689 ex
192 2648 276 2704 quarto
292 2641 463 2690 commentario
477 2653 552 2702 pauca
566 2646 657 2688 mnium
675 2638 864 2700 deuotionibus,
884 2654 957 2702 panes
978 2639 1007 2688 ds
1027 2653 1067 2688 er·

112 2712 263 2775 ceptionibus
277 2712 429 2761 traderentur
443 2711 484 2772 (cl.
500 2717 576 2759 const.
587 2708 685 2758 Omnem
700 2710 759 2772 reip.
770 2710 793 2770 ξ.
805 2707 836 2773 1).
861 2707 929 2757 Certe
945 2707 969 2756 C.
981 2709 1066 2758 Veron.

111 2797 199 2832 rreum
213 2784 288 2833 linces
302 2781 462 2832 inscribendis
476 2780 579 2829 rubricis
599 2778 729 2827 destinatas
747 2793 793 2828 non
812 2780 919 2828 continet
932 2779 978 2828 nisi
993 2794 1067 2843 usque

114 2852 143 2902 sd
159 2853 223 2902 illum
240 2854 317 2902 locum
332 2851 373 2916 (cl.
388 2857 436 2899 uon
452 2849 481 2897 sd
496 2860 516 2907 s,
531 2859 577 2898 ιιι.
594 2846 652 2908 168.)
667 2848 707 2896 ubi
721 2849 792 2897 eliam
807 2850 830 2897 in
846 2850 942 2911 lisigni.
958 2850 1067 2912 Epilome

111 2922 174 2969 tituli
188 2923 238 2969 iere
253 2922 374 2979 deliciunt,
389 2925 413 2966 et
426 2925 548 2980 premeres
564 2923 653 2965 tantum
663 2918 730 2966 initio
741 2933 826 2968 comm.
838 2919 873 2968 lV.
886 2929 909 2967 er
919 2925 972 2968 ante
984 2922 1006 2980 ς.
1019 2931 1064 2971 rm.

114 2985 137 3052 ⁹)
158 2990 183 3038 lu
203 3005 272 3039 usum
291 2990 425 3039 scholarum
444 2989 593 3049 primumque
612 2987 636 3034 in
655 2987 736 3036 Sebini
755 2988 822 3038 libns
843 2991 873 3038 sd
888 2989 1066 3039 similitudinem

112 3057 198 3119 edicti,
217 3059 258 3108 ubi
277 3059 307 3108 sb
326 3060 378 3120 ipso
396 3063 507 3119 praetore
526 3057 597 3118 posin
617 3057 678 3106 tituli
695 3060 792 3120 proprie
811 3060 1002 3124 appellabuntur,
1022 3061 1066 3108 boc

111 3129 200 3177 lectum
219 3142 286 3188 esse,
305 3128 417 3188 colligere
437 3127 492 3174 licet
512 3139 539 3174 cx
553 3126 619 3175 l'ers.
633 3137 658 3187 b,
672 3139 706 3179 eo.
727 3128 820 3178 Person.
835 3142 874 3189 ee,
894 3131 955 3180 uude
970 3129 1066 3186 Quintil.

112 3197 130 3246 l.
145 3196 173 3246 0.
190 3209 223 3257 12,
237 3208 257 3247 e.
272 3198 295 3258 ξ.
312 3209 345 3246 11.
380 3193 437 3243 ‘lin
456 3210 481 3243 se
502 3195 531 3244 nd
552 3196 631 3246 album
650 3213 677 3246 sc
697 3199 805 3247 rubricas
823 3199 939 3263 (intellige
960 3199 1067 3250 lClerum

111 3265 198 3331 libros)
212 3262 408 3325 transtulemnt';
423 3280 555 3329 quenquam
570 3268 632 3316 tituli
647 3269 680 3316 illi
695 3269 718 3316 in
733 3268 822 3318 libris
838 3270 866 3319 sd
882 3272 985 3320 edietum
996 3273 1067 3321 etiem

112 3337 222 3387 rubricas
238 3351 291 3386 esse
307 3342 438 3399 coeperunt
452 3335 488 3401 (L.
500 3348 519 3387 n.
531 3339 554 3398 ξ.
565 3349 584 3387 s.
601 3337 627 3387 ll.
639 3338 668 3387 de
682 3339 768 3387 interd.
782 3349 817 3398 ce,
833 3339 863 3404 1.)
879 3348 903 3389 et
918 3342 964 3389 iam
979 3343 1068 3406 Vespe-

111 3408 173 3456 sieni
187 3414 264 3456 seinte
279 3408 302 3456 iu
317 3408 368 3456 iure
383 3406 459 3465 cirili,
475 3413 500 3454 ut
514 3415 607 3456 constet
625 3422 652 3456 er
672 3408 767 3458 aeribus
787 3410 932 3472 Salpensnno
953 3419 976 3459 el
996 3414 1068 3462 lisla-

104 3478 203 3539 citano,
225 3478 277 3540 ipss
298 3491 391 3541 quoque
412 3476 489 3537 legum
510 3476 562 3541 (sed
584 3486 661 3527 remen
680 3478 846 3540 principalium
865 3481 970 3542 mulum)
989 3485 1067 3543 capim

111 3561 245 3612 quenquam
259 3562 307 3598 uon
321 3548 393 3597 rubro
403 3547 483 3596 colore
495 3548 543 3596 seri
555 3549 668 3610 inscripta
679 3548 787 3597 rubricae
798 3549 916 3612 appellata
925 3555 988 3609 sunl,
999 3551 1067 3600 inde·

111 3632 157 3682 quc
172 3618 275 3667 lurenel.
290 3629 323 3679 rs,
335 3630 381 3669 sm.
397 3613 494 3667 ‘rubros
508 3618 623 3666 maiorum
637 3614 713 3679 leges'
729 3619 872 3679 generaliter
886 3619 966 3667 dicere
982 3621 1065 3681 potnit.

111 3689 197 3738 Verum
215 3695 241 3737 ut
259 3689 283 3738 in
303 3689 421 3752 plerisque
441 3689 478 3738 ius
496 3687 565 3737 civile
586 3688 637 3736 iure
651 3688 770 3750 praetorio
790 3688 910 3750 paullatim
930 3697 1066 3750 superatum

112 3767 161 3821 est,
181 3760 213 3808 its
228 3760 299 3808 eliam
314 3760 337 3809 in
353 3759 397 3808 hsc
416 3759 481 3808 tenui
500 3773 526 3807 re
545 3758 644 3807 menime
664 3765 721 3821 puto
740 3766 865 3822 postquem
880 3759 903 3807 in
919 3757 1065 3820 Gregoricno

111 3838 135 3880 et
149 3829 336 3892 Hermogenisno
351 3827 479 3879 Codicibus
494 3829 556 3879 rituli
570 3829 599 3877 ab
614 3829 673 3893 ipsis
687 3829 824 3878 tucioribus
839 3829 868 3878 sd
883 3830 978 3880 modurn
993 3832 1067 3883 edicti
