2378 4386
447 562 483 598 nx
501 563 585 599 suero
603 562 725 599 susurro.
1003 547 1065 612 719

66 700 101 748 2⁸]
175 689 203 749 4.
231 685 293 759 ¹Qni
308 690 352 748 dio
367 699 502 749 transacto
525 692 613 766 legem
636 692 849 749 commissarium
871 709 996 751 exercere
1014 712 1063 751 uo·

112 771 187 848 iuit,²
207 784 302 850 postea
317 775 421 832 uariare
436 792 491 832 non
507 785 608 849 potest.

174 857 202 921 6.
226 852 317 916 ³Aede
339 876 413 916 saara
435 868 527 916 terrae
550 868 624 916 motu
647 861 747 932 diruta,
776 861 852 917 iocus
875 861 986 918 aedificii
1009 879 1064 919 non

112 952 154 1001 est
168 943 306 1019 profanus,
324 952 351 1000 et
367 944 428 999 ideo
445 944 537 998 nerrire
553 959 607 999 non
622 953 723 1017 potest.

174 1023 202 1084 6.
228 1021 338 1083 ⁴iiuiier
351 1043 456 1082 seruam
472 1042 503 1082 ea
517 1025 578 1100 iege
596 1027 730 1096 uendidit,
753 1034 783 1082 ut
797 1029 820 1082 si
836 1027 950 1085 redisset
965 1032 992 1087 in
1007 1047 1065 1088 eam

112 1114 256 1182 ciuitatem,
282 1110 352 1166 unde
366 1110 467 1184 piaauit
483 1111 628 1183 exportari,
651 1126 745 1165 manus
767 1111 876 1166 iniectio
892 1122 974 1169 esset.
1012 1115 1065 1170 iia-

111 1204 191 1253 nente
205 1194 315 1251 uinculo
330 1195 471 1250 seruitutis
485 1194 507 1248 si
523 1193 643 1263 redierit,
663 1209 732 1266 quae
754 1193 883 1267 uendidit,
903 1212 1009 1253 manum
1025 1200 1065 1255 iu·

111 1282 181 1350 ittet,
206 1288 232 1335 et
247 1296 279 1334 sa
295 1280 352 1334 iure
367 1293 497 1334 concesso
514 1277 672 1348 mancipium
688 1276 810 1333 abducet.
843 1286 906 1350 post
920 1282 1065 1336 marrumis·

111 1365 213 1420 sionem
230 1370 318 1417 autem
335 1363 356 1415 si
372 1360 497 1432 redierit,
517 1362 544 1414 in
560 1366 717 1433 perpetuam
732 1361 890 1416 seruitutem
906 1360 957 1416 sub
973 1362 1064 1419 eadem

112 1448 172 1520 iege
188 1444 294 1519 pubiice
305 1443 479 1501 distrahetur.
494 1458 562 1516 quae
576 1442 705 1515 uendidit,
721 1444 743 1498 si
756 1458 861 1498 manum
876 1445 997 1502 iniecerit
1010 1463 1064 1503 non

112 1530 256 1597 liberatae,
279 1527 437 1599 mancipium
453 1528 569 1582 retinere
585 1526 685 1599 poterit
700 1543 731 1582 ae
752 1529 948 1584 manumittere.
985 1529 1064 1586 adimi

112 1614 213 1686 quippe
228 1609 378 1665 libertatem
394 1618 421 1664 et
437 1609 541 1683 pnbiioe
557 1609 739 1666 uenditionem
760 1608 818 1666 iieri
833 1611 933 1685 placuit
951 1621 1065 1688 propter

112 1693 230 1769 pericula
259 1692 446 1764 uenditarum,
475 1692 559 1768 ’quae
582 1688 643 1749 uei⁶
668 1700 819 1750 metuentes
841 1704 871 1750 ut
893 1696 982 1751 seruis
1007 1699 1065 1753 suis

111 1777 239 1834 oiiensam
253 1778 291 1833 ita
305 1772 356 1832 'et⁶
370 1777 494 1833 duritiam
511 1786 624 1852 possunt
639 1778 804 1852 paenitendo
819 1772 981 1836 remittere.⁷

173 1857 200 1918 7.
229 1854 311 1928 ⁸Quo
338 1861 425 1916 minus
451 1864 589 1934 possessio
617 1863 656 1917 rei
683 1862 807 1918 uenditae
837 1861 956 1919 tradatur
981 1867 1064 1938 empti

111 1944 221 2016 iudicio,
235 1944 328 2000 decem
343 1959 471 2000 annorum
487 1947 700 2018 praescriptione
715 1962 769 2001 non
783 1946 931 2020 inpeditur.

174 2027 202 2086 8.
232 2023 391 2084 ⁹Euictione
414 2029 482 2085 eitra
505 2029 596 2084 dolum
623 2030 754 2103 emptoris
776 2038 803 2085 et
825 2029 920 2085 indicis
942 2032 1063 2087 iniuriam

111 2122 219 2182 secuta,
242 2111 399 2186 inplumes
417 2113 499 2186 empti
514 2112 612 2169 iudicio
634 2113 781 2169 secundum
804 2114 892 2188 legem
908 2123 1064 2171 contractus

111 2196 301 2271 praestabitur.

185 2352 205 2420 ¹)
218 2355 256 2419 Cf.
272 2355 302 2404 L.
317 2367 338 2406 t·
353 2356 376 2416 §-
391 2365 411 2405 u.
432 2354 746 2421 D.de1.aornm.(1s‚s).
763 2356 793 2405 L.
807 2368 828 2407 t.
847 2357 872 2407 0.
888 2358 919 2406 de
929 2365 1001 2421 pact.
1017 2360 1063 2407 int.
1154 2407 1163 2423 .

111 2433 183 2490 empt.
200 2426 232 2491 (t,
247 2424 291 2491 aa).
365 2421 385 2488 ἵ)
400 2424 445 2473 En
458 2425 582 2489 Hotiwep.
599 2428 631 2488 ej.
644 2435 753 2490 propter
767 2427 797 2475 L.
812 2438 833 2478 t.
856 2429 878 2488 §-
894 2439 914 2476 s.
930 2430 973 2477 eit.
989 2429 1064 2477 noiuit

117 2497 174 2546 Vnt.
190 2497 247 2545 edd.
306 2493 326 2560 ⁰)
342 2494 389 2544 Est
403 2494 434 2543 L.
450 2507 475 2546 ts
486 2511 530 2557 pr.
550 2496 581 2544 D.
597 2497 628 2544 de
643 2505 724 2546 contr.
740 2503 813 2558 empt.
829 2495 873 2560 (ts,
889 2496 919 2561 1).
941 2498 979 2559 Cf.
996 2497 1026 2546 L.
1042 2511 1063 2549 a.

112 2569 135 2629 ἕ.
150 2579 170 2617 s.
187 2567 218 2614 I).
234 2567 265 2615 de
280 2567 355 2615 diuis.
366 2581 419 2614 rer.
431 2564 462 2630 (1,
472 2566 504 2630 a).
519 2567 541 2628 5.
552 2577 572 2616 8.
589 2566 610 2614 I.
626 2567 680 2615 eod.
691 2565 723 2630 (s,
734 2565 764 2630 r).
781 2566 976 2627 stupuisse.
994 2567 1062 2616 Ptin.

111 2653 150 2700 ep.
165 2649 199 2698 ιο,
214 2648 240 2687 ss
255 2634 310 2701 (tt).
342 2636 456 2684 Ceterum
470 2651 523 2699 pap.
538 2637 578 2685 iib.
595 2636 632 2684 iii.
648 2651 726 2699 resp,
741 2637 809 2699 quod
822 2637 897 2685 initio
912 2638 1064 2686 minusculis

112 2709 206 2756 titteris
221 2723 269 2756 non
281 2713 414 2756 comestor
424 2707 611 2769 sedpossessor
620 2706 719 2756 codicis
730 2708 756 2754 in
766 2707 849 2769 spotia
860 2720 941 2755 uacuo
951 2707 1063 2769 addidit,

112 2785 141 2826 at
153 2779 325 2842 sipnificaret,
344 2777 455 2825 eiusdem
474 2776 530 2825 ICti
548 2792 582 2825 ex
596 2777 682 2826 eodem
697 2775 764 2825 libro
778 2791 868 2825 nouum
887 2779 988 2834 lemma,
1004 2779 1064 2826 ticet

112 2862 171 2904 non,
187 2854 213 2895 ut
227 2849 302 2906 alias,
317 2863 373 2897 cum
387 2861 451 2897 nouo
465 2862 541 2896 uersu
556 2849 679 2910 incipere,
694 2847 775 2896 omisi.
826 2843 848 2911 ⁴)
864 2846 902 2908 Cf.
918 2845 950 2897 h.
961 2858 981 2896 1.
992 2858 1012 2895 s.
1036 2847 1062 2895 0.

112 2918 143 2966 de
157 2932 222 2967 sero.
238 2932 296 2980 exp.
312 2917 344 2981 (a,
358 2919 402 2980 ou).
418 2917 449 2964 L.
465 2930 484 2967 1.
499 2929 520 2968 s.
540 2917 572 2965 D.
587 2918 642 2967 eod.
657 2915 701 2981 (is,
716 2916 747 2980 t).
812 2913 892 2980 ³)Sie
904 2913 937 2981 tiri
958 2916 986 2964 V
985 2915 998 2948 ⁴
1012 2932 1063 2967 non

110 2984 143 3052 aiu
159 3009 191 3029 =
206 2988 312 3051 quamuis
323 2986 446 3053 (Hatita).
468 2987 559 3051 Itaque
570 2988 694 3050 feresoia
705 2988 904 3049 transpositione
914 2988 1064 3037 vocularum

111 3059 151 3115 ita,
167 3074 231 3122 qnae
246 3060 272 3106 in
293 3058 350 3106 Vnt.
362 3065 422 3121 post
436 3058 604 3116 uenditionem,
618 3064 643 3106 et
658 3065 690 3118 ut,
705 3072 769 3121 puae
785 3055 820 3106 ibi
830 3057 990 3121 postpiacuit
1000 3058 1063 3122 tepi-

111 3137 166 3186 tur,
181 3131 263 3179 iocum
277 3131 467 3177 venalissimum
481 3144 540 3177 uere
558 3130 650 3177 sanari
668 3143 736 3177 nana
754 3127 851 3176 demum
869 3128 931 3176 uidi.
962 3126 1025 3176 Nam
1039 3135 1064 3176 et

110 3201 149 3248 sia
164 3201 240 3248 menti
251 3199 400 3262 Papiniani,
415 3201 489 3249 aecius
499 3214 549 3249 non
560 3199 636 3248 uerba
646 3200 693 3249 sed
700 3199 851 3248 sententiam
864 3195 990 3261 Ulpianus
999 3197 1032 3246 L.
1043 3212 1063 3248 1.

111 3269 143 3317 l).
154 3271 196 3319 cit.
209 3270 298 3330 refert,
310 3271 389 3332 plane
403 3271 511 3332 satisfit:
525 3285 574 3319 non
589 3268 691 3320 obstare
701 3269 894 3318 manumissioni
908 3270 963 3333 Iepe
977 3268 1063 3318 adem·

111 3346 161 3388 tom
176 3339 317 3389 libertatem
335 3346 360 3388 et
378 3342 473 3389 iussam
488 3340 618 3404 publicam
636 3341 817 3395 uenditionem,
837 3341 957 3403 quoniam
971 3339 1000 3388 id
1013 3354 1064 3388 non

111 3411 175 3473 reip.
190 3410 237 3458 sed
250 3410 347 3459 domini
361 3424 440 3459 causa
454 3413 579 3460 sancitum
592 3414 635 3460 sit.
686 3407 707 3475 α)
722 3426 736 3458 u
756 3410 784 3458 V
784 3409 795 3441 ⁴
811 3408 909 3475 (natum
923 3424 957 3458 aaa
968 3408 1002 3471 et)
1013 3424 1063 3459 non

108 3477 123 3527 ri
140 3501 172 3521 =
187 3480 224 3528 uei
239 3480 296 3528 edd.
313 3480 411 3528 duritia
427 3486 464 3529 est
478 3482 522 3528 tex
535 3482 602 3530 dura
617 3483 644 3530 in
659 3481 804 3530 venditione
816 3494 892 3529 seruo
907 3481 1025 3543 imposita
1040 3487 1065 3528 et

112 3552 166 3614 ispe
180 3550 287 3612 publiea
302 3557 466 3613 eaeasperata.
541 3548 561 3615 7)
577 3551 736 3599 uenditionem
752 3551 784 3598 its
799 3551 851 3598 iieri
869 3549 958 3613 piuauit
976 3557 1001 3598 ut
1020 3552 1064 3598 tex

112 3621 273 3673 custodiatur
287 3635 310 3682 p.
325 3635 348 3682 p.
365 3620 522 3680 uenditarum,
537 3622 579 3682 qui
592 3621 630 3668 uei
645 3634 676 3670 m.
692 3620 769 3667 seruis
784 3635 803 3667 s.
815 3621 930 3668 offensam
945 3620 982 3668 uei
998 3619 1064 3667 duri-

111 3691 168 3740 tiam
183 3697 285 3753 possunt
299 3706 322 3753 p.
338 3705 356 3738 r.
377 3691 415 3739 ed.
433 3689 544 3738 Mornms.
565 3704 587 3737 u.
604 3691 633 3737 ita
650 3691 664 3737 i.
679 3705 702 3752 p.
724 3696 748 3737 ut
767 3697 865 3752 propter
883 3705 906 3752 p,
927 3690 1064 3738 uenditores

112 3762 239 3823 qnondam
255 3776 284 3809 m.
301 3775 320 3809 s.
336 3776 355 3808 s.
371 3775 393 3808 o.
408 3774 431 3807 u.
447 3759 468 3807 d.
485 3761 582 3823 possint
595 3774 618 3821 p.
634 3774 653 3808 r.
669 3758 726 3807 edd.
742 3773 810 3807 meae
825 3772 845 3808 1.
859 3768 880 3807 s.
939 3757 960 3822 ο)
978 3759 1015 3819 Cf.
1031 3757 1063 3806 h.

111 3840 145 3879 ut.
163 3831 188 3879 Ο.
204 3832 235 3879 de
250 3832 323 3879 euict.
339 3828 425 3894 (uto.)
440 3828 471 3877 h.
482 3839 503 3878 5.
520 3829 545 3877 C.
562 3827 628 3892 quib.
640 3845 663 3876 n.
675 3826 750 3877 obiia.
761 3827 792 3893 (t,
803 3826 847 3892 aa).
899 3824 921 3891 0)
937 3828 975 3891 Cf.
987 3827 1017 3876 L.
1029 3838 1062 3878 sl.

112 3901 134 3960 ς.
150 3909 183 3949 ao.
200 3899 231 3947 1).
246 3901 278 3949 de
292 3900 368 3948 aedit.
383 3900 422 3948 ed.
438 3897 482 3963 (21,
498 3898 529 3963 1).
546 3898 576 3947 L.
591 3909 612 3948 s.
626 3910 651 3950 m
663 3913 707 3962 pr.
727 3897 758 3945 1).
774 3898 805 3947 de
820 3898 893 3946 coiea.
909 3896 955 3959 (er,
970 3895 1001 3961 s).
