2378 4386
159 604 200 664 36
502 612 529 646 rr.
548 610 659 646 aramve
677 611 777 646 oroaao.

159 742 211 795 uim
229 736 477 809 turpitudinemque
492 735 637 790 uitiorum?
659 735 732 807 quod
752 737 816 791 item
837 735 869 790 ad
885 737 1045 792 contrariom
1060 734 1117 792 iau·

157 822 218 877 dem
238 821 266 874 in
288 820 416 876 uirtutem
437 818 489 874 dici
510 826 609 890 potest.
644 814 689 876 ⁶2.
711 818 863 890 Postremo,
888 821 910 874 si
925 827 1038 893 propter
1052 819 1117 875 alias

157 920 201 958 res
218 903 304 957 uirtus
319 903 464 975 expetitur,
482 901 577 957 meiius
592 917 652 956 esse
665 901 765 975 aliquid
777 917 856 974 quam
868 905 995 958 uirtutem
1008 917 1118 958 neeesse

157 994 213 1043 est:
229 987 403 1059 pecuniamne
419 987 504 1059 igitur
519 1001 553 1040 au
568 985 685 1040 honores
701 1001 734 1040 an
751 985 863 1040 sormam
879 1002 912 1041 au
927 985 1118 1042 ualitudinem?

157 1085 225 1142 quae
248 1078 286 1137 et,
308 1084 390 1141 quom
412 1070 520 1135 adsunt,
542 1084 673 1141 perparua
688 1077 762 1140 sunt,
785 1077 820 1132 et,
838 1085 917 1141 quam
932 1068 978 1124 diu
993 1068 1117 1124 adiutura

156 1155 222 1223 sint,
237 1160 342 1208 eertum
356 1154 420 1208 seiri
435 1152 510 1207 nulio
526 1151 606 1207 modo
622 1160 730 1226 potest3
746 1169 790 1222 an,
807 1152 832 1207 id
849 1153 921 1225 quod
934 1154 1117 1226 turpissimum

157 1237 230 1292 dictu
251 1244 305 1304 est,
329 1235 515 1308 uoluptatem?
536 1241 562 1290 at
584 1237 610 1290 in
633 1251 664 1291 ea
687 1236 795 1308 quidem
817 1236 967 1309 spernenda
988 1245 1016 1292 et
1037 1253 1118 1310 repu-

156 1319 251 1374 dianda
267 1320 354 1373 uirtus
371 1319 414 1374 uei
431 1320 542 1374 manime
558 1320 689 1374 cernitur.

220 1419 273 1476 Sed
289 1418 421 1474 uidetisne
437 1426 538 1490 quanta
553 1419 636 1473 aerios
651 1434 742 1474 rerum
764 1422 1013 1492 sententiarumque
1028 1421 1064 1476 sit
1079 1427 1118 1475 at-

157 1521 210 1579 que
231 1511 263 1560 ut
282 1519 315 1559 et
335 1500 389 1557 aiio
409 1502 459 1557 aiia
481 1502 643 1557 nectanturi
665 1504 729 1576 quin
749 1503 857 1560 labebar
871 1503 988 1578 lougius,
1010 1505 1117 1567 nisime

157 1589 338 1644 retinuissem.

221 1686 274 1741 XX.
297 1685 330 1753 Q.
355 1683 413 1752 Quo
437 1686 562 1741 tandem?
584 1685 710 1743 lubenter
731 1689 813 1760 enin,
835 1688 928 1760 irater,
951 1687 1025 1761 quod
1040 1688 1118 1743 istam

158 1772 319 1840 orationem,
336 1778 423 1828 tecum
440 1769 605 1843 prolaberer.

220 1871 262 1927 M.
284 1871 324 1926 Ad
346 1863 440 1926 iinem¹
463 1868 612 1939 honorum,
635 1885 689 1940 quo
713 1869 868 1926 referuntur
895 1880 923 1926 et
945 1873 1042 1943 quoius
1063 1874 1118 1945 api·

156 1954 248 2011 seeudi
260 1970 339 2008 eausa
351 1960 416 2008 suut
427 1951 549 2008 iacienda
565 1953 664 2023 omnia,
679 1961 883 2009 controuersam
899 1970 955 2010 rem
971 1963 999 2010 et
1013 1954 1118 2027 pienum

156 2038 332 2093 dissensionis
346 2038 419 2092 iuter
433 2035 616 2106 doctissimos,
631 2035 679 2091 sed
694 2034 838 2108 aliquando
854 2038 905 2092 iam
919 2036 1096 2093 iudicandam.

218 2132 264 2195 53.
286 2137 320 2193 A.
344 2136 395 2204 Qui
410 2137 480 2193 istuc
495 2134 552 2190 deri
567 2142 661 2209 potest
674 2133 702 2189 ii.
719 2134 805 2192 Geiiio
821 2137 945 2192 mortuui

224 2237 264 2294 M.
289 2235 356 2304 Quid
372 2236 479 2292 taudem
495 2235 522 2291 id
537 2235 570 2291 ad
585 2235 659 2291 remi

220 2338 253 2392 A.
278 2337 408 2402 Quoniam
424 2337 535 2392 Athenis
551 2336 642 2392 audire
657 2353 690 2393 ex
704 2336 825 2393 Phaedro
841 2352 900 2393 meo
916 2338 1035 2409 memini,
1057 2337 1117 2394 Gel-

157 2420 230 2490 lium,
248 2419 403 2475 familiarem
419 2428 506 2492 tuum,
522 2435 604 2493 quom
619 2437 668 2494 pro
684 2420 796 2478 consule
810 2437 841 2477 er
856 2430 982 2495 praetura
996 2423 1024 2477 iu
1039 2421 1118 2477 Grae-

157 2505 223 2559 ciam
239 2504 358 2558 uenisset
373 2501 524 2579 (esset)que
545 2504 666 2574 Athenis,
687 2504 877 2580 philosophos,
897 2507 944 2579 qui
959 2513 1016 2561 tum
1031 2514 1118 2576 erant,

156 2586 296 2643 inlocum
318 2603 401 2644 unum
424 2603 589 2645 oouuooasse
611 2588 732 2664 ipsisque
755 2605 853 2664 magno
876 2606 958 2664 opere
981 2596 1117 2645 auctorem

157 2670 251 2735 inisse,
267 2679 298 2727 ut
313 2670 456 2746 aliquando
472 2675 720 2729 controuersiarum
735 2673 850 2746 aiiquem
863 2674 982 2730 iacerent
994 2672 1117 2729 modum:

156 2754 269 2829 quodsi
289 2763 381 2812 essent
404 2773 437 2813 eo
453 2760 553 2825 auimo,
576 2764 606 2811 ut
628 2756 732 2812 uoilent
747 2765 862 2811 aetatem
877 2758 905 2811 in
920 2756 1010 2812 titium
1027 2765 1118 2813 coute-

156 2855 227 2910 rere,
249 2856 331 2914 posse
345 2856 402 2895 rem
423 2840 581 2905 conuenire,
603 2845 631 2893 et
653 2838 733 2893 simui
756 2854 864 2910 operam
886 2854 961 2893 suam
984 2838 1037 2894 iiiis
1059 2856 1118 2895 esso

156 2921 319 2994 poiiicitum',
335 2923 358 2975 si
372 2929 467 2993 posset
482 2923 553 2976 inter
568 2935 615 2973 eos
632 2918 732 2991 aiiquid
746 2921 901 2975 conuenire.

220 3020 261 3076 M.
284 3017 403 3075 ioculare
418 3021 489 3074 istuc
505 3015 622 3090 quidem,
639 3017 780 3090 Pomponi,
796 3025 823 3072 et
839 3034 854 3072 a
869 3019 960 3074 multis
975 3035 1057 3092 saepe
1072 3020 1115 3075 de·

157 3102 256 3157 risum:
271 3101 318 3156 sed
334 3116 385 3172 ego
401 3100 480 3173 piane
497 3100 594 3155 uellem
610 3116 652 3156 me
668 3099 796 3156 arbitrum
811 3102 881 3156 iuter
902 3103 1039 3175 antiquam
1054 3104 1118 3159 Aea·

158 3184 270 3239 demiam
287 3190 314 3239 et
328 3183 462 3238 Zenonem
478 3182 579 3238 datum.

221 3285 255 3339 A.
277 3282 336 3350 Quo
352 3282 460 3339 taudem
475 3284 547 3338 istuc
561 3279 663 3339 modoi

221 3383 261 3439 M.
284 3381 351 3449 Quia
372 3381 405 3438 de
427 3399 458 3438 re
480 3397 531 3437 uua
553 3381 643 3437 solum
664 3353 811 3455 dissident,
834 3383 867 3439 de
889 3385 987 3441 ceteris
1008 3385 1118 3443 mirifice

157 3474 322 3540 congruunt.

221 3567 255 3623 A,
278 3567 327 3622 Ain
344 3565 470 3622 taudemi
484 3580 572 3620 unane
587 3573 630 3621 est
644 3566 734 3621 solum
748 3565 898 3624 dissensio?

220 3663 267 3724 54
289 3665 329 3724 M.
351 3664 423 3732 Quae
440 3665 547 3737 quidem
563 3665 594 3721 ad
610 3682 665 3721 rem
680 3666 825 3739 pertineat,
842 3684 908 3725 uua:
925 3671 1024 3743 quippe
1037 3687 1118 3743 quom

158 3751 261 3821 antiqui
283 3765 373 3821 omne,
395 3749 469 3821 quod
484 3749 631 3806 seeundum
648 3757 770 3806 naturam
792 3759 875 3824 esset,
897 3770 951 3826 quo
966 3754 1120 3810 iuuaremur

162 3864 360 3873 ——-——-

232 3911 253 3981 ¹)
272 3920 327 3964 teeti
341 3913 417 3963 addit
428 3912 459 3963 B.
