2378 4386
230 573 288 611 vnn.
303 573 405 610 crrrso.
420 572 505 610 rrssc.
522 573 707 611 cossrnrurro.
722 556 769 610 III.
787 557 902 612 10-1v.
916 563 940 611 2.
996 556 1057 622 843

75 714 99 764 ³]
196 699 239 761 tu.
264 702 331 770 Quid
354 704 484 777 apertius,
500 720 579 777 quam
595 703 670 778 ieges
691 707 900 780 suprascriptae
916 703 1060 779 declarant,

109 787 184 863 quod
206 785 278 843 nuiia
302 789 372 844 actio
394 803 443 860 por
464 797 668 860 procuratorem
689 789 747 844 sine
762 788 937 846 satisdatione
959 788 1061 845 intendi

110 881 201 948 potest
225 880 270 927 aut
293 870 427 945 proponi?
462 868 502 927 11.
524 870 597 945 Ergo
619 873 641 927 si
663 873 731 927 actio
748 889 802 928 non
818 872 897 928 datur
912 872 950 929 iiii
966 888 1061 946 procu·

110 958 205 1026 ratori,
221 957 267 1029 qui
282 956 348 1010 satis
364 970 416 1009 non
438 953 554 1024 dederit,
576 953 712 1027 quomodo
733 958 833 1027 poterit
848 957 899 1013 dici
915 964 961 1012 aut
975 958 1062 1013 nomi-

111 1043 167 1097 nari
190 1039 326 1106 iudicium,
348 1036 393 1092 ubi
414 1033 630 1093 'satisdationis¹
654 1039 798 1112 uestigium
821 1039 974 1097 nuliatenus
990 1042 1063 1097 inue-

111 1123 200 1182 nitur?
223 1121 291 1190 Quid
313 1118 491 1177 testificantur
506 1121 640 1195 principes
656 1137 705 1194 per
719 1124 928 1179 constitutiones
943 1126 1063 1181 innume·

111 1226 163 1277 ras,
181 1209 232 1263 nisi
253 1205 326 1261 nuiia
341 1219 401 1260 esse
423 1203 520 1260 debore
542 1203 649 1274 iudicia,
670 1203 715 1260 ubi
739 1214 898 1277 procurator
912 1207 1064 1263 satisdatio·

112 1308 172 1348 nem
200 1305 254 1346 non
282 1287 403 1358 dederit,
423 1280 523 1343 'daud²
545 1303 601 1343 rem
630 1295 713 1343 ratam
736 1287 872 1344 dominum
901 1289 1063 1360 habiturum,

111 1374 311 1431 euidentissima
333 1371 480 1443 sponsione
503 1369 632 1426 firmarit?
662 1373 789 1427 Attentos
815 1372 886 1439 audi,
902 1365 1003 1444 ’quod³
1024 1373 1064 1428 io·

112 1461 206 1533 quitur
221 1455 264 1510 ier
279 1453 373 1509 subter
387 1454 501 1510 adiecta:
520 1463 585 1510 tunc
596 1453 744 1528 intelliges,
762 1454 856 1511 eadere
873 1455 979 1524 iudicia,
995 1471 1064 1528 quae

113 1543 171 1597 sine
188 1539 371 1612 procuratoris
387 1537 561 1593 satisdatione
578 1537 678 1593 inerint
699 1539 807 1594 omnino
824 1539 936 1610 prolata.
971 1533 1012 1596 tu.
1028 1539 1065 1595 Er

113 1637 228 1697 corpore
244 1619 421 1676 Tireodosiaoi
437 1620 483 1677 iib.
499 1615 565 1679 ii,:⁴

156 1706 239 1779 impp.
253 1703 455 1761 Valentinianus
476 1712 504 1761 et
521 1703 616 1761 Valens
631 1706 685 1764 Ab.
716 1704 863 1762 Commune
883 1707 1022 1780 negotium
1038 1715 1065 1763 et

157 1788 314 1863 quibusdam
331 1787 484 1845 absentibus
507 1791 550 1862 agi
573 1797 680 1861 potest,
695 1791 717 1844 si
733 1798 887 1861 praesentes
909 1806 964 1846 rem
980 1800 1064 1846 ratam

155 1874 292 1929 dominum
309 1871 460 1928 babiturnm
476 1887 572 1928 cauere
593 1874 648 1928 sint
663 1875 758 1945 parati,
774 1872 817 1928 uei
833 1874 866 1941 si,
888 1873 960 1945 quod
976 1872 1008 1929 ab
1023 1873 1064 1929 his

155 1957 266 2032 petitur,
282 1955 426 2012 iudicatum
443 1956 512 2012 solui
527 1955 700 2012 satisdatione
718 1954 892 2012 brrnauerint.
916 1955 967 2012 PP.
979 1955 1010 2014 ii.
1027 1956 1063 2015 id.

156 2039 294 2097 iieoembr.
311 2039 375 2096 diuo
391 2037 500 2095 iouiano
517 2048 544 2094 et
560 2038 690 2095 Varronio
706 2056 777 2096 coss.

196 2119 241 2183 1³.
263 2123 328 2180 item
345 2122 439 2179 eodem
455 2121 522 2179 iibro
538 2131 565 2178 et
580 2117 697 2180 tttuiozi

156 2210 238 2280 impp.
255 2207 405 2277 Gratianus,
413 2205 613 2263 Valentiuianus
635 2215 661 2263 et
677 2206 846 2264 Theodosius
859 2208 934 2268 nin.
953 2206 1065 2264 Pancra-

157 2294 194 2346 tio
211 2290 251 2346 Pi.
262 2290 291 2346 P.
322 2290 350 2344 ln
373 2292 504 2363 principio
526 2292 692 2362 quaestionis
716 2308 831 2364 persona
853 2293 952 2365 inquiri
975 2290 1063 2361 debet,

156 2383 246 2429 utrum
262 2374 293 2429 ud
309 2372 442 2446 agendum
460 2375 599 2446 negotium
614 2374 737 2431 mandato
758 2384 849 2432 utatur
861 2384 980 2448 accepto.
1003 2374 1064 2442 Qut-

158 2457 207 2512 bus
230 2458 281 2512 rite
305 2465 332 2511 et
352 2455 511 2512 solemniter
534 2459 692 2513 constitutis
720 2467 811 2531 potest
834 2474 894 2514 esse
916 2462 1063 2515 sententia:

158 2541 310 2613 praeteritis
332 2548 421 2595 autem
443 2539 494 2610 bis,
518 2555 569 2596 neo
591 2539 642 2596 diui
671 2544 872 2597 controuersiae
894 2540 993 2610 soient,
1015 2558 1065 2598 nec

158 2631 249 2696 potest
264 2638 323 2679 esse
339 2621 465 2678 iudicium
481 2632 544 2681 eto.
582 2623 639 2681 Dat.
652 2623 721 2696 prid.
733 2640 797 2680 non.
812 2628 874 2697 dpr.
887 2623 936 2681 GP.
947 2626 1064 2680 Antonio

157 2717 185 2762 et
200 2706 312 2780 Syagrio
329 2722 398 2762 coss.

199 2964 240 3021 tv,
256 2963 282 3022 i.
306 2963 350 3020 ‘iu
363 2965 405 3021 dei
421 2967 528 3023 nomine
550 2965 613 3038 quid
630 2967 739 3022 tractari
754 2974 799 3021 aut
811 2963 950 3021 obseruari
960 2965 1065 3039 debeat,

116 3050 223 3122 quoties
239 3058 316 3122 pacta
331 3051 402 3104 inter
422 3059 512 3122 partes
533 3051 629 3105 emissa
645 3048 755 3118 inerint,
771 3051 792 3103 si
809 3049 982 3104 condiciones
998 3050 1065 3106 taies

114 3135 331 3206 interponantur,
356 3148 424 3205 quae
452 3149 502 3188 neo
523 3132 640 3206 iegibus,
663 3147 713 3189 neo
734 3133 831 3187 rationi
853 3127 1067 3189 conueniunt?'⁰

113 3212 139 3274 2.
163 3216 231 3284 Quid
263 3231 344 3290 agere
372 3224 418 3272 aut
446 3215 561 3273 obiicere
589 3215 743 3295 aduersario
771 3213 882 3285 debeas,
906 3215 1066 3273 lectionibus

114 3299 207 3356 subter
227 3301 339 3356 annexis
360 3301 463 3372 poteris
485 3297 638 3357 euidentius
654 3298 803 3370 informari,
819 3299 891 3371 quod
915 3308 1017 3355 tantum
1033 3300 1066 3356 de

71 3392 102 3439 ut
114 3382 200 3441 dubiis
217 3383 297 3440 rebus
312 3386 409 3457 pacisci
425 3399 581 3457 possumus:
602 3383 636 3440 de
651 3383 732 3440 rebus
747 3386 816 3440 enim
839 3385 930 3452 certis,
945 3376 1011 3439 ’exi
1026 3385 1067 3441 in·

188 3546 727 3615 ¹)&Seduiiingt'r'rj.accusationisedd.
781 3547 922 3614 ¹)arrtedd.
975 3547 1066 3615 ⁵)quid

113 3620 171 3668 edd.
223 3616 244 3684 ⁴)
260 3619 291 3668 L.
306 3633 326 3671 2.
350 3620 393 3668 rt.
411 3619 437 3668 C.
452 3620 483 3667 de
498 3621 592 3683 cogruit.
608 3627 632 3668 et
647 3634 723 3682 proc.
738 3619 770 3682 (s.
786 3618 822 3684 ts)
838 3636 864 3681 p.
880 3631 919 3670 sss
932 3620 1016 3670 Haeo.
1032 3642 1066 3663 ει

113 3690 180 3739 bs.
196 3688 218 3738 1.
236 3689 434 3740 Gdeeomort.
450 3689 643 3754 (neopum
695 3686 715 3750 ι)
731 3688 762 3736 L.
777 3699 796 3738 s.
816 3687 860 3736 Tr.
877 3690 902 3738 0.
918 3691 972 3739 eod.
985 3705 1013 3752 p.
1028 3701 1067 3741 225

114 3760 198 3810 Haeo.
213 3761 271 3808 coli.
287 3759 317 3808 L.
333 3771 367 3809 ss.
382 3758 403 3807 I.
421 3759 446 3808 C.
461 3758 494 3807 de
504 3772 613 3820 procur.
628 3756 660 3820 (ε,
674 3756 718 3821 rr).
740 3773 764 3805 o.
780 3769 826 3807 sss.
891 3755 912 3823 ⁶)
927 3758 989 3821 Ipso
1003 3759 1067 3807 daeo

113 3829 190 3878 verbu
201 3844 281 3880 novae
291 3830 488 3879 consultationis
497 3827 625 3881 videntur,
635 3842 700 3890 quae
711 3826 787 3875 ICtus
797 3842 919 3890 responso
929 3842 976 3876 suo
987 3843 1066 3890 pree·

113 3900 188 3950 misit.
218 3898 280 3947 Ideo
295 3899 507 3962 interrogationis
520 3900 620 3961 signum
631 3898 718 3959 posui.
770 3893 791 3961 ¹)
806 3905 829 3944 et
843 3898 901 3946 edd.
