2378 4386
10 39 1124 308 u

254 554 364 590 Inuum
382 553 522 590 mrumst
542 553 710 591 suanm
728 556 862 593 rsuram.

219 695 267 743 col.
281 695 304 742 1.
520 695 568 743 coi.
584 696 608 742 2.

204 756 329 842 pauonu'
464 766 608 823 Seruumin

225 842 316 908 teneb'
489 852 634 909 commisso
743 868 809 909 ceue

494 935 663 1010 uIndicaripo
743 935 787 993 iru

224 1019 328 1076 emiore
492 1011 785 1093 mitialisiitiioump'tir

496 1098 798 1161 rissinedominoeerdi¹

203 1189 346 1245 missisun'
492 1182 809 1265 priusfiusucapiai'iusta

204 1270 318 1331 asc'inee
494 1273 662 1330 taremarcsu
749 1277 823 1349 chpe

493 1373 541 1415 aco
627 1360 771 1415 iniremols

515 1453 756 1534 prislimmreddi²

578 1543 790 1619 qpubIIcanduse

206 1627 298 1682 censui
523 1628 814 1686 domiuieedesinilinie

207 1708 283 1766 iesob
523 1714 810 1789 iuiecIIoneeieumqre

518 1797 564 1855 lib.
581 1791 871 1873 ateeiusquinpessus³

205 1896 232 1954 p.
247 1879 315 1937 xxx
518 1881 565 1940 uu.
582 1890 624 1938 as
709 1884 737 1956 ip
780 1878 881 1939 arum

229 1980 277 2020 eru

78 2206 233 2256 Sententiam
245 2207 351 2268 firmani
365 2215 390 2256 ei
404 2207 538 2270 explicant
555 2206 612 2256 Gai.
628 2219 649 2268 1,
663 2218 697 2258 38.
722 2207 777 2270 Uip.
793 2207 823 2258 L.
833 2220 854 2259 I.
870 2210 892 2270 ἓ.
909 2220 942 2260 18.
962 2209 994 2257 D.
1010 2210 1042 2259 de

76 2278 145 2340 sdes.
165 2277 248 2326 liberi.
269 2275 318 2340 (ιο,
336 2277 368 2341 a).
392 2278 425 2326 L.
444 2290 465 2329 s·
491 2277 516 2326 C.
532 2279 588 2327 eod.
604 2281 640 2341 (r,
654 2275 687 2343 4).
704 2306 736 2315 -·
753 2279 939 2330 Praecesserat
960 2282 1042 2346 ipiiur

79 2349 146 2397 irone
169 2347 273 2411 Ulpiani
293 2356 377 2398 uotam
396 2349 541 2412 Papiniani
558 2351 698 2407 sententia,
717 2365 807 2400 seruos
825 2367 841 2400 a
860 2351 963 2402 domino
985 2351 1044 2401 XX

79 2436 139 2468 ann.
154 2421 252 2469 minore
271 2421 324 2468 nisi
343 2420 458 2468 vindicta
478 2435 558 2468 eausa
576 2419 689 2484 probata
703 2423 871 2472 manumissos
886 2425 955 2472 ciues
970 2421 1041 2473 Bam.

78 2506 129 2539 non
141 2492 209 2553 sieri.
292 2487 312 2555 ¹)
328 2490 392 2539 Inde
407 2507 431 2539 a.
446 2508 469 2540 υ.
484 2502 509 2541 a:
524 2491 640 2539 uindicari
656 2506 726 2552 posse
792 2492 878 2541 frustra
899 2490 1043 2559 manufmiiii

79 2562 185 2610 constiti!
205 2575 258 2610 eum
273 2562 361 2624 polerit
376 2561 438 2610 nlius
457 2560 588 2629 lesisloiris
603 2562 654 2609 sine
670 2561 765 2609 domino
780 2576 834 2609 esse
852 2563 979 2625 respondi,
999 2564 1042 2613 sed

78 2647 132 2682 cum
148 2629 153 2696 1
169 2630 213 2696 (Ιέ)
232 2632 297 2682 Dar.
331 2631 565 2695 &inferioribus
581 2639 666 2695 patet,
686 2631 810 2681 deservo
830 2634 856 2679 in
878 2631 951 2682 bonis
966 2633 1041 2695 fidei-

78 2703 249 2752 commissarii
266 2718 406 2752 sermonem
424 2718 493 2761 esse,
512 2718 616 2767 eumque
630 2703 716 2751 statim
731 2717 786 2750 eam
802 2709 886 2764 potest
902 2705 919 2750 i.
934 2717 956 2750 e.
971 2711 1041 2754 anie·

79 2790 152 2838 quam
167 2781 309 2837 usucaptis
322 2775 369 2832 rit,
384 2789 400 2822 a
415 2781 507 2840 ropaio
521 2774 701 2823 manumissum
716 2773 866 2835 comparari
879 2787 968 2830 servo,
983 2773 1043 2823 dum

78 2847 105 2893 in
125 2846 210 2894 alieno
231 2845 367 2908 usufructu
387 2852 437 2903 esi,
461 2847 628 2901 manumisso,
651 2844 751 2906 dequo
771 2844 805 2905 cs.
828 2842 871 2890 Ii.
892 2842 992 2894 Dosiin.
1008 2857 1041 2895 11.

79 2915 164 2963 Statim
179 2930 232 2963 eum
248 2923 326 2978 potest
341 2917 475 2980 intellepo:
494 2933 549 2966 eum
559 2932 601 2967 ex.
610 2932 650 2980 pr.
662 2914 794 2963 hereditas
800 2915 1042 2976 fideicommissario

78 2986 198 3034 restituta
212 2994 250 3036 esi
270 3002 316 3036 nec
331 2994 472 3050 praeterea
487 2988 606 3037 condicio
621 2988 661 3035 oei
680 2988 724 3034 Iex
742 2985 848 3049 impedit
864 2986 1043 3037 manumissio·

78 3071 142 3115 nem,
157 3057 203 3105 sed
216 3065 322 3114 tantum,
337 3058 406 3122 quod
420 3058 529 3108 nondum
538 3061 615 3121 pleno
626 3059 793 3106 inreseroum
808 3057 955 3121 acquisivii,
970 3072 1043 3122 quem

78 3135 187 3177 testaior
201 3130 280 3177 civem
296 3127 366 3178 Rom.
383 3130 445 3191 fieri
464 3131 552 3178 uoluit.
628 3125 649 3193 ²)
664 3128 790 3191 respondi,
809 3127 852 3177 sed
872 3142 925 3177 eum
941 3126 946 3194 Ι
962 3129 1042 3192 prius·

79 3214 150 3262 quam
165 3200 318 3262 usucapiatur
332 3201 419 3248 iustum
435 3198 604 3264 iiberjialema
623 3199 845 3248 fideicommissario
861 3213 907 3248 non
923 3201 1042 3262 accipere,

79 3284 125 3319 non
141 3271 203 3318 enim
219 3285 290 3332 posse
307 3267 311 3337 J
329 3271 358 3319 iis
373 3271 412 3334 qui
426 3271 562 3333 acceperint
572 3278 662 3319 remota
676 3270 785 3318 libertale
800 3278 886 3319 sisium
899 3266 903 3337 i
916 3271 1043 3333 pristinum

79 3340 147 3389 reddi
162 3341 227 3389 Dar.
258 3341 318 3390 Mea
336 3344 463 3391 sententia
484 3344 509 3390 in
529 3359 551 3393 u.
568 3355 591 3392 11
607 3349 704 3390 tantum
716 3342 784 3403 fuit:
805 3341 953 3390 {siemuiosio
965 3356 1043 3405 posse

79 3411 202 3475 accipere.
233 3411 329 3461 Nouam
348 3414 414 3462 enim
433 3414 549 3481 incipere
568 3413 720 3461 senientiam
739 3411 799 3459 inde
818 3428 834 3460 a
853 3412 1042 3475 o.12‚prodii,

78 3482 149 3546 quod
167 3485 217 3531 iam
236 3483 381 3541 deservis,
401 3499 464 3540 non,
484 3492 511 3531 ui
529 3491 618 3539 antea,
638 3483 758 3531 deservo
776 3497 859 3531 sermo
878 3489 923 3532 est.
953 3481 1043 3546 anue

79 3553 183 3602 uidetur
195 3554 288 3615 fuisse,
303 3570 377 3620 qaam
388 3561 479 3618 postea
490 3554 639 3615 informavi.
695 3549 716 3616 ³)
732 3552 900 3615 PESSUSpro
911 3552 1043 3602 PFESSUS

80 3623 145 3672 Dar.
170 3625 232 3674 viiio
248 3627 346 3676 codicis
361 3641 393 3673 an
410 3625 556 3688 ippoineiae
571 3626 704 3671 incenium.
770 3618 792 3687 ⁴)
808 3621 872 3671 Inde
887 3638 902 3670 a
915 3639 937 3671 o.
950 3634 987 3673 15:
1002 3623 1042 3687 qui

78 3695 236 3758 pubiicnndus
256 3704 291 3745 esi
311 3705 335 3745 ui
356 3697 467 3744 Incensus
484 3691 487 3735 i
507 3693 595 3743 domini
620 3707 673 3741 esse
698 3691 785 3740 desiuit
809 3693 912 3752 interes,
937 3708 1020 3741 munus

80 3766 208 3815 iniectione
231 3775 253 3814 ei
272 3782 325 3816 eum
345 3767 386 3829 qui
405 3775 496 3814 remoiu
515 3762 633 3827 iiiberinie
649 3763 700 3810 eius
720 3762 759 3825 qui
780 3776 826 3810 non
845 3763 968 3824 professus
983 3770 1020 3810 est

79 3836 203 3885 libertates
280 3838 399 3898 rescripto
419 3837 466 3884 diri
487 3835 600 3883 Hadriani
619 3833 683 3881 Dar.
713 3831 798 3881 Invito
817 3833 907 3882 codiee
924 3840 948 3881 ei
966 3845 1042 3880 sensu

79 3908 174 3971 inepto.
