2378 4386
480 577 507 614 tt.
527 576 654 613 VHAERIVB
673 574 779 614 PBOBVS·

485 771 516 810 u.
541 770 669 812 vnusnrr
689 769 783 812 enosr

377 871 415 927 de
437 873 525 926 iuris
549 868 701 944 (ciuilis)
724 879 884 926 notarum

312 987 611 1060 (sipnisicoiione
634 981 954 1059 commentoriusl.¹

218 1102 243 1161 1.
273 1102 319 1158 Est
341 1105 421 1159 etiam
443 1107 513 1160 cirea
527 1103 731 1178 perscribendas
753 1104 797 1160 uel
820 1101 991 1178 paucioribus
1013 1103 1112 1159 litteris

157 1187 286 1243 notandas
303 1204 383 1243 uoces
399 1188 518 1243 studium
533 1190 723 1243 necessarium.
746 1187 823 1254 Quod
839 1189 934 1260 partim
950 1203 999 1259 pro
1015 1187 1112 1242 uolun-

159 1279 212 1327 tate
226 1273 357 1344 cuiusque
373 1269 413 1342 lit,
429 1273 524 1344 partim
540 1288 590 1344 pro
607 1287 657 1326 usu
673 1270 779 1343 publico
795 1279 822 1325 et
837 1270 1025 1325 obseruatione
1039 1286 1112 1326 com·

156 1357 238 1410 muni.
274 1355 393 1426 Namque
408 1354 478 1427 apud
494 1363 601 1410 ueteres
622 1370 683 1409 eum
699 1370 764 1408 usus
780 1361 902 1408 notarum
923 1352 1014 1407 nullus
1030 1361 1112 1423 essct,

155 1438 282 1512 'propter
301 1431 505 1510 perscribendi²
527 1429 740 1503 'difficultatem³
768 1437 880 1491 manime
901 1437 929 1490 iu
950 1443 1046 1489 senatu
1068 1436 1113 1506 qul

109 1520 299 1576 tarsumenno
316 1520 438 1589 aderant,
454 1528 484 1574 ut
499 1513 656 1575 ’celeriter⁴
670 1518 740 1573 dieta
751 1516 1021 1590 comprehenderent,
1033 1533 1113 1590 quae·

154 1605 214 1660 darn
232 1604 315 1657 uerba
329 1612 410 1674 atque
425 1603 532 1656 nomina
552 1617 584 1655 ex
599 1603 733 1657 communi
754 1616 889 1656 consensu
908 1601 1001 1673 primis
1015 1600 1114 1656 litteris

153 1686 288 1743 notabant
310 1694 338 1740 et
360 1684 482 1758 singulae
504 1685 611 1741 litterae
633 1685 697 1758 quid
718 1682 916 1757 significarent,
938 1684 965 1739 in
986 1692 1114 1759 promptu

154 1776 223 1826 erat.
248 1762 355 1834 ’Quarti
368 1769 396 1822 in
412 1768 636 1840 praenominibus,
652 1767 766 1841 publicis
787 1765 998 1841 pontificumque
1019 1785 1114 1824 mouu-

155 1854 254 1909 mentis
270 1861 298 1908 et
313 1845 492 1939 inO’legibus⁰
513 1845 681 1926 'iurisiqnsl⁷
701 1851 788 1909 ciuilis
803 1850 878 1907 libris
893 1853 1046 1907 etiamnunc
1060 1868 1114 1906 rua·

155 1946 210 1993 net.
247 1935 287 1991 Ad
309 1953 376 2009 quas
397 1938 549 1993 notationes
572 1936 691 2010 publicas
712 1928 853 1992 'accessit⁸
873 1934 911 1991 'st
928 1936 1113 1992 studiosorum

156 2019 292 2090 uoluntas,
316 2028 345 2074 ut
368 2021 554 2094 uuusquisque
576 2020 718 2077 familiares
738 2019 790 2075 sibi
805 2027 883 2077 notas
906 2037 956 2093 pro
972 2020 1113 2076 uoluntate

156 2105 290 2176 signaret3
312 2120 378 2176 quas
400 2099 653 2178 comprehendere⁰
674 2102 807 2159 inlinitum
827 2112 876 2159 est.
906 2104 1027 2176 publicae
1048 2121 1112 2159 sanc

156 2185 297 2259 tenendae,
314 2180 426 2260 'quae¹⁰
439 2189 467 2244 iu
482 2189 661 2245 monumentis
676 2187 792 2260 publicis
807 2195 834 2244 et
849 2188 1022 2243 historiarum
1038 2187 1113 2242 libris

158 2271 293 2342 sacrisque
307 2269 423 2345 publicis
438 2273 622 2344 reperiuntur,
638 2268 677 2327 'ut
687 2265 711 2303 ¹⁰

221 2349 249 2408 2.
296 2353 325 2411 P.
483 2354 593 2410 Publius

295 2437 325 2495 L.
482 2436 580 2493 Lucius

295 2520 324 2578 C.
484 2522 563 2576 Gaius

295 2605 329 2661 ti.
483 2604 586 2659 blancus

230 2766 251 2832 ι)
265 2769 323 2820 Hoc
330 2771 388 2833 fere
399 2769 472 2819 modo
480 2767 649 2831 supplendam
663 2780 718 2815 csse
728 2765 930 2827 inscriptionem,
942 2779 1016 2828 qnam
1026 2766 1116 2826 optinui

159 2838 220 2887 libri
235 2854 289 2888 nass.
300 2839 436 2904 praebent,
445 2841 527 2888 suasit
538 2838 599 2887 niti
611 2836 674 2886 Geli.
686 2846 719 2895 lt,
733 2847 754 2887 a.
770 2834 813 2884 nbi
826 2835 938 2884 eiusdem
955 2833 1037 2884 Probi
1051 2837 1115 2884 cito·

158 2916 202 2958 tar
215 2912 410 2959 commentarius
425 2906 465 2957 ‘de
480 2909 572 2958 occulta
587 2909 718 2957 litterarum
737 2906 908 2968 significatione
923 2907 946 2955 in
962 2905 1115 2970 epistularum

157 2979 183 3028 C.
195 2978 303 3029 Caesaris
313 2977 452 3044 scriptura'.
467 2979 502 3028 Ei
511 2981 576 3028 enirn
586 2981 698 3028 vicinam
707 2978 775 3027 hunc
785 2984 898 3027 nostrum
908 2979 1116 3028 commentarium

154 3050 246 3113 fnisse,
255 3053 331 3099 etium
337 3049 473 3114 probabile
479 3052 510 3112 fit
523 3065 558 3099 ecc
568 3049 737 3112 inscriptione
751 3046 899 3113 quibusdan
910 3049 988 3098 medii
997 3051 1055 3097 aeui
1069 3065 1114 3099 no·

157 3128 240 3169 turam
251 3120 444 3170 collectionibus
453 3136 470 3169 a
482 3119 566 3170 Probo
571 3118 743 3184 pendentibus
748 3120 886 3183 praefixa:
901 3116 981 3169 ‘notae
993 3119 1044 3167 Iulii
1056 3119 1115 3167 Cse-

157 3188 240 3254 saris’‚
250 3192 282 3240 de
292 3190 383 3255 quibus
394 3190 428 3253 cs.
440 3189 560 3240 Momsen.
572 3196 622 3241 not.
634 3193 724 3239 laterc.
736 3206 763 3253 p.
775 3200 822 3241 olo.
853 3186 873 3254 ²)
884 3199 981 3254 propter
994 3190 1115 3239 scribendi

159 3261 220 3310 cad.
236 3269 260 3310 et
274 3263 330 3318 ed.,·
342 3263 429 3310 vitium
443 3276 477 3310 eac
487 3261 634 3324 compendio
645 3275 677 3324 pp
687 3260 823 3324 pscribendi
834 3268 920 3310 natnrn
929 3267 975 3310 esi.
1004 3255 1024 3323 ³)
1040 3260 1114 3309 iacul-

157 3338 229 3380 tatem
246 3331 308 3380 Cdd.
326 3338 350 3380 et
364 3331 419 3387 ed.‚·
433 3332 480 3380 sed
493 3331 516 3379 di
529 3332 709 3396 perninnndnrn
724 3338 789 3380 erni.
825 3328 847 3396 ⁴)
864 3330 943 3394 Refer
957 3331 993 3379 nd
1006 3344 1116 3394 compre·

157 3402 294 3463 henderent,
310 3417 360 3451 non
375 3402 411 3450 ad
424 3401 495 3450 dicta.
532 3402 666 3450 Cclcriiutc
678 3401 751 3464 sacto
765 3403 986 3451 senatusconsulto
1001 3415 1073 3462 opus,
1089 3407 1117 3448 nt

157 3488 216 3521 mox
230 3472 266 3520 ad
279 3474 333 3520 aiio
348 3473 432 3520 ueniri
445 3473 485 3521 vel
499 3471 598 3521 discedi
607 3478 702 3535 posset.
733 3470 754 3535 ὓ)
770 3471 836 3528 Quod
851 3479 881 3520 nti
900 3471 961 3520 cad.
982 3469 1117 3519 Fortasse:

157 3542 201 3599 Qui
215 3556 274 3591 mos.
313 3538 334 3607 ⁰)
351 3542 412 3590 cdd.
428 3549 452 3592 ct
465 3543 504 3591 ed.
524 3541 617 3598 hubent
635 3544 818 3604 transpositum
835 3548 893 3604 post
909 3540 1116 3604 praenominibus3

158 3613 207 3662 nid.
219 3613 336 3676 praefat.
367 3609 387 3676 ²)
403 3619 427 3661 et
440 3614 464 3662 in
478 3613 536 3661 iuris
553 3612 763 3675 Cnidfldedipni.
779 3612 884 3674 iurisque
895 3612 987 3660 omisso
1001 3617 1077 3658 antea
1093 3615 1117 3656 et

157 3683 180 3731 in
199 3682 232 3731 X.
249 3681 281 3731 A.
320 3679 341 3748 ⁸)
361 3683 454 3732 secedit
470 3683 530 3731 Cdd.
546 3690 570 3732 et
584 3682 624 3730 ed.
661 3678 683 3747 ⁹)
699 3681 772 3730 Haec
786 3683 908 3744 proxime
922 3680 957 3728 cd
973 3678 1034 3728 Cdd.
1049 3680 1116 3728 scri·

152 3760 257 3815 pteram
272 3753 404 3802 accedant.
422 3755 492 3802 etiam
507 3753 666 3801 studiosorum
682 3752 803 3811 voluntss3
818 3759 853 3799 set
868 3750 1030 3810 unusquisque
1046 3747 1117 3796 ismi-

157 3823 226 3872 liares
241 3823 287 3871 sibi
302 3830 369 3872 notas
385 3840 427 3887 pro
443 3824 562 3872 uoluntstc
574 3823 759 3886 quassipncrit
769 3817 1015 3882 comprehendereed.
1027 3817 1116 3865 Mons.

158 3895 249 3943 altera.
291 3890 323 3957 ¹⁰)
338 3893 383 3941 Ex
399 3894 460 3943 Cdd.
472 3896 499 3943 in
511 3892 637 3942 Momscni
650 3892 690 3940 ed.
706 3894 789 3939 altera
804 3889 904 3936 addidi.
