2378 4386
176 517 238 584 516
463 538 529 574 trun
546 538 641 574 aaroni
659 538 730 572 saur.
750 519 796 572 IV.
817 526 841 573 7.

175 668 237 739 iege
257 668 434 741 praecipitur,
458 674 648 722 testamentum
669 667 804 739 aperuerit
819 665 1023 736 recitaueritue,
1039 682 1185 740 poenatem

176 752 363 806 sestertiorum
386 751 505 823 quinque
527 748 629 805 milium
650 758 768 805 tenetur.
813 745 842 805 8.
866 749 1066 806 Testamentum
1086 751 1129 807 lex

175 836 264 889 statim
280 840 471 906 postmortem
488 835 625 888 testatoris
640 835 737 907 aperiri
751 832 848 889 uoluit.
878 842 905 887 et
921 831 993 901 ideo,
1005 836 1128 906 quamuis

175 919 211 973 sit
226 917 364 990 rescriptis
380 919 521 986 uariatum,
537 925 624 972 tamen
639 934 654 971 a
668 915 856 990 praesentibus
871 917 940 971 intra
953 917 1070 972 triduum
1084 917 1128 974 uel

175 998 304 1074 ’quinque
319 992 391 1056 dies¹
410 998 569 1074 aperiendae
584 1008 648 1056 sunt
664 999 787 1066 tabulae;
803 999 836 1055 ab
851 998 1006 1056 absentibus
1019 1017 1129 1075 quoque

175 1085 245 1138 intra
263 1076 401 1139 'eosdem²
423 1083 492 1153 dies,
517 1099 578 1140 cum
593 1075 835 1157 superuenerint:³
858 1099 909 1139 nec
923 1084 995 1141 euim
1018 1091 1128 1158 oportet

175 1161 260 1223 'tam⁴
282 1166 426 1223 heredibus
448 1175 494 1222 aut
516 1166 652 1241 legatariis
674 1176 720 1223 aut
734 1165 919 1238 libertatibus,
942 1183 1020 1239 quam
1036 1183 1128 1225 neces·

174 1251 245 1307 sario
260 1250 388 1324 uectigali
405 1266 507 1306 moram
523 1249 591 1305 lieri.

406 1403 470 1444 utu.
486 1402 541 1444 vlt.
571 1402 613 1444 DE
627 1401 710 1443 LEGE
726 1401 889 1443 contentus.

237 1495 262 1555 l.
287 1491 356 1564 ¹Qui
371 1504 563 1553 testamentum
579 1495 674 1551 laisum
689 1497 838 1570 scripserit,
854 1488 1048 1568 ’recitauerlt,⁸
1062 1495 1127 1552 sub·

175 1583 277 1651 iecerit,
293 1582 444 1655 signauerit
455 1575 573 1654 iaciens
583 1581 646 1636 doio
658 1581 743 1644 maio,
754 1572 921 1655 uerumoe)⁷
934 1581 1126 1652 suppresserit,

175 1665 324 1734 amouerit,
347 1665 543 1737 resignauerit,
566 1660 715 1733 deleuerit,
737 1677 823 1736 poena
845 1662 914 1735 legis
934 1661 1072 1719 Corneliae
1093 1663 1127 1719 de

175 1746 248 1804 ialsis
271 1747 416 1817 tenebitur,
439 1745 465 1801 id
480 1752 523 1801 est
536 1746 564 1801 in
579 1743 695 1800 insulam
711 1744 879 1819 deportatur.
923 1742 950 1802 2.
975 1739 1054 1803 ⁸Nou
1069 1753 1127 1803 tau·

175 1840 232 1887 tum
247 1831 286 1903 is,
301 1832 347 1904 qul
363 1837 551 1886 testamentum
567 1826 696 1899 subiecit,
712 1830 880 1902 suppressit,
902 1828 1019 1900 deleuit,
1040 1844 1127 1903 poena

175 1914 243 1988 legis
259 1913 398 1970 Corneliae
413 1921 568 1981 coercetur,
589 1910 733 1982 sedetis,
754 1913 800 1984 qui
822 1912 909 1967 sciens
929 1912 993 1969 dolo
1014 1913 1085 1970 malo
1101 1911 1127 1969 id

175 1996 234 2053 iierl
248 1999 328 2053 iussit
344 1995 529 2052 faciendumne
543 1996 659 2050 curauit.
696 1992 724 2052 3.
735 1990 961 2052 ¹¹Testamentum
972 1998 1127 2069 supprimit,

174 2083 221 2154 qui
236 2083 324 2136 sciens
338 2078 510 2153 prudensque
526 2077 629 2133 tabulas
646 2080 797 2134 testamenti
819 2080 846 2135 in
861 2078 981 2137 fraudem
996 2078 1127 2135 heredum

174 2163 219 2219 uel
234 2163 424 2236 legatariorum
438 2154 827 2218 ’fideinecommissarlorumw
842 2171 888 2218 aut
903 2162 1055 2219 libertatum
1070 2178 1127 2220 nou

174 2245 288 2319 proiert.
332 2241 361 2299 t.
385 2243 557 2317 Supprimere
573 2245 675 2301 tabulas
691 2245 815 2316 uidetur,
830 2247 892 2319 qui,
911 2262 972 2302 cum
987 2244 1085 2302 habeat
1099 2253 1127 2303 et

175 2325 298 2402 prolerre
312 2328 409 2401 possit,
424 2344 469 2383 eas
480 2326 601 2400 prolerre
613 2346 667 2384 non
679 2337 765 2385 curat.
799 2325 828 2383 b.
846 2323 993 2385 ¹¹Codicilli
1006 2345 1126 2403 quoque,

174 2414 198 2468 sl
220 2411 320 2467 lateant
341 2427 391 2468 nee
412 2411 598 2484 prolerautur,
620 2413 750 2486 supprimi
772 2410 936 2468 uidebuntur
979 2407 1009 2469 0.
1033 2411 1126 2470 Edicto

174 2504 307 2570 perpetuo
323 2503 449 2561 cauetur,
473 2503 504 2551 ut
518 2496 541 2550 sl
556 2494 661 2552 tabulae
676 2497 830 2551 testamenti
846 2511 901 2552 uon
916 2506 1079 2569 appareant,
1092 2495 1126 2552 de

172 2597 265 2637 earum
281 2579 443 2636 exhibitione
457 2578 600 2637 interdicto
616 2579 721 2636 reddito
737 2581 807 2634 intra
822 2573 954 2634 annum¹²
969 2581 1013 2653 api
1029 2581 1124 2654 possit,
1137 2600 1183 2649 [421

173 2748 209 2782 es
228 2731 326 2782 derebus
344 2733 408 2796 lepis
427 2729 498 2780 Rom.
523 2730 649 2795 Visipotb.
669 2729 742 2779 codd.
763 2730 862 2779 noviter
882 2731 1006 2792 repertis,
1026 2729 1126 2793 Epore-

173 2804 259 2852 diensi
272 2810 297 2852 et
312 2800 474 2859 liosanbano,
493 2802 553 2850 oiim
569 2800 720 2857 Pitioeono,
739 2814 846 2862 quorum
860 2801 991 2848 variantes
1004 2801 1126 2850 lectiones

173 2873 287 2923 subicio:
311 2872 413 2935 qualiter
431 2870 479 2934 Ep.
504 2869 563 2920 llos.
585 2871 703 2919 correxit
723 2869 807 2918 Haen.
829 2894 862 2905 -
882 2870 922 2918 ubi
942 2868 991 2932 Ep.
1011 2869 1073 2920 uos.
1092 2895 1125 2908 -

175 2943 250 3004 legem
264 2942 396 3005 percipitur
411 2938 472 2989 lios.
487 2966 520 2977 —
535 2940 671 2989 recitauerit
686 2938 745 2988 lios.
758 2946 909 2988 -teneatur
920 2939 980 2989 llos.
1034 2936 1055 3005 ¹)
1068 2938 1125 2990 Hoc

172 3013 296 3075 fortasse,
310 3013 334 3060 si
348 3012 432 3059 alieno
447 3011 546 3059 nomine
556 3010 694 3072 petendum
708 3016 772 3058 erat.
843 3006 864 3075 ¹)
879 3024 920 3058 eos
937 3009 998 3058 cdd.
1014 3010 1072 3058 edd.

177 3077 197 3145 ¹)
211 3079 253 3131 Sc.
268 3080 437 3128 dinumeratis
451 3080 548 3127 vicenis
561 3078 662 3127 milibus
672 3079 795 3142 passibus
808 3081 834 3128 in
845 3080 900 3128 dies
911 3080 1013 3128 itineris
1023 3079 1068 3143 (cs.
1080 3078 1124 3127 lb.

180 3149 238 3198 Vnt.
255 3148 316 3213 tea),
336 3163 401 3212 puae
421 3147 499 3196 verbo
522 3148 652 3211 Visipotbi
670 3149 789 3197 videntur
810 3149 942 3198 recidisse.
978 3149 1016 3212 Cf.
1032 3149 1063 3198 L.
1079 3159 1124 3201 154.

176 3219 207 3266 D.
223 3219 254 3266 de
268 3217 335 3266 verb.
350 3219 416 3281 ripn.
432 3214 477 3281 (oo,
492 3215 535 3282 to).
588 3214 609 3282 ¹)
623 3225 788 3267 testamentum
805 3220 866 3268 Cdd.
877 3220 934 3268 edd.
962 3219 1000 3282 Cf.
1015 3221 1125 3279 s,t⁸,to.

176 3294 227 3339 not,
241 3299 262 3339 8.

250 3356 298 3405 Til.
318 3354 378 3404 VII.
417 3352 438 3419 ⁵)
455 3355 492 3417 Cs.
508 3367 529 3414 a,
544 3367 577 3407 es.
597 3359 620 3417 §-
636 3371 655 3407 ι.
675 3357 706 3406 L.
722 3369 741 3408 a.
766 3360 798 3407 D.
813 3360 910 3423 adiep.
928 3360 1003 3408 Corn.
1018 3358 1126 3421 desals.

174 3426 220 3494 (ta,
236 3425 279 3491 to).
345 3423 518 3491 ¹¹)Dieiando,
533 3433 561 3475 ut
574 3430 642 3475 alius
655 3428 787 3477 scriberet.
817 3429 848 3476 L.
863 3441 897 3480 aa.
921 3429 946 3478 C.
961 3429 986 3479 b.
1001 3436 1018 3478 t.
1034 3429 1066 3494 (e,
1081 3428 1126 3495 aa).

178 3497 299 3561 Numqui
314 3496 410 3558 salsum
429 3511 517 3546 eoram
531 3497 616 3546 iudice
629 3500 714 3547 sciens
728 3500 833 3557 recitat,
848 3515 898 3548 non
914 3500 1048 3549 inciditis
1065 3499 1127 3550 Cor-

176 3571 276 3618 neliam.
296 3567 327 3615 Ι..
342 3578 376 3618 1³.
391 3568 414 3628 ἐ.
431 3579 450 3616 1.
471 3566 502 3615 D.
517 3566 541 3616 b.
556 3574 573 3616 t.
596 3568 633 3630 Cf.
648 3568 680 3616 L.
696 3581 715 3618 a.
735 3569 767 3617 D.
782 3569 818 3617 od
831 3571 879 3633 lep.
894 3569 944 3618 Iul.
960 3571 1019 3618 moi.
1035 3569 1080 3634 (ss,
1094 3567 1126 3633 4).

178 3635 198 3707 ⁷)
215 3638 279 3688 Fere
296 3637 449 3703 peminando
468 3639 585 3700 supplevi
602 3639 735 3701 (scriptam
750 3645 817 3701 puta
831 3654 866 3687 sc.
881 3640 903 3688 d.
920 3654 951 3690 m.
967 3647 1049 3689 ueruu.

173 3709 198 3773 ⁸¹)
210 3708 248 3772 Os.
259 3708 290 3758 L.
301 3721 321 3758 s.
333 3709 376 3756 rit.
426 3704 448 3772 ⁹)
461 3707 498 3770 Cf.
510 3707 541 3755 L.
551 3720 578 3759 44
584 3709 628 3770 fin.
644 3707 676 3757 D.
687 3710 718 3757 de
728 3724 783 3772 aeq.
792 3724 845 3757 rer.
856 3710 919 3758 doru.
930 3709 973 3771 (41,
983 3708 1014 3772 a).
1029 3709 1126 3759 Isidor.

178 3778 221 3830 Or.
236 3789 257 3834 o,
273 3791 305 3829 tt.
325 3780 348 3840 ξ.
364 3791 396 3828 11.
451 3774 482 3842 ¹⁰)
498 3778 772 3827 fideicommissariorum
783 3781 902 3842 plerique
918 3779 979 3827 cdd.
996 3779 1054 3829 edd.

179 3847 212 3915 ¹¹)
227 3849 266 3899 Os.
281 3849 312 3899 h.
328 3863 348 3900 1.
363 3850 386 3911 ἃ.
400 3859 420 3899 s.
441 3847 473 3897 D.
488 3849 520 3897 de
534 3847 584 3897 tab.
599 3848 685 3898 exitib.
699 3847 745 3914 (sa,
759 3848 792 3914 s).
845 3845 878 3912 ¹¹)
895 3849 1095 3911 Computondom
1109 3865 1126 3898 a
