2378 4386
430 561 464 596 aa
483 558 642 596 vsvrsvcrv.
949 542 1006 606 741

56 693 228 765 fructuarii
243 691 372 759 relictus,
393 696 421 747 et
441 689 581 762 ‘utrisque
595 681 725 747 domiuis¹
747 689 897 764 adquisitus
912 690 956 760 sit,
979 705 1013 744 an

59 776 146 832 altero
168 776 340 845 repudiante
364 777 408 830 uei
424 778 568 830 amittente
590 774 813 847 usumfructum,
836 776 912 830 alter
927 779 1013 830 totum

60 858 163 914 haberi.
196 859 228 914 Et
243 858 359 914 lulianus
375 857 481 930 quidem
494 861 589 927 portat,
613 859 652 914 ad
665 860 789 914 alterum
801 860 963 930 pertinum
984 864 1012 912 et

57 945 124 999 licet
140 945 259 1000 dominis
275 941 444 996 ususfructus
461 957 515 995 nou
531 943 624 1013 aequis
640 941 770 1013 partibus,
793 942 845 997 scd
855 956 912 1012 pro
926 941 1011 998 dorni·

58 1030 130 1082 nicis
145 1027 326 1099 adquiratur,
344 1031 439 1079 tomen
452 1039 579 1094 persona
595 1028 667 1092 eiua,
690 1042 747 1081 non
762 1026 949 1093 donninorum,
971 1025 1011 1080 iu·

58 1116 151 1183 specta
173 1109 205 1164 ad
228 1110 350 1164 alterum
372 1120 412 1163 ecc
432 1107 551 1162 dominis
570 1112 734 1180 pertinere,
762 1124 818 1163 uon
838 1111 1013 1179 proprietati

58 1193 204 1252 accedere.
227 1186 231 1268 l
255 1184 310 1266 (3.)
334 1189 405 1246 idem
420 1191 465 1258 ait,
487 1197 514 1245 et
529 1192 553 1246 ei
568 1192 703 1247 communi
722 1206 803 1246 seruo
819 1199 846 1245 et
860 1184 1117 1263 separatimeaaire]

58 1276 129 1332 Titio
146 1275 319 1331 ususfructus
334 1273 441 1346 legatus
455 1273 502 1343 sit,
518 1275 640 1328 amissam
656 1281 759 1346 partem
774 1273 946 1329 ususfructus
957 1289 1011 1329 uon

59 1360 90 1415 ad
103 1360 213 1428 Titium,
228 1359 275 1414 sed
287 1358 318 1412 ad
334 1358 422 1413 solum
433 1357 537 1411 socium
553 1358 688 1429 pertinere
702 1355 811 1426 dehere,
832 1357 907 1429 quasi
922 1355 1012 1412 solum

59 1446 251 1507 coniunctum3
274 1456 352 1513 quana
366 1439 525 1495 seutentiam
541 1455 629 1513 neque
645 1439 795 1508 Marcellus,
812 1455 898 1511 neque
914 1437 1012 1495 Mauri-

59 1527 151 1581 cianus
167 1523 298 1597 probaut;
319 1522 480 1596 Papinianus
496 1538 604 1596 quoque
619 1522 666 1579 lib.
684 1521 759 1578 xvtt.
771 1521 963 1589 Quaestionum
979 1521 1012 1578 ala

60 1625 88 1663 ea
102 1606 218 1674 recedit3
236 1622 303 1679 quae
315 1608 448 1662 sententia
460 1605 562 1661 Neratii
576 1605 645 1670 ’fult
663 1602 715 1679 (uti
725 1614 767 1663 est
779 1605 848 1662 libro
861 1606 879 1662 1.
890 1606 1012 1679 Respon-

59 1705 150 1745 sorum
174 1682 314 1751 relatum.²
356 1689 406 1747 Sed
430 1699 511 1762 puto,
534 1705 594 1747 esse
617 1706 708 1747 ueram
724 1689 818 1746 iuliani
835 1692 1011 1746 seutentiam:

59 1790 119 1828 narn
130 1773 256 1845 quamdiu
274 1773 316 1829 uel
329 1789 398 1829 unus
413 1775 510 1844 utitur,
526 1782 616 1847 potest
627 1773 689 1846 dici,
707 1773 903 1830 usumfructum
918 1775 944 1830 iu
960 1791 1011 1831 suo

59 1872 120 1913 esse
134 1865 215 1913 statu.
254 1855 420 1930 Pomponius
436 1859 474 1912 ait
488 1857 557 1914 libro
574 1857 626 1914 Vll.
643 1874 674 1913 ex
690 1857 806 1926 Plautio,
821 1858 904 1913 relata
918 1857 1012 1915 lulloni

59 1942 203 2010 sententia,
220 1939 350 2014 quosdam
363 1956 422 1997 esse
437 1943 465 1995 in
480 1940 597 1998 ’diuersa
609 1943 736 2015 opinione
743 1933 767 2013 3³
782 1941 912 1997 necentur
927 1942 1012 2014 magis

59 2026 133 2080 socio
149 2023 248 2080 debere
264 2022 429 2098 adcrescere,
452 2041 530 2097 quam
546 2024 643 2081 debere
659 2027 698 2095 ei,
721 2027 768 2098 qui
790 2018 896 2081 'fundi⁴
910 2023 1011 2082 hahens

60 2108 269 2178 usumfructum,
284 2115 388 2182 partem
404 2109 576 2164 ususfructus
591 2110 770 2183 proprietario
785 2111 878 2179 cessit,
898 2107 941 2165 uel
957 2123 1012 2165 oon

10 2205 44 2252 aa]
60 2191 161 2247 utendo
179 2189 277 2248 amisit.
321 2206 374 2264 ego
389 2199 478 2266 autem
494 2190 586 2247 iuliani
601 2196 761 2249 sententiam
777 2208 832 2249 non
847 2193 952 2248 ratione
967 2192 1013 2249 ad·

60 2274 197 2330 crescendi
219 2273 380 2348 probandam
402 2281 484 2348 puto,
512 2275 632 2346 sedeo,
660 2276 733 2350 quod
758 2275 886 2348 quamdiu
913 2291 1013 2334 seruus

61 2350 180 2435 ¹(eius)⁶
201 2366 259 2428 est,
282 2360 358 2415 cuius
380 2373 496 2431 persona
517 2359 546 2414 ln
567 2345 656 2433 iegato
679 2368 832 2434 spectatur,
855 2376 910 2417 nou
931 2359 1013 2418 debet

59 2443 148 2515 perire
169 2443 270 2515 portio.
314 2439 431 2515 Urgetur
459 2450 547 2498 tannen
570 2442 662 2499 iuliani
690 2445 823 2500 sententia
845 2445 1013 2516 argumentis

59 2523 216 2597 Pomponii:
240 2540 400 2599 quamquam
415 2524 527 2581 Sabinus
549 2525 730 2600 responderit,
754 2534 784 2581 ut
798 2534 826 2581 et
845 2524 949 2582 ’Celsus
964 2527 1010 2584 til.

59 2607 146 2665 illilll.
163 2616 190 2665 et
204 2608 321 2664 lulianus
342 2603 403 2687 (tta.
419 2602 564 2684 XXXV.)
580 2602 653 2681 ltig.6
674 2609 769 2680 refert,
790 2625 861 2680 eum,
884 2611 930 2682 qui
951 2626 1011 2684 par·

60 2701 113 2748 tem
137 2692 309 2750 ususfructus
331 2694 357 2747 in
381 2694 439 2748 iure
462 2695 553 2762 cessit,
575 2701 604 2747 et
618 2694 739 2749 amittere
761 2700 880 2765 partem,
903 2695 1012 2767 etipsa

133 2902 152 2970 ¹)
168 2905 262 2966 utrique
277 2904 372 2954 domino
389 2904 446 2970 Dip.
464 2907 565 2968 utrique
579 2920 614 2954 ea
627 2903 886 2955 deminoratione.
935 2902 956 2972 ¹)
970 2905 1011 2956 Ito

59 2982 205 3038 tantumque
219 2975 293 3023 fuerit
309 2989 361 3037 pro
382 2976 423 3023 iuli
437 2976 535 3037 scripto
554 2974 593 3024 ed.
609 2975 722 3025 Momms.
743 2990 778 3023 ea·
801 2974 849 3024 Vi.
870 2976 917 3025 aed
933 2979 1013 3026 malui

59 3053 97 3102 ot,
112 3045 180 3108 quod
195 3052 254 3108 post
269 3045 313 3093 luit
328 3045 410 3107 facile
424 3046 547 3095 excidere
562 3047 660 3108 potuit,
673 3047 807 3109 supplere,
828 3061 884 3095 eum
898 3048 1012 3098 incertos

58 3117 198 3164 sententias
211 3115 314 3176 referre
329 3114 385 3163 ICti
399 3113 509 3165 Romani
523 3130 573 3165 non
586 3116 692 3166 caleant.
719 3115 809 3165 alibro
823 3116 841 3165 l.
856 3130 920 3178 resp.
934 3118 1012 3167 refuta

58 3187 97 3235 ed.
108 3185 202 3237 Iloilw.
256 3181 276 3248 ⁸)
290 3185 409 3235 diuersam
420 3187 554 3248 opinionem
563 3187 597 3235 ait
611 3185 668 3236 Vat.
678 3186 737 3236 edd.
763 3186 820 3236 Non
829 3194 866 3236 eat
876 3187 909 3235 uit
919 3188 945 3236 in
960 3188 987 3237 V
988 3187 1009 3236 ⁴.

59 3253 79 3318 ⁴)
95 3259 139 3319 qui
150 3262 234 3318 potest
244 3270 258 3304 e
268 3255 417 3320 ropionibus
427 3257 518 3316 dividi,
529 3272 578 3321 quo
590 3257 664 3319 sacto
673 3259 749 3306 etiam
760 3258 848 3321 partia
857 3271 907 3306 non
917 3261 1011 3310 utendo

59 3326 223 3388 ususfructus
237 3327 320 3375 atnitti
329 3333 421 3388 potest.
450 3327 541 3392 Itaque
556 3327 621 3377 nillil
634 3328 793 3387 mutandum,
812 3336 839 3377 ut
853 3334 1011 3379 tentaveram

58 3396 113 3444 edd.
131 3409 150 3446 1.
165 3406 185 3446 a.
260 3392 282 3460 ⁶)
297 3395 427 3458 Suppfeoi,
443 3413 499 3447 cum
513 3413 548 3447 err
562 3413 618 3447 -ous
634 3401 672 3448 oet
690 3413 725 3448 ear
739 3405 800 3449 nota
814 3399 835 3446 e'
855 3398 885 3448 alr
903 3413 1012 3463 sequena

59 3472 94 3512 est
112 3468 243 3528 periisset.
274 3465 311 3528 Cs.
329 3466 359 3515 L.
375 3477 408 3518 15.
430 3467 456 3517 C.
471 3469 502 3516 de
518 3468 601 3529 ususr.
616 3466 652 3532 (a,
666 3467 717 3534 ta),
731 3472 806 3519 cuiue
820 3471 847 3518 in
862 3473 1011 3533 quaestione

57 3536 113 3582 sine
127 3535 205 3585 dudio
224 3535 348 3597 Ulpianus
362 3539 420 3584 item
434 3553 451 3586 a
465 3536 564 3586 Iuliani
574 3538 695 3599 partibus
708 3541 785 3588 eterit.
844 3536 866 3602 ‘)
881 3541 959 3589 celsos
974 3543 1011 3590 iu-

57 3605 133 3653 lianus
149 3606 189 3655 lib.
206 3604 286 3654 lllillll
301 3606 348 3667 dig.
368 3606 425 3654 Vat.
443 3605 525 3655 Celsus
540 3607 579 3654 lib.
596 3607 684 3657 lllllllf.
701 3607 758 3672 (sed
766 3608 909 3671 probantes
922 3624 1010 3661 corre·

57 3677 165 3724 ctionem
181 3674 272 3739 1111111.)
287 3675 337 3736 lifg.
353 3677 410 3724 edd.
426 3675 519 3726 Hallro.
534 3682 559 3724 et
573 3675 686 3726 Mamaea.
715 3677 768 3727 Sed
785 3681 950 3729 remaimiiiua
964 3689 1009 3738 est,

56 3744 193 3795 librarium
214 3745 314 3808 duplici
334 3745 451 3795 binarum
470 3745 633 3809 Itipeetorum
651 3748 773 3797 citatione
791 3749 818 3796 in
837 3764 952 3799 errorem
971 3753 1010 3798 in·

56 3815 158 3863 ductum
174 3829 241 3870 esse,
257 3830 331 3878 quam
345 3813 445 3864 Iuliani
458 3817 606 3864 mentionem
624 3818 680 3864 aine
701 3831 781 3866 cauea
795 3819 940 3867 intrusisse.
971 3819 1009 3883 Cf.

56 3885 79 3944 §-
96 3895 128 3933 ta.
144 3892 168 3933 et
183 3886 215 3932 de
231 3884 297 3932 Celsi
312 3884 353 3932 lib.
373 3885 479 3933 XVIII.
495 3884 593 3934 Bucfrk.
609 3886 645 3934 ad
657 3887 681 3935 lt.
697 3888 713 3936 l.
