2378 4386
177 527 243 593 282
456 544 514 581 carr
532 545 624 582 uuartr.
643 526 677 580 ll.
696 532 843 582 771-777.

177 676 245 734 ciliis
260 674 377 749 relinqui
391 681 492 749 potest.
528 669 592 732 771.
607 673 673 731 ltem
688 692 704 731 7
718 674 847 750 legatario
863 674 948 750 legari
959 691 1013 733 non
1026 683 1128 750 potest,

177 759 226 816 sed
242 757 475 815 fideicommissum
490 757 608 832 relinqui
622 765 724 832 potest.
754 761 818 832 quin
829 761 907 816 etlam
918 759 950 816 ah
962 775 994 816 eo
1008 776 1127 834 quoque,

177 844 220 899 cal
235 859 285 916 per
298 840 533 900 fideicommissum
547 841 740 917 relinquimus,
760 859 854 899 rursus
871 843 917 900 ulii
930 860 978 917 per
993 842 1129 900 fideicom-

178 927 288 982 missum
303 926 456 1000 relinquere
471 941 626 1000 possumus.
658 921 724 984 272.
747 926 812 982 ltem
828 943 909 984 seruo
923 927 1010 984 alieno
1023 925 1127 985 directo

178 1009 287 1067 libertas
314 1009 370 1067 dari
398 1024 452 1067 non
480 1018 589 1083 potest,
616 1009 664 1066 sed
692 1026 741 1085 per
768 1009 1004 1068 fideicommissum
1025 1019 1127 1085 potest.

177 1088 243 1153 278.
266 1094 332 1151 item
347 1092 477 1150 codicillis
491 1109 570 1150 nemo
588 1093 669 1150 heres
683 1096 789 1151 institui
804 1103 895 1167 potest
914 1111 1002 1169 neque
1018 1096 1128 1153 exhere-

177 1176 248 1248 dari,
272 1179 394 1251 quamuis
421 1185 581 1235 testamento
602 1175 753 1235 confirmati
775 1179 846 1247 sint3
868 1186 895 1235 at
916 1180 954 1244 is,
978 1181 1024 1253 qui
1046 1188 1128 1235 testa·

178 1270 269 1318 mento
291 1261 371 1319 heres
393 1263 534 1318 institutus
556 1270 609 1331 est,
630 1270 723 1335 potest
744 1261 875 1320 codicillis
890 1265 993 1336 rogari,
1017 1272 1047 1319 ut
1069 1279 1127 1320 eam

178 1344 354 1403 hereditatem
377 1344 421 1402 alii
444 1353 527 1401 totam
544 1344 587 1401 uel
611 1361 643 1401 ex
658 1353 734 1419 parte
748 1347 884 1416 restituat,
907 1348 1030 1419 quamuis
1046 1355 1128 1404 testa·

109 1428 167 1479 777.
178 1437 268 1486 mento
295 1428 412 1487 codicilli
440 1427 590 1487 confirmati
619 1444 673 1486 non
700 1431 764 1486 sint.
794 1424 799 1505 Ι
829 1426 897 1487 274.
925 1429 991 1487 ltem
1020 1430 1128 1503 mulier,

178 1528 250 1586 quoe
272 1511 304 1568 eh
327 1528 375 1584 eo,
398 1515 444 1586 qul
466 1521 573 1569 centum
588 1512 659 1569 utilia
681 1514 752 1569 acris
772 1529 870 1570 census
892 1523 949 1585 est,
971 1530 1019 1588 por
1040 1513 1128 1587 legem

177 1596 323 1654 Voconiam
337 1596 429 1653 ’heres
443 1598 571 1654 instituto
593 1589 720 1668 coperc¹
742 1613 797 1653 aon
817 1606 925 1671 potest,
949 1606 1037 1654 tamen
1054 1596 1125 1653 77777-
1138 1606 1188 1656 [²⁰⁵

178 1683 322 1737 commisso
337 1679 457 1738 relictam
472 1680 522 1736 slhl
538 1679 715 1737 hereditatem
730 1697 825 1755 capere
846 1690 947 1756 potest.
991 1677 1056 1739 276.
1079 1680 1127 1736 77-

179 1765 229 1821 tlni
243 1780 368 1839 quoque,
389 1766 435 1837 qul
450 1763 614 1820 hereditates
628 1762 772 1838 legataque
786 1764 890 1823 directo
905 1768 963 1822 iure
979 1765 1039 1839 iege
1055 1766 1128 1821 iunia

179 1864 273 1923 cepere
289 1848 481 1922 prohihentur,
503 1863 536 1903 er
559 1845 766 1905 fideicommissa
781 1864 877 1923 capere
891 1859 1016 1923 possunt.
1059 1845 1126 1906 276.

178 1929 243 1988 ltem
264 1948 324 1989 cum
343 1940 452 1988 senatus
472 1930 597 1987 consulto
618 1930 783 2005 prohibitum
798 1933 834 1988 sit
856 1934 995 2005 proprium
1017 1949 1128 1990 seruum

178 2017 309 2071 minorem
324 2016 400 2071 annis
414 2031 476 2071 xxx
490 2012 604 2071 liberum
620 2022 648 2072 et
662 2014 789 2072 heredem
811 2016 966 2084 instituere,
990 2015 1128 2089 plerisque

178 2097 281 2173 placet,
303 2115 384 2173 posse
405 2113 455 2154 nos
476 2096 569 2154 lubere
591 2097 704 2154 liberum
726 2114 802 2170 esso,
829 2114 890 2155 cum
911 2113 1042 2154 annorum
1065 2116 1127 2156 xxx

178 2183 241 2253 erit,
263 2190 290 2239 et
304 2198 417 2258 rogare,
439 2189 470 2238 ut
485 2189 550 2238 tunc
564 2182 603 2239 llli
617 2184 776 2239 restituatur
790 2181 933 2241 heredites.
976 2176 1039 2239 277.
1060 2181 1127 2239 item

179 2266 301 2338 quamuis
317 2281 372 2322 non
388 2259 558 2341 (passimus)
574 2274 639 2340 post
659 2277 774 2324 mortem
790 2267 863 2335 eius,
886 2266 931 2339 qui
947 2265 1025 2322 nobis
1048 2266 1126 2323 heres

177 2380 388 2390 ———.

252 2445 273 2517 ¹)
286 2451 345 2501 hdes
359 2452 476 2501 institutio
485 2451 576 2503 Sebed.
592 2451 617 2519 (o
628 2454 655 2502 in
669 2453 696 2502 V
697 2449 718 2487 ¹2
727 2450 868 2518 expuncto)
878 2453 948 2502 heres
959 2453 1049 2503 institui
1060 2454 1126 2512 edd..

177 2522 301 2587 quomodo
317 2538 381 2573 77777
398 2531 517 2574 oratores
536 2525 567 2574 de
587 2524 726 2588 capacibus
745 2524 835 2574 dicunt
857 2522 961 2584 Quintil.
980 2524 1003 2573 1.
1024 2524 1055 2576 Ο.
1071 2536 1091 2586 7,
1105 2536 1126 2576 7.

177 2594 193 2656 ὅ
215 2604 249 2645 tt.
273 2593 332 2644 Vld.
349 2591 453 2644 ‘Gaius’
467 2611 494 2658 ρ.
509 2605 543 2646 57.
562 2595 660 2645 heredia
675 2596 823 2645 institutione
842 2593 956 2660 (capere)
970 2595 1010 2643 ed.
1025 2611 1079 2644 mea
1095 2607 1127 2646 t.:

177 2664 247 2728 qnod
258 2668 323 2716 aetla
336 2665 431 2716 Latine
445 2665 500 2716 diei
513 2674 583 2717 recte
596 2667 698 2731 aequali
715 2664 764 2730 139.
778 2666 818 2715 77.
832 2676 853 2717 5.
882 2664 937 2714 Iam
952 2672 1028 2728 puto,
1048 2664 1127 2715 libro·

177 2736 245 2784 rium
259 2751 315 2786 eum
328 2739 438 2787 77777777
455 2734 500 2802 (=
514 2736 611 2802 capere)
626 2735 700 2793 libri,
720 2735 786 2784 unde
801 2734 973 2793 describebat,
988 2751 1038 2786 non
1054 2737 1127 2785 intel·

178 2807 273 2869 7797777
287 2805 448 2873 (plerumque
462 2810 528 2857 enim
542 2815 639 2857 tantam
653 2822 681 2856 uc
696 2809 763 2855 valet
773 2804 915 2873 usucapere)
926 2807 1022 2870 secisse
1032 2822 1046 2855 o
1057 2807 1127 2856 lade·

178 2890 226 2939 que
240 2879 316 2926 etiam
330 2886 406 2927 antea
420 2894 434 2926 a
448 2885 557 2927 mutasse
572 2880 599 2926 in
614 2878 629 2936 l,
645 2878 698 2925 rin
712 2876 735 2925 d.

247 3011 272 3081 ἓ.
288 3018 348 3066 777.
373 3016 411 3079 Cf.
431 3018 470 3079 77.
490 3028 536 3067 eoo.
557 3028 602 3069 777.
631 3015 685 3079 bip.
705 3026 739 3073 77,
758 3026 791 3067 oo.
816 3016 886 3080 Eptt.
901 3020 918 3066 7.
934 3035 956 3067 7.
975 3020 998 3079 ς.
1015 3031 1035 3068 7.
1058 3016 1079 3066 1.
1095 3016 1127 3066 da

177 3083 245 3144 77779.
261 3083 313 3133 reb.
329 3084 360 3147 (7,
375 3084 419 3149 77).
499 3087 579 3136 .277.
600 3086 638 3149 Cf.
654 3085 723 3147 Epic
738 3088 754 3134 7.
771 3102 793 3136 7.
808 3088 847 3149 ἐξ.
862 3098 908 3138 aut.
924 3099 970 3138 777.
985 3091 1008 3149 5.
1023 3099 1042 3138 7.
1058 3086 1080 3137 1.
1095 3087 1127 3136 777

177 3153 245 3216 aina.
260 3152 313 3203 reb.
328 3154 360 3218 (7,
374 3154 418 3220 77).
498 3192 503 3204 .
519 3158 578 3206 773.
600 3156 638 3218 Cf.
658 3154 713 3218 b'lp.
729 3167 763 3211 75.
778 3168 811 3206 77.
831 3156 900 3220 Epir.
916 3160 932 3206 7.
948 3174 970 3206 7.
986 3160 1008 3219 ξ.
1024 3170 1043 3209 7.
1059 3156 1080 3207 Ι.
1095 3156 1127 3206 de

178 3222 261 3273 codic.
276 3222 307 3288 (7,
321 3222 366 3289 77).
381 3226 404 3285 ξ.
419 3235 453 3275 77.
489 3224 717 3289 ‚descasbered
733 3225 768 3289 (7,
788 3224 833 3290 77).
897 3224 922 3294 §-
938 3230 997 3278 777.
1020 3228 1058 3292 Os.
1075 3227 1126 3277 Cic.

183 3292 260 3343 Vera.
274 3304 294 3351 7,
310 3307 329 3346 7.
345 3309 367 3343 7.
381 3304 416 3343 77.
440 3309 495 3343 eura
512 3293 598 3345 Sobel.
617 3295 656 3343 ed.
672 3294 740 3344 Bait.
752 3311 779 3358 p.
795 3307 842 3347 777.
861 3297 893 3345 de
907 3306 1000 3346 777777.
1014 3310 1035 3349 5.
1056 3301 1078 3360 5.
1094 3310 1127 3350 77

178 3363 210 3412 de
225 3364 272 3428 ten.
287 3374 307 3421 s,
322 3374 348 3414 so
361 3377 412 3428 req.
432 3364 464 3413 de
478 3379 532 3429 rep.
547 3375 568 3423 7,
583 3376 616 3415 uo.
636 3364 724 3427 defin.
739 3376 759 3423 7,
769 3377 802 3416 77.
818 3367 841 3428 ς.
852 3376 886 3419 77.
905 3367 956 3418 Dio
969 3368 1038 3418 Cass.
1049 3380 1082 3426 ao,
1094 3380 1126 3420 io.

181 3431 286 3494 Quintil.
303 3434 367 3483 decl.
382 3444 429 3485 777.
450 3434 519 3484 Ptin.
535 3450 629 3499 panea.
644 3446 678 3485 77.
697 3434 755 3484 Lio.
775 3451 813 3499 ep.
828 3449 862 3486 77.
892 3436 953 3487 dett.
970 3450 990 3493 7,
1006 3451 1038 3490 77.
1059 3452 1092 3497 77,
1106 3450 1126 3490 7.

178 3516 212 3563 77,
227 3517 246 3555 7.
266 3504 403 3568 Angustia.
419 3504 450 3554 de
464 3506 512 3554 eiu.
532 3504 563 3553 I).
578 3516 599 3562 7,
614 3515 647 3554 77.
669 3504 801 3554 Plutarch.
819 3506 870 3555 cte.
885 3520 920 3558 77.
940 3507 1029 3572 Polyb.
1045 3520 1078 3566 77,
1094 3521 1127 3559 77.

177 3570 203 3642 ξ.
218 3577 277 3625 775.
299 3574 337 3638 Cf.
357 3574 411 3638 ttp.
427 3586 460 3632 75,
476 3587 496 3625 7.
510 3585 544 3631 77,
559 3587 579 3625 7.
599 3590 679 3637 supro
694 3587 714 3633 1,
729 3585 755 3625 77
769 3589 820 3638 seq.
840 3576 871 3623 L.
888 3588 913 3626 77
924 3592 967 3639 pr.
987 3578 1019 3625 D.
1035 3579 1066 3626 de
1081 3586 1126 3627 7777.

177 3660 233 3695 aar.
248 3643 293 3710 (77,
307 3644 339 3710 7).
388 3641 406 3713 ξ
430 3648 489 3696 776.
511 3645 549 3708 cs.
568 3644 623 3708 7777.
639 3656 673 3703 ro,
687 3656 708 3696 7.
728 3644 759 3693 L.
769 3655 803 3694 77.
822 3644 854 3693 D.
866 3645 897 3693 de
908 3645 959 3694 reb.
970 3646 1028 3694 aab.
1040 3647 1085 3712 (77,
1096 3648 1126 3712 7).

176 3714 208 3765 11.
224 3727 257 3768 78.
271 3727 306 3767 db.
330 3715 363 3764 D.
382 3716 413 3764 777
433 3731 498 3765 man.
517 3722 572 3764 7777.
592 3716 637 3781 (to,
655 3714 686 3780 4).
710 3713 742 3764 Ia.
763 3726 795 3765 tu.
815 3716 837 3776 §-
853 3725 872 3765 5.
898 3715 929 3761 D.
950 3716 981 3763 de
999 3724 1067 3764 77777
1083 3719 1125 3765 lib.

186 3797 221 3843 4⁰,
236 3786 266 3852 7).
286 3784 319 3835 L.
333 3798 367 3838 77.
382 3787 404 3847 5.
419 3796 439 3837 7.
458 3785 491 3834 D.
502 3786 566 3848 sant.
581 3800 635 3836 ere.
650 3784 728 3850 (77.7)
743 3792 768 3834 77
782 3784 824 3833 lt'b.
841 3800 918 3833 meum
935 3781 1040 3833 ‘Gaius'
1053 3801 1080 3847 p.
1091 3797 1125 3836 57,

175 3784 201 3926 ἕ.
216 3859 276 3908 777.
298 3856 336 3921 (Υ.
352 3855 421 3920 apta.
436 3866 457 3914 7,
472 3866 491 3907 7.
507 3856 529 3919 ἓ.
545 3867 565 3908 7.
584 3870 665 3920 cupro
679 3858 701 3919 ἓ.
717 3867 763 3907 teu.
778 3863 841 3920 etp.
856 3864 902 3906 777.
919 3862 969 3905 not.
984 3866 1004 3905 7.
