2378 4386
169 534 233 600 652
360 554 417 591 taos.
437 554 470 590 rr
488 555 549 590 nort.
568 554 658 591 urovtt
676 554 780 591 condar.
800 536 833 589 ll.
855 543 929 589 t-t.

596 721 694 757 INCIPIT

410 790 481 872 (ιιι.
496 791 543 873 ιι.)
559 814 600 853 nn
616 812 732 854 arnocr
746 812 877 855 rmvnrt.

231 904 297 980 llap.
313 906 333 964 l.
371 906 501 979 Moyses
524 900 645 963 dicit:¹
674 904 697 962 1.
715 906 742 962 st
757 915 846 963 autern
865 906 1055 964 contenderint
1067 908 1125 966 duo

170 992 235 1060 uiri,
259 999 286 1046 et
308 991 473 1064 percusserit
495 990 562 1046 alter
577 989 690 1046 alterurn
705 989 808 1064 lapide,
831 998 876 1044 aut
893 1007 1002 1063 pugno,
1025 1002 1051 1047 et
1067 1009 1126 1049 non

171 1073 252 1129 luerit
267 1083 402 1145 mortuus,
424 1072 581 1130 decubuerit
597 1083 686 1130 autem
701 1075 727 1129 in
744 1072 855 1149 lectulo,
877 1071 906 1130 2.
924 1076 989 1130 etsi
1005 1092 1126 1148 surgens

169 1157 346 1214 ambulauerit
362 1158 444 1214 homo
460 1156 538 1213 sortis
555 1160 582 1212 in
598 1156 692 1214 baculo
708 1173 773 1213 suo:
794 1158 852 1213 sine
873 1160 984 1213 crimine
999 1161 1050 1214 erit
1065 1160 1124 1229 ille,

169 1243 215 1315 qui
238 1258 298 1297 eum
322 1248 508 1314 percusserat,
538 1240 545 1266 ’
553 1248 739 1315 praeterquam
768 1234 855 1313 quod²
884 1244 1041 1298 cessationis
1064 1245 1124 1299 eius

168 1324 319 1381 mercedem
335 1325 408 1381 dabit
424 1326 449 1380 ei
464 1333 492 1380 et
506 1324 610 1381 medico
626 1327 751 1397 inpensas
765 1325 922 1382 curationis.

231 1407 297 1483 llap.
321 1408 352 1469 ll.
395 1407 564 1483 Ulpianus
592 1407 683 1464 libro
712 1408 886 1480 singulari
916 1408 1124 1482 regularum

168 1492 230 1548 sub
254 1492 361 1548 titulo
384 1491 423 1548 de
444 1491 601 1548 iniuriis.
638 1488 661 1548 1.
685 1486 843 1561 'luiuriam,³
864 1494 887 1547 si
910 1493 1018 1565 quidem
1034 1502 1122 1564 atrox,

168 1576 194 1633 ld
217 1583 260 1633 est
289 1572 391 1648 ’grauis
414 1592 469 1632 non
491 1568 558 1645 sit‚⁴
585 1591 638 1631 non
661 1577 718 1630 sine
740 1576 834 1630 iudicis
858 1575 966 1631 arbitrio
990 1577 1124 1632 ’aestimat

168 1652 269 1716 ιιιοι.ὗ
305 1662 432 1716 Atrocem
447 1667 536 1714 autem
553 1660 691 1714 aestimare
713 1657 792 1714 'solet
808 1668 917 1731 praetor
925 1654 946 1722 ;6
969 1667 1051 1732 atque
1066 1661 1122 1735 col·

168 1742 228 1816 llgit
250 1741 276 1798 id
299 1735 345 1798 αι’
369 1743 457 1814 iacto,
481 1750 510 1797 ut
524 1750 589 1814 puta
603 1743 626 1796 si
647 1740 805 1798 uerberatus
821 1742 865 1798 uel
885 1742 1043 1798 uulneratus
1059 1746 1123 1816 quis

168 1824 258 1882 luerit.
295 1823 502 1899 Etreliqua.

231 1909 297 1984 liap.
320 1909 359 1965 ill.
414 1908 624 1982 Papinianus
656 1908 749 1965 libro
782 1909 1033 1966 definitionum
1067 1927 1122 1967 se·

169 1993 281 2051 cundo
305 1993 367 2049 sult
392 1992 496 2047 titulo
519 1992 557 2047 de
580 1991 754 2069 iudicatis.
791 1990 816 2050 1.
839 1992 891 2049 Per
905 1994 1039 2049 hominem
1055 1993 1123 2050 libe·

169 2094 228 2133 rum
245 2092 329 2133 uotae
344 2074 463 2131 deditum
479 2076 620 2130 sitantum
637 2076 800 2150 adquisitum
815 2080 867 2146 sit,
888 2087 1017 2150 quantum
1032 2077 1120 2132 damni

169 2159 258 2228 dedit,
280 2161 466 2214 manumittere
482 2158 620 2230 cogendus
637 2168 678 2216 est
694 2177 707 2215 a
722 2169 863 2234 praetore,
885 2163 930 2234 qui
947 2177 1029 2217 norae
1046 2159 1121 2215 dedi·

169 2251 226 2298 tum
241 2244 358 2314 accepit:
374 2241 422 2296 sed
439 2239 550 2297 fiduciae
566 2242 664 2299 iudicio
681 2261 734 2299 nou
751 2238 883 2300 tenetur.8

231 2323 296 2395 liap.
322 2323 362 2380 tv.
417 2318 600 2398 ⁹Ulpianus
632 2326 724 2383 libro
756 2344 865 2384 xvttr.
899 2328 938 2383 ad
970 2326 1121 2384 edictum

168 2406 230 2463 sub
253 2407 375 2463 titulo:
399 2409 426 2464 si
449 2407 626 2465 fatebitur
647 2412 778 2467 iniuria
799 2413 950 2467 occisum
971 2427 1063 2482 esse,
1087 2414 1119 2466 in

167 2490 324 2564 simplum
347 2489 394 2547 'ut
417 2486 664 2549 condiceret¹⁰
707 2492 732 2551 t.
756 2495 945 2568 Iluptssceum
961 2497 1056 2567 utique
1078 2511 1119 2550 ac·

168 2575 312 2648 cipiomus,
335 2577 381 2649 qui
397 2569 598 2646 'uulnerauit‚¹¹
614 2577 657 2632 uel
673 2579 775 2650 uirgis,
798 2578 840 2634 uel
857 2578 936 2650 loris,
961 2577 1003 2633 uel
1019 2579 1119 2652 pugnis
1131 2584 1185 2633 [⁵5⁵]

168 2658 274 2729 cecidit,
291 2659 334 2716 uel
350 2660 405 2716 telo
421 2659 484 2733 ’quo
499 2653 590 2731 ιὶίο,12
605 2660 644 2715 ’ut
659 2654 803 2717 sciderit¹³
818 2662 933 2718 hominis
949 2678 1059 2735 eorpus,
1077 2662 1119 2718 uel

241 2825 260 2893 ¹)
274 2827 360 2878 Exod.
376 2840 410 2886 tt,
426 2841 458 2880 18.
475 2841 508 2881 tu.
566 2825 586 2894 ¹)
601 2837 737 2892 praeterae
754 2829 824 2887 cust,
839 2831 908 2893 quod
921 2832 989 2888 olim,
1005 2837 1033 2879 ut
1043 2838 1117 2893 puto,

167 2906 238 2947 erat:
257 2907 374 2962 practerq.
395 2915 414 2966 q
434 2898 473 2948 Bi.
494 2899 548 2948 ed:
566 2906 697 2962 praeterea.
763 2895 897 2964 ⁸)ininrias
922 2900 962 2948 Vi.
986 2901 1072 2949 iniuria
1087 2900 1117 2949 B.

173 2968 217 3018 Ve.
237 2970 276 3018 ed.
296 2969 336 3017 Bl.
401 2969 422 3034 ⁴)
441 2970 506 3030 graui
526 2984 604 3018 rerum
623 2969 653 3018 B.
677 2970 743 3031 graui
764 2977 800 3018 est
824 2970 869 3018 Vc.
894 2970 934 3018 Vi.
955 2971 993 3021 erl.
1010 2969 1051 3019 Bl.
1079 2971 1117 3032 Cf.

170 3038 225 3088 θαι.
241 3051 266 3100 a,
282 3051 328 3090 tat.
393 3038 414 3104 ὅ)
429 3040 555 3088 estimatur
568 3037 598 3087 B.
622 3038 659 3104 (in
680 3054 728 3103 qno
745 3039 803 3101 fere
822 3042 898 3089 etium
913 3041 1054 3090 estimactur
1067 3042 1119 3105 legi

163 3109 259 3174 potest)
280 3109 324 3159 Ve.
340 3111 479 3158 aestimatur
503 3109 544 3158 Vi.
564 3109 621 3158 edd.
686 3107 706 3174 θ)
726 3110 802 3158 solere
822 3118 956 3173 praetorem
978 3112 1040 3159 cdd.
1060 3111 1116 3160 edd.

168 3177 189 3245 7)
204 3180 279 3242 ndquc
295 3179 373 3240 colligi
387 3193 414 3227 ex
429 3178 458 3226 B.
480 3179 549 3241 idque
564 3179 665 3240 collegit.
681 3187 705 3227 et
723 3179 764 3228 Vi.
785 3180 855 3244 idque
871 3181 960 3242 colligit
974 3196 1002 3230 ex
1022 3181 1067 3230 Ve.
1083 3181 1117 3229 id·

166 3264 212 3314 que
227 3248 305 3308 colligi
321 3262 347 3295 et
362 3248 419 3296 edd.
485 3245 506 3311 ⁸)
524 3247 590 3306 Quia
604 3264 653 3297 non
672 3250 785 3311 fiduciae
804 3266 883 3300 causo
900 3251 940 3315 (L.
956 3263 976 3300 t.
997 3253 1020 3312 ς.
1036 3262 1069 3302 85.
1092 3251 1117 3299 G.

166 3319 198 3368 de
212 3317 268 3366 bon.
285 3317 367 3365 libert.
382 3329 403 3374 a,
413 3316 446 3380 4),
459 3318 506 3366 sed
515 3320 626 3380 proprio
641 3321 698 3368 iure
712 3319 844 3368 habendus
859 3323 883 3370 εἰ
898 3323 1058 3384 mancipatur
1072 3328 1116 3370 est.

168 3387 207 3448 Cf.
224 3386 280 3435 Gat.
297 3400 317 3443 1,
333 3398 378 3436 tto.
393 3399 414 3441 ι,
430 3398 462 3437 ro.
474 3399 507 3437 ro.
523 3388 546 3449 §-
558 3400 578 3438 ι.
598 3388 619 3436 I.
635 3390 666 3437 de
681 3405 741 3439 nox.
757 3397 807 3440 act.
824 3391 855 3455 (c,
866 3389 896 3455 c).
945 3386 965 3455 ⁹)
982 3390 1029 3440 Est
1040 3392 1070 3439 L.
1083 3402 1116 3441 et.

166 3458 188 3519 ξ.
201 3468 236 3507 tt.
256 3455 288 3503 D.
299 3456 335 3504 acl
348 3458 394 3520 leg.
408 3457 493 3521 Aquil.
504 3455 535 3520 (a,
546 3456 577 3522 ι).
627 3456 659 3523 ¹⁰)
674 3467 697 3507 ct
711 3473 764 3508 cum
780 3460 870 3509 diceret
880 3461 969 3524 (dicere
985 3460 1039 3524 t't.)
1056 3460 1117 3510 cdd.

166 3527 223 3576 edd.
244 3525 303 3575 Vid.
315 3525 437 3576 Zeitseltr.
453 3527 531 3576 XIII.
543 3544 570 3591 p.
582 3540 615 3579 at.
635 3529 710 3578 ,tude
719 3530 751 3577 L.
762 3540 795 3580 ιι.
811 3530 843 3578 ιι.
859 3532 942 3579 ntnnd.
954 3531 998 3595 (tr,
1009 3529 1032 3595 ι)
1044 3531 1074 3579 L.
1084 3543 1117 3581 en.

166 3596 198 3644 It.
214 3596 250 3644 ad
264 3598 280 3644 l.
295 3595 345 3646 Iul.
360 3598 392 3646 de
402 3599 483 3647 adult.
494 3597 580 3663 (tut).
602 3599 721 3648 Fortasse
735 3599 813 3648 scrib.
825 3601 999 3652 condiceretur.
1047 3598 1079 3666 ¹¹)
1095 3600 1120 3649 E

166 3666 226 3732 Dig.
243 3666 403 3748 uulnerauerit
419 3669 481 3718 cdd.
495 3669 553 3718 edd.
620 3665 652 3731 ¹¹)
668 3668 692 3717 E
705 3669 778 3734 mg„
798 3686 862 3735 quae
877 3679 958 3720 tumen
973 3671 1066 3720 doleret
1081 3671 1118 3719 uel

166 3738 1119 3877 ttdut‘fttttutitt-d‚trititttrtrtrcittii

166 3878 235 3928 modo
252 3887 284 3928 ut.
317 3878 390 3939 Quod
405 3879 466 3928 cdo.
477 3886 628 3942 praestant:
646 3877 713 3944 (alic)
728 3880 764 3928 uis
779 3879 826 3944 (bis
846 3880 903 3946 Ve.)
918 3897 1003 3943 genere
1023 3882 1119 3931 cederet
