2378 4386
738 134 785 142 „-

164 535 230 601 248
443 554 501 590 carr
518 553 611 589 marra.
631 535 664 589 IL
686 541 832 590 119—123.

165 685 283 759 alioquin
298 683 431 740 lumiliter
444 685 504 739 iure
519 683 590 739 ciuili
608 681 761 740 testabitur.
793 678 853 739 uu.
870 681 982 739 Praetor
994 687 1116 741 tamensi

165 775 268 842 septem
282 768 368 841 signis
384 768 493 823 testium
507 767 644 840 signatum
657 768 692 822 sit
704 775 906 837 testamentum,
922 769 1029 841 scriptis
1040 768 1117 825 here·

165 850 244 907 (iilius
270 850 418 907 secundum
443 848 547 907 tabulas
573 852 726 906 testamenti
752 848 884 908 bonorum
908 856 1118 924 possessionem

165 934 317 1008 pollicetur,
335 928 406 1009 'teti¹
419 935 442 990 si
456 949 536 990 nemo
547 934 594 1005 sit,
605 935 640 990 ad
650 950 730 1007 quem
742 932 774 990 ab
786 936 914 991 intestato
924 936 982 991 iure
995 933 1118 1009 legitimo

164 1020 298 1093 pertineat
312 1018 459 1092 heredites,
475 1016 552 1075 uelut
566 1017 756 1074 iratereodem
768 1026 933 1092 patronatus
946 1029 992 1075 aut
1003 1028 1118 1094 patruus

165 1099 1119 1175 mmmffifflmwmmmmfflmwmffl·

165 1194 261 1242 tatem:
283 1201 345 1241 nam
365 1185 435 1241 idem
456 1186 522 1242 iuris
544 1195 587 1242 est
608 1195 636 1242 et
657 1188 681 1242 si
701 1185 751 1242 adia
772 1202 803 1242 cx
820 1202 912 1243 causo
928 1194 1118 1244 testamentum

164 1286 219 1326 non
236 1268 334 1341 ualeat,
349 1269 426 1325 uelut
442 1269 514 1344 quod
530 1268 628 1326 inmitia
643 1286 698 1325 non
711 1271 833 1340 uenierit,
850 1279 896 1326 aut
908 1274 1118 1345 nuncupationis

166 1351 496 1410 uerbatestatorlocutus
512 1355 627 1410 nonsit.
662 1348 726 1410 120.
749 1353 801 1409 Sed
818 1354 963 1425 uideamus,
986 1372 1018 1411 an
1040 1351 1118 1429 (non)

163 1439 243 1494 etiam
266 1439 289 1493 si
304 1437 387 1493 irater
405 1445 453 1493 aut
467 1444 578 1510 patruus
593 1447 696 1509 extent,
711 1439 831 1512 potiores
846 1440 942 1512 scripti
961 1431 1026 1494 dir²
1040 1439 1118 1495 here·

163 1519 242 1578 dibus
256 1519 420 1577 habeantur:
442 1522 575 1594 rescripto
591 1523 661 1578 euim
682 1522 851 1596 imperatoris
867 1523 995 1579 Antonini
1015 1520 1117 1596 signid-

165 1613 257 1675 catur,
280 1621 344 1675 eos,
367 1607 412 1679 qui
434 1605 581 1662 secundum
597 1604 701 1661 tabulas
724 1607 877 1662 testamenti
892 1622 948 1661 non
962 1607 1020 1663 iure
1035 1606 1116 1662 iactas

164 1688 298 1744 bonorum
313 1690 514 1762 possessionem
529 1690 666 1761 petierint,
690 1705 771 1762 posse
793 1688 923 1746 aduersus
939 1705 995 1760 eos,
1018 1692 1064 1764 qui
1085 1690 1118 1746 ab

164 1774 292 1828 intestato
308 1771 445 1828 uindicant
460 1771 649 1836 hereditatem,
666 1769 809 1829 defendere
824 1790 853 1830 se
868 1790 918 1847 per
933 1775 1117 1847 exceptionem

165 1854 220 1912 doli
235 1855 306 1911 maii.
339 1850 398 1912 121.
420 1853 496 1921 Quod
512 1870 576 1909 sane
591 1854 698 1927 quidem
713 1854 745 1910 ad
761 1856 941 1913 masculorum
958 1864 1118 1914 testamenta

164 1940 312 2012 pertinere,
328 1948 431 1995 certum
447 1946 503 2010 est3
521 1937 585 1993 item
601 1936 632 1993 ad
649 1938 818 2010 seminarum,
834 1956 902 2013 quae
917 1939 977 1996 ideo
993 1957 1047 1996 non
1064 1943 1117 1997 uti-

165 2022 227 2078 liter
242 2030 360 2079 testatae
370 2031 445 2091 sunt,
461 2019 533 2094 quod
546 2021 621 2076 uerbi
633 2025 719 2096 gratia
732 2022 858 2079 iarrtiiiam
869 2038 923 2078 non
935 2023 1117 2095 uendiderunt,

111 2112 155 2161 84.
167 2114 213 2161 aut
227 2105 432 2179 nuncupationis
449 2103 531 2160 uerita
545 2102 654 2163 locutae
665 2123 720 2162 non
735 2108 802 2162 sint:
823 2100 828 2177 Ι
847 2123 879 2161 au
893 2114 983 2162 antem
994 2115 1022 2161 et
1036 2106 1068 2161 ad
1084 2124 1115 2163 ea
1127 2128 1183 2176 rme:

165 2197 323 2246 testamenta
339 2189 506 2258 seminarum,
529 2205 602 2262 quoe
622 2192 680 2247 siue
702 2191 800 2247 tutoris
816 2191 975 2245 auctoritate
990 2189 1116 2264 iecerint,

165 2273 231 2328 haec
245 2273 404 2329 constitutio
420 2274 563 2345 pertineat,
580 2273 739 2331 uidebimus.
781 2267 842 2330 122.
864 2272 1011 2347 Loquimur
1026 2283 1117 2332 autern

165 2347 249 2411 ἰιοη3
263 2355 297 2411 de
312 2355 354 2412 his
369 2355 472 2414 scilicet
486 2357 608 2430 sentinis,
629 2374 697 2431 quae
718 2359 745 2413 in
769 2357 886 2431 legitima
902 2360 1054 2432 parentium
1071 2369 1117 2415 aut

164 2447 339 2513 patronorum
354 2440 439 2497 tuteia
454 2448 528 2512 sunt,
544 2442 592 2497 sed
606 2441 705 2512 dehis,
720 2458 789 2514 quae
799 2440 910 2499 alterius
922 2445 1030 2515 generis
1044 2452 1117 2500 tuto·

163 2539 208 2579 res
223 2521 336 2596 habent,
359 2526 404 2598 qui
419 2527 498 2582 etiam
514 2525 591 2582 inuiti
606 2534 744 2600 coguntur
759 2534 883 2582 auctores
905 2524 976 2582 iteri:
997 2526 1116 2600 alioquin

164 2616 301 2681 parentem
325 2617 353 2665 et
369 2618 510 2682 patronum
526 2612 584 2666 sine
603 2611 763 2666 auctoritate
783 2612 841 2666 eius
862 2610 933 2666 iacto
954 2618 1116 2667 testamento

84 2694 576 2767 .rmmwmmmm

226 2772 1114 2852 mmloemqmifflmmnpmmmmhmm‚mmmdmm‚m

163 2876 224 2917 eum
239 2861 284 2917 uei
301 2861 427 2917 heredem
441 2864 577 2933 instituat,
594 2861 637 2917 uel
652 2863 807 2918 nominatim
819 2861 978 2930 exheredem
994 2862 1116 2934 alioquin

236 3025 256 3093 ¹)
276 3028 415 3087 devocavi,
435 3031 551 3079 omissum
566 3030 639 3092 olim,
658 3045 714 3079 cum
731 3032 855 3094 seriptum
870 3038 936 3081 esset
948 3029 1051 3093 pollicet.
1067 3043 1113 3078 om.

163 3098 204 3147 ed.
219 3095 267 3163 Bp.
282 3100 358 3147 etiam
372 3107 393 3148 5.
445 3094 466 3164 ¹)
481 3097 527 3149 Sic
541 3115 609 3149 nune
623 3113 708 3156 sensu,
723 3107 751 3149 ut
759 3109 832 3165 puto,
844 3101 987 3167 flopitonte,
1000 3100 1114 3164 penino-

163 3169 243 3217 tionie
256 3182 304 3232 ope
317 3169 421 3231 scripsi.
441 3168 539 3233 scriptis
555 3169 580 3218 C.
590 3170 647 3219 edd.
663 3172 739 3219 etiam
753 3187 822 3221 meae
836 3185 856 3221 1.
867 3184 887 3222 a.
911 3169 980 3221 Suae
994 3170 1115 3234 quadant-

162 3246 236 3287 tenua
249 3240 325 3287 etium
341 3237 367 3287 C.
382 3240 458 3288 lectio
472 3239 520 3290 doc
534 3254 610 3289 sensu
625 3241 739 3305 intettepi
749 3249 842 3304 potest.
894 3239 988 3308 ¹)Hoc
1002 3257 1034 3299 o„
1049 3241 1118 3306 quod

162 3314 201 3357 eat
215 3309 241 3356 in
258 3309 283 3358 C.
298 3314 323 3358 et
337 3308 395 3358 edd.
406 3315 468 3373 post
481 3310 588 3372 ionicis,
608 3325 668 3374 quae
688 3326 735 3360 suo
754 3314 810 3362 loco
825 3314 935 3361 restitui.
964 3314 1063 3375 alioqui
1076 3328 1118 3361 re·

162 3385 232 3428 tenta
249 3379 398 3430 erectione
416 3378 494 3430 cerdo
508 3380 552 3430 sed
566 3380 595 3429 de
610 3381 647 3430 his
667 3395 727 3444 quoe
746 3382 855 3431 delenda
874 3389 963 3440 erunt,
982 3384 1051 3447 quod
1070 3383 1118 3432 du·

162 3449 220 3498 rire
234 3457 278 3498 est.

233 3585 258 3658 fl.
275 3592 333 3641 119.
355 3591 562 3656 Cfit,1ttaeq.
584 3591 635 3641 Cio.
660 3590 719 3653 Top.
734 3602 755 3639 t.
777 3605 834 3640 cunt
852 3587 941 3640 Boetit.
962 3590 1013 3641 Oic.
1039 3592 1116 3641 Verr.

162 3671 233 3718 net.
256 3659 480 3723 (lupanares.
531 3656 556 3729 §-
573 3661 632 3711 120.
649 3659 687 3722 Cf.
704 3659 793 3710 Gottat.
811 3671 844 3713 ro,
859 3669 879 3708 a.
895 3659 1040 3720 §.1.L.11.
1056 3663 1080 3720 5.
1096 3675 1116 3711 2.

162 3727 911 3794 D.ded.p.o.t.(at,1t)L.1o.D.ded.p.c.i.(t't,t).
958 3724 1058 3794 5121.
1077 3730 1115 3792 Cf.

161 3813 183 3859 a,
198 3813 238 3854 rot
250 3816 302 3866 rep.
318 3812 365 3852 no
379 3811 425 3851 rte.
441 3812 488 3851 aro.
539 3795 564 3868 ὅ.
582 3801 640 3850 122.
662 3798 700 3861 cf.
715 3812 736 3862 r,
750 3810 797 3850 roo.
813 3808 860 3849 uos.
910 3793 936 3867 β.
953 3800 1011 3848 123.
1027 3819 1059 3839 υ
1071 3814 1116 3862 pr.

163 3873 185 3922 I.
200 3873 232 3923 de
246 3872 335 3923 exter.
351 3869 393 3920 tii.
408 3869 439 3935 (e,
455 3868 500 3936 ra).
521 3869 559 3933 Cf.
579 3869 633 3934 d’tp.
649 3880 683 3928 m,
698 3881 730 3921 rc.
