2378 4386
112 545 176 609 168
545 561 630 597 snrvs.

111 684 273 747 editionem,
286 683 449 750 propediem
463 682 577 757 quidem
589 681 618 732 in
630 679 773 746 publicum
782 680 958 747 proditurum
969 695 1064 747 spera·

110 753 201 813 batur,
221 765 273 802 nec
290 751 386 801 tamen
403 748 559 816 prodierat.
583 761 635 798 uec
659 746 771 821 quando
788 747 965 814 proditurum
983 749 1065 810 esset,

111 819 187 871 certo
205 815 301 868 resciri
338 817 438 867 oterat.
475 812 554 877 Quod
572 813 726 888 subsidium
744 815 777 866 ut
794 815 829 866 ab
848 814 984 876 omnibus,
1003 814 1063 880 qui-

110 884 161 936 bus
179 882 248 934 haec
266 832 359 934 studia
376 880 544 956 cordisunt
562 895 617 946 quo
636 879 741 956 diutius
759 883 950 956 suspectatur,
969 896 1003 932 eo
1021 897 1063 932 ar—

111 948 222 1001 dentius
241 946 429 1010 desideratur,
452 947 494 998 ita
511 961 550 1009 et,
570 946 618 1013 qni
642 945 704 1000 Gari
722 947 915 1000 Institutiones
938 946 1064 1000 editurus

111 1016 164 1092 est!
181 1030 294 1092 prorsus
311 1012 498 1066 necessarium
516 1011 606 1067 videri
624 1013 717 1071 debet.
751 1013 792 1066 Ex
814 1014 857 1067 his
880 1016 967 1077 enim,
990 1030 1064 1080 quae

111 1080 166 1134 virs
183 1099 212 1134 in
229 1079 432 1149 investigandis
455 1095 519 1134 reco
561 1080 687 1134 escendis
707 1097 742 1135 ue
763 1081 906 1150 scripturis
925 1080 1065 1135 deleticiis

112 1147 336 1224 exercitatissimi
348 1146 501 1224 ingenium,
536 1147 584 1201 des
596 1151 680 1225 atque
688 1099 820 1202 doctrina
830 1148 969 1217 spondent
980 1163 1064 1224 qnae-

111 1214 469 1292 que·qurbusdam·1ps1us
494 1215 650 1284 apographi
675 1215 841 1295 Veronensis
866 1215 1065 1292 speciminibus

111 1281 1065 1427 tittittittttt‘titttt§ttrittbttttttsttt

113 1415 264 1479 latuerant,
282 1415 318 1470 ab
337 1431 370 1469 eo
389 1414 465 1468 lecta
482 1432 550 1479 esse,
569 1415 619 1470 sed
637 1419 722 1470 etiam
739 1418 822 1485 plura
843 1417 986 1470 oculorum
1005 1430 1064 1467 acre

114 1483 156 1537 ita
173 1483 277 1538 certius
295 1482 408 1551 cognita
425 1499 457 1535 ao
476 1483 607 1548 definita,
629 1487 661 1537 ut
678 1500 747 1552 quos
764 1485 806 1538 illi
823 1484 852 1537 in
869 1484 985 1537 schedas
1002 1498 1066 1534 suas

113 1551 271 1605 retulerant
290 1548 448 1603 litterarum
471 1550 571 1604 ductus
594 1551 750 1619 quibusque
774 1554 813 1617 ei,
837 1551 885 1617 qui
907 1551 1068 1604 coniectura

113 1618 228 1671 lacunas
247 1616 356 1684 replere
368 1617 530 1682 conabatur,
550 1616 641 1671 adhuc
659 1619 793 1671 utendum
807 1622 875 1683 erat,
893 1618 1066 1687 insuspecta

113 1691 173 1738 tum
191 1683 220 1736 in
238 1682 353 1760 modum
371 1685 560 1761 corrigantur,
586 1687 615 1737 et
632 1702 705 1739 nunc
723 1685 850 1751 demum,
868 1686 935 1753 quid
954 1699 1067 1753 quoque

113 1751 174 1805 loco
196 1751 331 1819 scriptum
354 1765 415 1804 esse
438 1752 562 1818 potuerit
582 1751 629 1805 vel
650 1768 720 1815 non,
742 1756 804 1805 tuto
828 1757 951 1807 statuere
972 1753 1066 1805 liceat.

113 1817 212 1895 Itaque
230 1817 284 1871 hoc
301 1816 463 1872 adiumento
482 1817 631 1871 destitutus
648 1818 758 1871 nonnisi
775 1823 942 1873 necessitate
956 1819 1068 1873 coactus

113 1885 219 1940 invitus
241 1888 327 1952 atque
350 1884 477 1953 ingratiis
500 1884 536 1936 ad
558 1884 715 1938 iterandam
743 1885 814 1938 hanc
841 1887 993 1939 editionem
1020 1885 1067 1937 ad·

135 1969 226 2072 stit
244 1950 1068 2086 {instituitisstruitisttt'ttttttt

115 2086 286 2140 editionibus
297 2087 416 2149 retenta,
430 2084 595 2138 certioribus
608 2088 637 2139 et
648 2084 811 2138 melioribus
823 2085 923 2138 cedere
935 2085 1065 2137 debeant.

116 2154 247 2209 Ceterum
264 2153 317 2206 hac
335 2153 448 2205 fortuna
465 2150 568 2205 adduci
584 2168 629 2207 me
642 2168 739 2220 passus
752 2167 807 2205 non
820 2169 891 2216 sum,
910 2153 943 2204 ut
954 2151 1067 2204 interim

116 2222 229 2274 omnino
247 2221 358 2273 tantum
376 2219 470 2285 priora
486 2221 652 2287 repeterem.
682 2217 788 2272 Saltem
806 2235 879 2285 quae
896 2218 985 2287 potui,
1004 2235 1067 2287 sup·

114 2288 192 2357 plevi
215 2289 244 2341 et
261 2285 409 2362 emendavi
433 2286 718 2367 maximequepquae
741 2303 774 2340 sx
791 2286 979 2364 Studemundi
1001 2301 1068 2354 apo-

115 2353 1069 2489 trittitsstzttmttttt{titiittttttttitt}

116 2486 228 2556 publice
246 2487 414 2564 privatimve
433 2487 701 2542 communicantibus
718 2487 748 2541 in
759 2488 890 2541 notitiam
903 2502 994 2540 meam
1004 2503 1068 2607 per—

116 2556 260 2619 venerant,
278 2571 309 2607 sn
326 2570 386 2608 rem
403 2570 495 2608 meam
507 2554 642 2610 converti.
672 2554 733 2620 Qua
744 2555 854 2608 rabone
866 2557 942 2608 certe
956 2556 1003 2623 qui
1024 2571 1069 2607 us·

116 2621 181 2676 dam
198 2621 267 2676 locis
288 2621 359 2675 haec
381 2621 469 2676 editio
487 2622 534 2675 rel
547 2623 718 2691 locupletior
735 2623 781 2677 vel
798 2622 973 2676 emendatior
990 2637 1069 2689 repe·

116 2689 205 2743 rietur
223 2688 302 2744 velut
318 2688 340 2741 Ι.
358 2692 479 2744 aab—35.
498 2694 539 2743 te.
558 2696 599 2745 ss.
619 2697 674 2744 112.
693 2689 727 2743 ΙΙ.
747 2695 803 2746 lio.
823 2696 879 2743 151.
899 2689 948 2747 ΙΙΙ,
968 2694 1009 2742 43.
1027 2695 1069 2741 tt.

115 2762 157 2812 tt.
176 2757 224 2812 tv.
246 2762 283 2811 15.
305 2762 354 2810 tte.
373 2762 414 2810 95.
434 2762 490 2810 152.
512 2762 569 2811 166.
604 2757 636 2809 ln
654 2756 836 2810 adnotatione
859 2772 926 2810 vero
944 2755 1070 2809 codicem

117 2822 343 2943 {aronensgmua
360 2821 554 2877 Studemundo
577 2824 736 2890 inspectum
758 2822 811 2877 hac
833 2824 901 2876 nota
922 2826 969 2876 V⁸⁸
986 2822 1069 2892 signi-

137 2892 200 2946 cavi
217 2895 247 2945 et
283 2892 307 2944 is
323 2892 387 2941 'nri

186 3139 424 3193 Tandem'Gaium
438 3154 472 3191 ex
484 3138 546 3207 ipso
559 3152 575 3191 a
597 3141 721 3217 ogrepho
734 3140 974 3196 Studemundiano
987 3154 1070 3196 edere

117 3221 198 3276 posse
217 3207 346 3273 contigit:
366 3205 442 3283 quod
461 3220 530 3272 opus
549 3221 566 3257 a
586 3208 720 3260 mirabilis
738 3225 804 3262 sane
827 3212 886 3262 tam
904 3206 1071 3278 prudentiae

118 3276 148 3328 et
164 3271 211 3326 vel
228 3272 258 3324 in
275 3273 398 3326 minimis
411 3271 575 3340 diligentiae
588 3289 620 3327 ac
632 3274 709 3339 fidei,
721 3291 806 3343 quam
824 3276 910 3329 studii
923 3291 955 3328 ac
967 3276 1073 3329 laboris

137 3338 231 3403 rediit,
250 3339 372 3393 abiblio
394 3339 440 3392 oia
471 3355 507 3392 uo
529 3355 564 3393 ue
578 3340 662 3409 digne
682 3342 858 3406 adornatum,
872 3341 982 3410 Lipsiae
996 3343 1073 3410 apud

145 3407 270 3460 iraelium
283 3421 308 3460 a.
320 3356 563 3464 ntnsscct‘fflv,
576 3407 628 3462 hoc
641 3409 797 3463 subtituto:
813 3414 872 3465 Gaii
884 3413 1073 3462 institutionum

117 3479 287 3529 commentarii
313 3485 441 3543 quattuor.
483 3478 584 3528 Codicis
611 3481 766 3530 Veronensis
792 3482 873 3528 denuo
900 3480 987 3528 colluti
1011 3493 1073 3539 apo·

116 3545 240 3611 propium
258 3548 367 3605 confecit
385 3553 409 3595 et
429 3547 497 3595 iussn
514 3548 660 3596 academius
681 3549 771 3609 sepiae
792 3547 953 3594 scientiarum
972 3543 1072 3590 Beroti·

118 3626 202 3662 nenms
214 3613 293 3663 edidit
307 3613 443 3663 Guilelmus
452 3611 614 3664 Studemund.
645 3609 832 3662 Praemissum
845 3608 888 3658 est
898 3607 1073 3673 prooemium

118 3674 224 3737 omnia,
249 3691 321 3744 qnae
346 3675 382 3728 ad
405 3675 529 3729 codicem
553 3675 669 3742 eiusque
687 3675 747 3727 iata
762 3673 919 3742 pertinent,
943 3675 1073 3725 accurate

120 3757 264 3807 enarrans,
292 3743 417 3796 adiectus
443 3743 557 3810 praeter
583 3741 639 3794 alia
665 3741 768 3793 ‘Index
791 3740 945 3801 notarunt
971 3739 1075 3792 codicis

119 3810 285 3879 scripturam
308 3809 497 3863 tractantibus
523 3807 659 3877 perutilis.
710 3806 769 3860 Hoc
796 3806 884 3884 igitur
909 3820 982 3858 noro
1008 3807 1073 3859 sub·

118 3877 189 3932 sidio
207 3876 334 3946 vulgato,
352 3891 415 3930 cum
431 3875 489 3928 iam
505 3875 536 3928 in
552 3874 672 3928 Batavis
687 3873 794 3927 fructus
814 3872 879 3926 inde
900 3872 1075 3942 percipiendi
