2378 4386
405 543 431 578 rt.
450 542 587 578 asarsrrvs
605 543 697 581 mnu.
969 537 1031 594 113

75 670 126 736 sit3
149 670 213 724 item
236 685 305 744 quae
327 670 384 742 ipsa
406 678 452 725 aut
473 671 549 726 culus
570 678 647 743 pater
662 671 844 743 emancipatus
860 671 906 741 sit,
929 672 1032 727 etiamsi

77 753 139 807 uiuo
162 760 238 826 patre
260 754 286 808 in
307 754 350 808 aui
365 761 499 827 potestate
513 755 565 822 sit3
583 754 647 809 item
662 757 739 809 cuius
754 761 879 827 parentes
894 753 964 810 alter
978 771 1031 810 am·

76 835 145 892 boue
166 838 326 893 seruitutem
341 838 495 893 seruicrunt
509 846 555 893 aut
570 838 596 893 in
611 838 731 910 negotlis
746 838 862 893 sordidis
879 847 1032 895 uersentur.

76 918 127 975 Sed
143 935 208 990 eam,
225 922 301 976 cuius
315 937 396 978 soror
410 920 442 975 ad
457 920 484 976 id
494 921 673 978 sacerdotium
682 919 751 977 lecta
762 929 814 992 est,
830 923 1032 978 excusationem

77 1005 172 1059 mereri
194 1006 283 1072 aiunt;
305 1006 369 1060 item
392 1006 468 1060 cuius
491 1013 565 1078 pater
585 1004 681 1060 llamen
696 1014 743 1061 aut
758 1021 846 1078 augur
860 1014 905 1061 aut
921 1006 1032 1078 quinde-

77 1087 215 1143 cimuirum
231 1091 314 1144 sacris
330 1087 460 1144 faciundis
472 1096 518 1143 aut
527 1089 723 1160 septemuirum
734 1088 881 1162 epulonum
893 1097 939 1145 aut
949 1089 1031 1146 salius

77 1178 127 1227 est.
164 1171 283 1243 Sponsae
313 1188 422 1245 quoque
450 1170 584 1245 pontilicis
607 1179 635 1226 et
657 1168 781 1229 tubicinis
804 1189 940 1229 sacrorum
962 1171 1031 1230 lilius

27 1259 73 1321 [te]
81 1256 183 1310 uacatio
194 1255 370 1312 asacerdotio
381 1257 434 1311 isto
447 1254 528 1312 tribui
540 1250 637 1311 solet.¹
649 1284 690 1296 -
700 1255 768 1312 Gell.
778 1256 805 1325 l,
819 1256 867 1309 12.
880 1256 928 1327 88.
941 1257 1032 1313 1-7.

138 1350 186 1411 22.
210 1354 238 1411 ln
261 1354 331 1410 libro
346 1354 428 1410 Laelii
442 1354 537 1411 Felicis
560 1355 593 1411 ad
609 1354 641 1421 Q.
658 1354 773 1410 llucium
794 1356 880 1427 primo
903 1355 1033 1426 scriptum

77 1445 127 1506 est,
143 1437 295 1494 Labeonem
311 1437 439 1508 scribere,
456 1438 540 1494 calata
555 1439 661 1493 comitia
677 1452 745 1506 csse,
768 1452 837 1509 quae
852 1453 901 1510 pro
917 1437 1033 1510 collegio

76 1520 236 1594 pontificum
258 1520 392 1576 habentur
413 1530 458 1575 aut
480 1522 553 1592 regis
575 1528 623 1574 aut
637 1519 773 1575 liaminum
787 1519 1034 1592 inaugurandorum

77 1621 166 1660 causa.
197 1603 296 1658 Eorum
312 1612 400 1657 autem
416 1603 465 1658 alla
480 1618 539 1658 esse
554 1603 667 1673 curiata,
679 1603 730 1658 alia
745 1603 906 1658 centuriata.
928 1602 1034 1659 Curiata

75 1704 126 1761 per
147 1687 273 1741 lictorem
288 1686 420 1741 curiatum
436 1686 526 1758 calari,
548 1684 573 1741 ld
590 1694 632 1741 est
646 1687 801 1757 conuocari,
823 1688 971 1743 centuriata
986 1704 1034 1762 per

75 1770 252 1828 cornicinem.
270 1798 311 1809 -
326 1767 394 1824 Gell.
412 1769 590 1841 111118.
609 1769 636 1825 1.
654 1769 684 1827 2.

349 1936 395 1991 Ad
417 1935 596 1994 duodecim
619 1936 763 1995 tabulas.

139 2051 188 2114 23.
210 2052 298 2110 Labeo
321 2055 348 2109 ln
370 2052 438 2110 libro
461 2056 493 2110 de
515 2051 657 2111 duodecim
673 2054 770 2111 tabulis
785 2056 904 2112 secundo
920 2058 989 2112 acria
1007 2066 1033 2113 et

78 2156 172 2196 seuera
187 2139 284 2194 iudicia
299 2137 332 2193 de
347 2137 426 2193 lurtis
441 2138 529 2194 habita
545 2156 603 2194 esse
616 2139 686 2212 apud
698 2148 806 2195 ueteres
818 2140 937 2212 scripsit,
953 2140 1035 2212 idque

80 2224 192 2278 Brutum
201 2221 309 2278 solitum
321 2221 421 2290 dicere,
436 2231 464 2277 et
477 2222 542 2278 lurtl
558 2223 729 2295 dampnatum
744 2239 815 2294 esse,
831 2223 876 2295 qui
888 2224 1036 2278 iumentum

84 2305 211 2361 aliorsum
226 2305 346 2377 duxerat,
362 2322 441 2377 quam
457 2322 511 2378 quo
528 2306 657 2362 utendum
672 2315 818 2378 acceperat,
835 2308 898 2363 item
915 2307 960 2379 qui
977 2307 1035 2362 lou-

80 2391 141 2460 gius
156 2388 330 2462 produxerat,
346 2405 425 2462 quam
440 2391 467 2444 in
482 2405 561 2462 quern
577 2390 666 2446 locum
681 2391 803 2463 petierat.
817 2419 854 2430 —-
872 2389 940 2445 Gell.
954 2391 972 2447 6
985 2389 1034 2464 (7),

83 2472 130 2530 15.
146 2473 176 2544 s.
194 2473 221 2528 1.

141 2559 189 2621 24.
214 2564 353 2621 Praeterea
368 2566 396 2620 in
408 2565 606 2620 commentariis
618 2563 757 2627 Labeonis,
775 2580 843 2636 quae
852 2563 884 2617 ad
896 2562 1037 2617 duodecim

81 2647 183 2704 tabulas
205 2650 369 2723 composuit,
391 2650 428 2704 ita
450 2648 580 2719 scriptum
603 2654 660 2701 est:
699 2643 794 2717 ‘Virgo
811 2646 924 2700 Vestalis
947 2661 1036 2718 neque

80 2733 159 2788 heres
181 2740 223 2787 est
245 2735 368 2804 cuiquam
389 2733 517 2787 intestato
541 2745 628 2803 neque
650 2731 791 2784 intestatae
814 2729 966 2800 quisquam,
989 2727 1037 2783 sed

81 2813 152 2871 bona
173 2816 229 2870 elus
250 2819 278 2871 ln
300 2814 436 2890 publicum
458 2814 546 2887 redigi
568 2813 651 2868 aiunt.
684 2811 711 2866 ld
735 2827 789 2884 quo
804 2813 863 2867 iure
879 2809 934 2874 liat,
957 2828 1037 2885 quae-

80 2896 172 2956 mus.
187 2928 229 2941 -
243 2899 311 2955 ueri.
330 2900 358 2970 1,
376 2898 423 2955 11.
437 2898 467 2969 i·
485 2897 533 2956 1s.

143 2995 191 3056 25.
215 2999 307 3072 ltaque
323 3015 383 3054 cum
399 3015 455 3053 earn
470 2998 558 3071 legem
574 2996 660 3053 Labeo
677 3013 787 3070 quoquc
803 3006 895 3053 uester
908 2999 935 3053 in
952 2996 1037 3069 libris,

82 3099 151 3156 quos
173 3082 205 3138 ad
228 3082 370 3138 duodecim
394 3081 496 3138 tabulas
511 3082 681 3154 conscripsit,
704 3097 758 3137 non
774 3082 912 3155 probaret,
928 3077 1036 3146 ‘tum',²

80 3167 179 3238 inquit,
203 3164 243 3221 ‘L.
261 3166 383 3221 Veratius
398 3166 449 3220 luit
464 3166 573 3238 egregie
585 3165 665 3221 homo
681 3164 818 3239 improbus
835 3175 915 3238 atque
931 3166 1038 3222 immani

80 3248 217 3306 uecordia.
240 3249 264 3303 ls
279 3264 329 3321 pro
342 3248 537 3306 delectamento
548 3246 672 3319 habebat,
688 3265 719 3305 os
731 3250 845 3305 hominis
857 3250 934 3306 liberi
944 3266 1038 3305 manus

80 3348 144 3388 suae
166 3333 253 3405 palma
276 3331 427 3391 uerberare.
460 3332 527 3387 llum
549 3348 645 3387 seruus
667 3331 840 3406 sequebatur,
864 3332 954 3389 ferens
977 3349 1038 3388 cru·

80 3431 184 3471 menam
206 3415 312 3489 plenam
333 3418 447 3486 assium3
471 3424 501 3471 ut
522 3432 655 3489 quemque
670 3415 879 3489 depalruauerat,
902 3418 1038 3472 numerari

82 3554 283 3562 Q—-a

154 3635 172 3700 Ι)
186 3636 262 3687 Haec
276 3639 361 3687 omnia
370 3637 458 3688 Labeo
471 3640 509 3688 ito
522 3638 623 3687 dixisse
637 3639 746 3696 videtur,
761 3646 789 3687 ut
802 3639 924 3701 cuiusque
938 3645 1038 3687 senten·

80 3709 132 3757 tice
144 3709 307 3771 antiquiores
315 3716 435 3758 auctores
444 3709 566 3772 afferret:
580 3709 647 3757 unde
659 3707 755 3758 Gellius
769 3724 824 3758 eum
833 3710 914 3757 solum
928 3723 944 3756 α
957 3722 985 3756 se
999 3709 1039 3753 in·

80 3785 190 3839 spectum
200 3780 311 3827 omnium
320 3779 515 3844 diligentissime
525 3779 556 3826 de
565 3779 615 3827 buc
624 3794 653 3826 re
662 3781 799 3842 scripsisse
809 3779 886 3826 diest.
904 3775 926 3842 ⁸)
936 3775 1039 3836 Scripsi

83 3843 186 3898 'Gaius'
198 3864 227 3912 p.
244 3860 289 3899 tat.
311 3849 386 3910 legem
401 3866 454 3899 cum
469 3850 547 3899 Labeo
559 3885 565 3896 .
576 3885 582 3896 .
594 3884 600 3896 .
612 3885 618 3896 .
629 3856 721 3911 postea
735 3850 827 3896 oraisso
842 3853 891 3893 tum
905 3845 962 3892 edd.

132 3942 332 3974 saturamur.
346 3943 399 3973 nur..
427 3944 465 3973 sn.
490 3943 513 3972 v.
793 3932 809 3978 8
