2378 4386
122 539 183 597 122
282 543 283 546 ’
468 550 490 584 c.
509 547 604 581 rumve
621 546 722 583 curro.

183 669 233 731 26.
256 668 432 743 (Nefreades
442 669 493 742 sa.)
510 669 601 723 Ateius
615 669 715 738 Capito
730 667 860 738 infantes
874 679 937 724 esee
951 671 1075 725 nondum

116 754 291 831 frendentes,
312 753 339 808 id
358 762 401 808 ert
413 754 594 824 sraupentes.
610 779 651 790 —-
665 749 738 806 Fest.
753 767 779 806 v.
796 750 944 807 Nelrentles
959 769 986 825 p.
1005 752 1074 810 162.

178 832 227 894 27.
250 835 406 892 Scaeuolam
427 849 535 907 quoque
549 840 577 888 et
590 831 620 886 L.
637 832 739 889 Aelium
755 842 783 890 et
798 836 902 890 Ateium
918 833 1074 908 Capitonem

117 926 144 979 in
159 918 251 978 endem
266 920 400 974 sententia
416 913 464 992 (se.
476 914 509 970 de
521 916 584 970 uino
598 917 725 990 murrina)
742 918 826 974 inisse
842 917 930 991 uideo,
947 921 1125 992 quoniamtsr]

117 1007 144 1061 iu
158 1001 293 1059 Pseudolo
309 1002 360 1057 sit:

187 1106 289 1164 Quodsi
303 1121 363 1169 opus
377 1113 422 1168 est,
437 1111 463 1155 ut
476 1104 545 1154 dulce
559 1114 652 1168 promet
663 1106 766 1155 indidem
768 1107 870 1171 ,ecquid
880 1108 970 1157 hehet?
989 1108 1074 1157 culn.

709 1177 807 1238 Rogas?

187 1247 323 1307 huminum,
339 1261 444 1310 pessum,
458 1247 584 1306 defrutum
599 1247 683 1295 melle.
696 1284 701 1296 .
712 1285 736 1295 ..

117 1347 215 1422 quihus
229 1353 351 1419 apparet,
372 1362 427 1400 uon
443 1346 515 1400 iuter
530 1346 591 1400 uinn
607 1345 687 1401 modo
704 1348 850 1402 murrinam
865 1347 912 1402 sed
928 1349 1000 1402 inter
1014 1347 1075 1402 111

116 1449 157 1488 ate
172 1445 281 1504 quoque
296 1430 531 1484 nominatum
545 1428 613 1484 Plio.
629 1426 660 1484 N.
678 1428 709 1483 11.
729 1429 778 1498 14,
796 1431 843 1488 13
861 1430 890 1501 S
906 1429 955 1486 15.

178 1512 229 1572 28.
252 1513 415 1585 Certumque
430 1511 461 1567 lit
481 1512 529 1584 (sa
546 1515 665 1586 pistores
681 1513 779 1568 Romae
795 1531 849 1570 non
865 1514 950 1570 luisse
964 1511 996 1569 ed
1011 1513 1075 1569 Per·

114 1601 199 1655 sicum
215 1613 302 1670 usque
318 1594 427 1661 bellum,
449 1598 578 1670 ipsosque
593 1595 719 1666 Quirites,
741 1597 866 1653 mulieres
882 1605 957 1671 puta,
980 1613 1074 1670 panem

114 1678 221 1755 iecisse)
238 1680 307 1735 Ateii
323 1678 458 1753 Capitonis
473 1682 615 1754 sententie,
637 1696 717 1736 cocos
733 1688 790 1736 tum
804 1697 899 1753 panem
915 1680 1074 1736 lautioribus

114 1781 232 1839 coquere
247 1764 353 1834 solitos,
369 1765 540 1836 pistoresque
556 1772 659 1818 tuntum
674 1779 731 1827 eos,
752 1764 798 1835 qui
815 1764 856 1818 lar
870 1763 1003 1837 pisehant,
1025 1780 1073 1822 no·

114 1851 241 1906 minutos.
257 1876 299 1889 -
314 1846 381 1902 Plin.
397 1845 429 1901 N.
446 1845 479 1902 11.
498 1845 545 1913 18,
564 1847 612 1901 11.
631 1847 659 1916 S.
675 1843 726 1901 28.

176 1945 226 2007 29.
250 1938 407 2045 Τάγὰρέπ
409 1941 568 2019 {appamia
620 1946 694 2000 Nam
727 1948 852 2017 insipnia
887 1952 1075 2018 mapistratus

113 2023 266 2104 ἀρχόντων
278 2022 339 2086 ἀπὸ
355 2024 499 2085 anneum
516 2030 566 2084 ta
620 2029 713 2085 Numa
728 2043 786 2084 ree
797 2047 815 2084 a
830 2029 950 2084 Theseis
962 2040 1073 2087 mutua-

113 2109 178 2191 βών
197 2106 214 2171 ὁ
235 2105 373 2189 βασιλεὺς
389 2111 568 2212 Neoptolemi
619 2121 648 2168 ta
668 2113 698 2165 ia
720 2112 925 2181 rempublicam
947 2116 1075 2170 introdu-

114 2195 245 2275 πολιτεία
268 2189 455 2289 εἰσήγαγεν,
468 2191 567 2271 ὥσπερ
617 2200 673 2266 ait,
688 2198 775 2251 sacua
785 2204 813 2250 et
827 2213 973 2252 armorum
985 2198 1075 2253 robur

114 2278 163 2338 eal
183 2287 244 2338 τῶν
255 2275 397 2337 ὅπλων
369 2298 401 2335 το
417 2269 568 2354 δύσμαχον
621 2300 637 2337 a
651 2281 752 2338 Gallis.
776 2287 921 2335 testantur
933 2280 1007 2338 haee
1021 2279 1074 2338 Ca·

113 2358 172 2424 ἀπο
162 2353 336 2421 Γαλατῶν.
358 2359 409 2420 καὶ
422 2359 567 2438 μάρτυρες
618 2369 678 2437 pito
693 2372 721 2420 et
736 2363 885 2420 Fonteius

112 2441 169 2523 μὲν
190 2441 352 2505 vaurme&
374 2465 404 2505 re
426 2445 570 2504 Καπίτων

112 2526 165 2589 eal
185 2523 404 2607 (111111ήί11-
425 2531 464 2588 11.
487 2532 568 2589 haur.

112 2615 180 2691 Lyd.
195 2615 229 2673 de
245 2617 366 2692 magistr.
382 2616 475 2675 exord.

175 2715 228 2775 30.
254 2711 364 2774 ¹Ateius
386 2719 493 2784 asserit,
515 2716 627 2773 llomam
649 2724 711 2772 ante
734 2714 879 2771 aduentum
895 2715 1011 2798 Euandri
1027 2715 1074 2773 diu

112 2801 260 2857 Valentiam
277 2805 429 2857 uocitatum.
445 2829 487 2842 -·
502 2800 579 2855 Serv.
597 2799 629 2854 etl
647 2802 713 2854 hen.
733 2799 761 2867 1,
778 2797 849 2856 273.

175 2881 219 2940 81.
242 2883 294 2939 Sed
310 2885 392 2938 Varro
416 2890 443 2937 et
459 2885 551 2937 Ateius
572 2890 666 2937 eontra
681 2883 812 2952 sentiunt,
835 2883 954 2939 dieentes
970 2880 1072 2940 ‘diuos'

112 2975 270 3038 perpetuos,
287 2965 386 3035 ‘deos',
403 2967 448 3037 qui
463 2973 576 3036 propter
590 2966 631 3019 sui
647 2966 880 3021 consecrationem
890 2969 1026 3036 timentur,
1044 2974 1074 3021 ut

112 3055 177 3103 eunt
192 3047 227 3101 dii
244 3047 342 3103 lienes.
360 3077 397 3087 -
415 3047 490 3102 Serv.
507 3047 539 3102 ed
556 3049 621 3106 Aen.
637 3046 667 3116 5,
683 3046 734 3103 45.

174 3125 223 3187 ³2.
247 3131 341 3185 Ateius
357 3129 516 3201 Philologus
531 3129 672 3187 libertinus
689 3132 801 3187 Athenis
816 3141 906 3189 natus.
936 3132 1014 3188 Hunc
1026 3131 1074 3186 Ca·

111 3213 170 3287 pito
186 3214 279 3268 Ateius
301 3221 383 3268 notus
405 3213 616 3270 iurisconsultus
631 3216 703 3270 inter
718 3218 908 3288 grammaticos
922 3217 1072 3289 rhetorem,

111 3298 183 3352 iuter
214 3296 338 3352 rhetores
371 3298 574 3370 grammaticum
605 3297 690 3354 luisse
722 3301 767 3359 ait.
789 3328 830 3339 -
858 3299 934 3356 Suet.
968 3300 1002 3356 de
1033 3300 1073 3356 ill.

112 3395 225 3454 gramm.
243 3379 292 3436 10.

174 3459 222 3520 33.
247 3462 295 3518 llio
316 3463 384 3519 idem
406 3462 853 3538 (11111111111111111111111)
877 3480 937 3520 eum
960 3481 991 3520 ex
1012 3481 1074 3520 orn·

111 3545 187 3603 tione
209 3546 346 3602 'liberium
368 3549 599 3621 reprehendisset,
621 3546 771 3602 affirmante
786 3549 863 3602 Ateio
880 3546 1020 3620 Capitone,
1045 3556 1073 3602 et

111 3712 284 3776 appellatione
298 3712 408 3760 accitum
420 3712 511 3772 futare.
541 3707 561 3774 ¹)
575 3708 736 3770 Haeasruo.
751 3715 776 3756 et
788 3718 822 3758 m.
834 3715 861 3756 ut
874 3708 956 3770 mepte
970 3706 1071 3770 Capito·

110 3785 160 3845 uie,
169 3798 243 3847 quom
255 3780 385 3845 Philolopt'
392 3795 446 3832 eree
453 3781 602 3840 existimem,
606 3777 704 3840 partim
712 3777 1072 3841 arpumentumfaeit,partinr

111 3850 335 3921 puodhuueSera.
344 3851 380 3900 ad
387 3850 451 3899 Aen.
467 3850 628 3912 1111111111
641 3847 713 3896 Ateii
726 3847 858 3912 Philolapi
865 3849 1071 3898 namiuelaudat.
