<?xml version="1.0" encoding="UTF-8"?>
<!DOCTYPE html PUBLIC "-//W3C//DTD XHTML 1.0 Transitional//EN"
    "http://www.w3.org/TR/xhtml1/DTD/xhtml1-transitional.dtd">
<html xmlns="http://www.w3.org/1999/xhtml" xml:lang="en" lang="en">
 <head>
  <title>
</title>
<meta http-equiv="Content-Type" content="text/html;charset=utf-8" />
  <meta name='ocr-system' content='tesseract 3.04.00' />
  <meta name='ocr-capabilities' content='ocr_page ocr_carea ocr_par ocr_line ocrx_word'/>
</head>
<body>
  <div class='ocr_page' id='page_1' title='image "./iurisprvdentiae00huscgoog_0447.png"; bbox 0 0 2378 4386; ppageno 0'>
   <div class='ocr_carea' id='block_1_1' title="bbox 184 536 810 601">
    <p class='ocr_par' dir='ltr' id='par_1_1' title="bbox 184 536 810 601">
     <span class='ocr_line' id='line_1_1' title="bbox 184 536 810 601; baseline -0.014 -2"><span class='ocrx_word' id='word_1_1' title='bbox 184 536 249 601; x_wconf 78' lang='grc'>412</span> <span class='ocrx_word' id='word_1_2' title='bbox 510 554 637 589; x_wconf 81' lang='lat' dir='ltr'>vonvsrvs</span> <span class='ocrx_word' id='word_1_3' title='bbox 655 554 810 590; x_wconf 69' lang='lat' dir='ltr'>asseresve.</span> 
     </span>
    </p>
   </div>
   <div class='ocr_carea' id='block_1_2' title="bbox 181 671 1186 3957">
    <p class='ocr_par' dir='ltr' id='par_1_2' title="bbox 184 671 1189 1946">
     <span class='ocr_line' id='line_1_2' title="bbox 184 671 1140 742; baseline -0.003 -12"><span class='ocrx_word' id='word_1_4' title='bbox 184 678 261 732; x_wconf 89' lang='lat' dir='ltr'>recte</span> <span class='ocrx_word' id='word_1_5' title='bbox 278 675 440 729; x_wconf 85' lang='lat' dir='ltr'>restitutum</span> <span class='ocrx_word' id='word_1_6' title='bbox 462 688 522 728; x_wconf 87' lang='lat' dir='ltr'>esse</span> <span class='ocrx_word' id='word_1_7' title='bbox 544 675 607 742; x_wconf 89' lang='lat' dir='ltr'>post</span> <span class='ocrx_word' id='word_1_8' title='bbox 626 677 756 727; x_wconf 66' lang='lat' dir='ltr'>diocesani</span> <span class='ocrx_word' id='word_1_9' title='bbox 777 673 947 741; x_wconf 88' lang='lat' dir='ltr'>(absumtum</span> <span class='ocrx_word' id='word_1_10' title='bbox 968 671 1008 725; x_wconf 92' lang='lat' dir='ltr'>ibi</span> <span class='ocrx_word' id='word_1_11' title='bbox 1031 672 1140 727; x_wconf 89' lang='lat' dir='ltr'>scilicet</span> 
     </span>
     <span class='ocr_line' id='line_1_3' title="bbox 185 738 1138 808; baseline -0.002 -12"><span class='ocrx_word' id='word_1_12' title='bbox 185 743 321 797; x_wconf 79' lang='lat' dir='ltr'>similibus</span> <span class='ocrx_word' id='word_1_13' title='bbox 338 741 440 794; x_wconf 87' lang='lat' dir='ltr'>litteris</span> <span class='ocrx_word' id='word_1_14' title='bbox 458 746 537 806; x_wconf 68' lang='lat' dir='ltr'>nni),</span> <span class='ocrx_word' id='word_1_15' title='bbox 560 746 674 808; x_wconf 88' lang='lat' dir='ltr'>praeter</span> <span class='ocrx_word' id='word_1_16' title='bbox 695 740 783 793; x_wconf 84' lang='lat' dir='ltr'>verba</span> <span class='ocrx_word' id='word_1_17' title='bbox 803 740 853 793; x_wconf 87' lang='lat' dir='ltr'>illa</span> <span class='ocrx_word' id='word_1_18' title='bbox 870 740 898 792; x_wconf 91' lang='lat' dir='ltr'>in</span> <span class='ocrx_word' id='word_1_19' title='bbox 916 738 1030 793; x_wconf 85' lang='lat' dir='ltr'>exordio</span> <span class='ocrx_word' id='word_1_20' title='bbox 1050 740 1138 808; x_wconf 84' lang='lat' dir='ltr'>‘quod</span> 
     </span>
     <span class='ocr_line' id='line_1_4' title="bbox 185 805 1138 887; baseline -0.002 -24"><span class='ocrx_word' id='word_1_21' title='bbox 185 808 252 887; x_wconf 78' lang='lat' dir='ltr'>assis</span> <span class='ocrx_word' id='word_1_22' title='bbox 274 807 509 861; x_wconf 89' lang='lat' dir='ltr'>distributionem’</span> <span class='ocrx_word' id='word_1_23' title='bbox 538 807 643 883; x_wconf 78' lang='lat' dir='ltr'>evincit</span> <span class='ocrx_word' id='word_1_24' title='bbox 668 823 787 883; x_wconf 82' lang='lat' dir='ltr'>sequens</span> <span class='ocrx_word' id='word_1_25' title='bbox 810 805 911 882; x_wconf 76' lang='lat' dir='ltr'>vocula</span> <span class='ocrx_word' id='word_1_26' title='bbox 932 813 990 859; x_wconf 72' lang='lat' dir='ltr'>dem</span> <span class='ocrx_word' id='word_1_27' title='bbox 1012 806 1138 885; x_wconf 71' lang='lat' dir='ltr'>alioquin</span> 
     </span>
     <span class='ocr_line' id='line_1_5' title="bbox 185 874 1138 1018; baseline 0 -22"><span class='ocrx_word' id='word_1_28' title='bbox 185 876 342 996; x_wconf 61' lang='lat' dir='ltr'>tritri</span> <span class='ocrx_word' id='word_1_29' title='bbox 355 874 751 1009; x_wconf 50' lang='lat' dir='ltr'>{attestaretur</span> <span class='ocrx_word' id='word_1_30' title='bbox 765 889 837 993; x_wconf 59' lang='lat'>352⁰.</span> <span class='ocrx_word' id='word_1_31' title='bbox 859 876 978 1018; x_wconf 56' lang='lat' dir='ltr'>iiiii}</span> <span class='ocrx_word' id='word_1_32' title='bbox 995 876 1138 1009; x_wconf 54' lang='lat' dir='ltr'>ittet</span> 
     </span>
     <span class='ocr_line' id='line_1_6' title="bbox 184 1007 1137 1125; baseline -0.001 -62"><span class='ocrx_word' id='word_1_33' title='bbox 184 1020 254 1064; x_wconf 75' lang='lat' dir='ltr'>atoni</span> <span class='ocrx_word' id='word_1_34' title='bbox 270 1014 385 1076; x_wconf 84' lang='lat' dir='ltr'>pondere</span> <span class='ocrx_word' id='word_1_35' title='bbox 403 1010 457 1062; x_wconf 87' lang='lat' dir='ltr'>etc.</span> <span class='ocrx_word' id='word_1_36' title='bbox 475 1023 536 1085; x_wconf 36' lang='lat' dir='ltr'>,non</span> <span class='ocrx_word' id='word_1_37' title='bbox 557 1008 641 1084; x_wconf 83' lang='lat' dir='ltr'>modo</span> <span class='ocrx_word' id='word_1_38' title='bbox 663 1010 778 1084; x_wconf 85' lang='lat' dir='ltr'>propter</span> <span class='ocrx_word' id='word_1_39' title='bbox 801 1007 966 1125; x_wconf 37' lang='lat' dir='ltr'>corrrffendr·</span> <span class='ocrx_word' id='word_1_40' title='bbox 982 1008 1137 1073; x_wconf 84' lang='lat' dir='ltr'>audaciam,</span> 
     </span>
     <span class='ocr_line' id='line_1_7' title="bbox 185 1073 1139 1152; baseline -0.002 -22"><span class='ocrx_word' id='word_1_41' title='bbox 185 1091 282 1130; x_wconf 87' lang='lat' dir='ltr'>verum</span> <span class='ocrx_word' id='word_1_42' title='bbox 299 1076 388 1128; x_wconf 87' lang='lat' dir='ltr'>multo</span> <span class='ocrx_word' id='word_1_43' title='bbox 407 1091 504 1143; x_wconf 80' lang='lat' dir='ltr'>megrs,</span> <span class='ocrx_word' id='word_1_44' title='bbox 523 1076 598 1152; x_wconf 88' lang='lat' dir='ltr'>quod</span> <span class='ocrx_word' id='word_1_45' title='bbox 615 1091 644 1126; x_wconf 89' lang='lat' dir='ltr'>m</span> <span class='ocrx_word' id='word_1_46' title='bbox 661 1090 767 1128; x_wconf 72' lang='lat' dir='ltr'>maiore</span> <span class='ocrx_word' id='word_1_47' title='bbox 785 1076 866 1142; x_wconf 88' lang='lat' dir='ltr'>parte</span> <span class='ocrx_word' id='word_1_48' title='bbox 889 1073 968 1126; x_wconf 87' lang='lat' dir='ltr'>rbelh</span> <span class='ocrx_word' id='word_1_49' title='bbox 980 1090 1036 1127; x_wconf 91' lang='lat' dir='ltr'>non</span> <span class='ocrx_word' id='word_1_50' title='bbox 1049 1075 1084 1128; x_wconf 90' lang='lat' dir='ltr'>de</span> <span class='ocrx_word' id='word_1_51' title='bbox 1096 1075 1139 1128; x_wconf 90' lang='lat' dir='ltr'>his</span> 
     </span>
     <span class='ocr_line' id='line_1_8' title="bbox 185 1142 1138 1210; baseline -0.001 -14"><span class='ocrx_word' id='word_1_52' title='bbox 185 1143 276 1207; x_wconf 90' lang='lat' dir='ltr'>rebus,</span> <span class='ocrx_word' id='word_1_53' title='bbox 295 1142 344 1196; x_wconf 89' lang='lat' dir='ltr'>sed</span> <span class='ocrx_word' id='word_1_54' title='bbox 362 1142 397 1195; x_wconf 92' lang='lat' dir='ltr'>de</span> <span class='ocrx_word' id='word_1_55' title='bbox 416 1146 554 1195; x_wconf 81' lang='lat' dir='ltr'>contrario</span> <span class='ocrx_word' id='word_1_56' title='bbox 573 1157 676 1210; x_wconf 82' lang='lat' dir='ltr'>genere</span> <span class='ocrx_word' id='word_1_57' title='bbox 695 1157 805 1205; x_wconf 85' lang='lat' dir='ltr'>esrum,</span> <span class='ocrx_word' id='word_1_58' title='bbox 823 1155 895 1206; x_wconf 86' lang='lat' dir='ltr'>qnae</span> <span class='ocrx_word' id='word_1_59' title='bbox 913 1142 942 1192; x_wconf 91' lang='lat' dir='ltr'>in</span> <span class='ocrx_word' id='word_1_60' title='bbox 961 1144 1056 1209; x_wconf 90' lang='lat' dir='ltr'>specie</span> <span class='ocrx_word' id='word_1_61' title='bbox 1074 1158 1138 1195; x_wconf 90' lang='lat' dir='ltr'>con·</span> 
     </span>
     <span class='ocr_line' id='line_1_9' title="bbox 186 1207 1137 1277; baseline -0.001 -13"><span class='ocrx_word' id='word_1_62' title='bbox 186 1210 297 1277; x_wconf 89' lang='lat' dir='ltr'>sistunt,</span> <span class='ocrx_word' id='word_1_63' title='bbox 316 1208 395 1262; x_wconf 87' lang='lat' dir='ltr'>velut</span> <span class='ocrx_word' id='word_1_64' title='bbox 411 1208 516 1261; x_wconf 84' lang='lat' dir='ltr'>solidae</span> <span class='ocrx_word' id='word_1_65' title='bbox 535 1224 579 1261; x_wconf 89' lang='lat' dir='ltr'>res</span> <span class='ocrx_word' id='word_1_66' title='bbox 597 1210 626 1261; x_wconf 89' lang='lat' dir='ltr'>et</span> <span class='ocrx_word' id='word_1_67' title='bbox 642 1207 813 1261; x_wconf 76' lang='lat' dir='ltr'>hereditates</span> <span class='ocrx_word' id='word_1_68' title='bbox 827 1211 864 1272; x_wconf 85' lang='lat'>(5.</span> <span class='ocrx_word' id='word_1_69' title='bbox 877 1211 940 1274; x_wconf 54' lang='lat'>44),</span> <span class='ocrx_word' id='word_1_70' title='bbox 958 1207 993 1260; x_wconf 95' lang='lat' dir='ltr'>de</span> <span class='ocrx_word' id='word_1_71' title='bbox 1006 1208 1049 1261; x_wconf 90' lang='lat' dir='ltr'>his</span> <span class='ocrx_word' id='word_1_72' title='bbox 1062 1225 1137 1274; x_wconf 84' lang='lat' dir='ltr'>vero,</span> 
     </span>
     <span class='ocr_line' id='line_1_10' title="bbox 186 1274 1138 1407; baseline -0.003 -75"><span class='ocrx_word' id='word_1_73' title='bbox 186 1276 440 1407; x_wconf 46' lang='lat' dir='ltr'>qtmffienfngffo</span> <span class='ocrx_word' id='word_1_74' title='bbox 458 1274 738 1395; x_wconf 41' lang='lat' dir='ltr'>coffisttrrutlrldrrstirmdles</span> <span class='ocrx_word' id='word_1_75' title='bbox 756 1276 821 1394; x_wconf 42' lang='lat' dir='ltr'>strrlpt</span> <span class='ocrx_word' id='word_1_76' title='bbox 839 1289 934 1394; x_wconf 46' lang='lat' dir='ltr'>01}an</span> <span class='ocrx_word' id='word_1_77' title='bbox 933 1275 1064 1394; x_wconf 53' lang='lat' dir='ltr'>gegines,</span> <span class='ocrx_word' id='word_1_78' title='bbox 1084 1292 1138 1395; x_wconf 48' lang='lat' dir='ltr'>egla</span> 
     </span>
     <span class='ocr_line' id='line_1_11' title="bbox 187 1359 1139 1399; baseline -0.004 0"><span class='ocrx_word' id='word_1_79' title='bbox 187 1360 245 1399; x_wconf 91' lang='lat' dir='ltr'>es</span> <span class='ocrx_word' id='word_1_80' title='bbox 324 1360 337 1396; x_wconf 93' lang='lat' dir='ltr'>s</span> <span class='ocrx_word' id='word_1_81' title='bbox 416 1359 530 1395; x_wconf 83' lang='lat' dir='ltr'>amr</span> <span class='ocrx_word' id='word_1_82' title='bbox 671 1360 686 1396; x_wconf 94' lang='lat' dir='ltr'>o</span> <span class='ocrx_word' id='word_1_83' title='bbox 799 1359 821 1393; x_wconf 90' lang='lat' dir='ltr'>r.</span> <span class='ocrx_word' id='word_1_84' title='bbox 952 1359 1139 1395; x_wconf 84' lang='lat' dir='ltr'>numrr</span> 
     </span>
     <span class='ocr_line' id='line_1_12' title="bbox 187 1358 1137 1485; baseline -0.002 -20"><span class='ocrx_word' id='word_1_85' title='bbox 187 1419 213 1465; x_wconf 77' lang='lat' dir='ltr'>is</span> <span class='ocrx_word' id='word_1_86' title='bbox 230 1415 305 1465; x_wconf 81' lang='lat' dir='ltr'>rebus</span> <span class='ocrx_word' id='word_1_87' title='bbox 322 1358 517 1479; x_wconf 47' lang='lat' dir='ltr'>pe’csnrarroffst</span> <span class='ocrx_word' id='word_1_88' title='bbox 527 1424 578 1485; x_wconf 84' lang='lat' dir='ltr'>pro</span> <span class='ocrx_word' id='word_1_89' title='bbox 591 1358 892 1476; x_wconf 51' lang='lat' dir='ltr'>suspectoaffibendum</span> <span class='ocrx_word' id='word_1_90' title='bbox 905 1428 1015 1463; x_wconf 82' lang='lat' dir='ltr'>numero.</span> <span class='ocrx_word' id='word_1_91' title='bbox 1039 1360 1137 1463; x_wconf 55' lang='lat' dir='ltr'>vglram</span> 
     </span>
     <span class='ocr_line' id='line_1_13' title="bbox 186 1475 1137 1563; baseline -0.002 -31"><span class='ocrx_word' id='word_1_92' title='bbox 186 1480 283 1533; x_wconf 87' lang='lat' dir='ltr'>autem</span> <span class='ocrx_word' id='word_1_93' title='bbox 299 1477 449 1563; x_wconf 82' lang='lat' dir='ltr'>lectionem</span> <span class='ocrx_word' id='word_1_94' title='bbox 461 1475 650 1544; x_wconf 80' lang='lat' dir='ltr'>adipiscemur</span> <span class='ocrx_word' id='word_1_95' title='bbox 666 1475 825 1529; x_wconf 89' lang='lat' dir='ltr'>scribendo:</span> <span class='ocrx_word' id='word_1_96' title='bbox 844 1483 869 1528; x_wconf 77' lang='lat' dir='ltr'>in</span> <span class='ocrx_word' id='word_1_97' title='bbox 881 1480 956 1529; x_wconf 74' lang='lat' dir='ltr'>rebar</span> <span class='ocrx_word' id='word_1_98' title='bbox 971 1483 1137 1554; x_wconf 67' lang='lat' dir='ltr'>peraniarris,</span> 
     </span>
     <span class='ocr_line' id='line_1_14' title="bbox 187 1545 1137 1686; baseline -0.003 -21"><span class='ocrx_word' id='word_1_99' title='bbox 187 1545 1137 1686; x_wconf 58' lang='lat' dir='ltr'>arnnutrusttrf‘tta,trituraretur</span> 
     </span>
     <span class='ocr_line' id='line_1_15' title="bbox 187 1674 1137 1746; baseline 0 -15"><span class='ocrx_word' id='word_1_100' title='bbox 187 1678 223 1731; x_wconf 87' lang='lat' dir='ltr'>ad</span> <span class='ocrx_word' id='word_1_101' title='bbox 240 1678 385 1732; x_wconf 85' lang='lat' dir='ltr'>sestertios</span> <span class='ocrx_word' id='word_1_102' title='bbox 402 1680 452 1731; x_wconf 88' lang='lat' dir='ltr'>aut</span> <span class='ocrx_word' id='word_1_103' title='bbox 462 1678 537 1729; x_wconf 88' lang='lat' dir='ltr'>certe</span> <span class='ocrx_word' id='word_1_104' title='bbox 550 1674 586 1728; x_wconf 89' lang='lat' dir='ltr'>ad</span> <span class='ocrx_word' id='word_1_105' title='bbox 598 1690 727 1729; x_wconf 90' lang='lat' dir='ltr'>nummos</span> <span class='ocrx_word' id='word_1_106' title='bbox 738 1692 830 1744; x_wconf 78' lang='lat' dir='ltr'>primo</span> <span class='ocrx_word' id='word_1_107' title='bbox 842 1692 899 1729; x_wconf 91' lang='lat' dir='ltr'>non</span> <span class='ocrx_word' id='word_1_108' title='bbox 912 1693 1008 1730; x_wconf 84' lang='lat' dir='ltr'>aereos</span> <span class='ocrx_word' id='word_1_109' title='bbox 1020 1681 1137 1746; x_wconf 86' lang='lat' dir='ltr'>spectat,</span> 
     </span>
     <span class='ocr_line' id='line_1_16' title="bbox 186 1741 1137 1867; baseline 0.001 -70"><span class='ocrx_word' id='word_1_110' title='bbox 186 1761 300 1867; x_wconf 61' lang='lat' dir='ltr'>prorsus</span> <span class='ocrx_word' id='word_1_111' title='bbox 316 1745 444 1813; x_wconf 89' lang='lat' dir='ltr'>ineptum</span> <span class='ocrx_word' id='word_1_112' title='bbox 462 1741 593 1819; x_wconf 81' lang='lat' dir='ltr'>hocloco</span> <span class='ocrx_word' id='word_1_113' title='bbox 610 1742 725 1796; x_wconf 89' lang='lat' dir='ltr'>librario</span> <span class='ocrx_word' id='word_1_114' title='bbox 743 1743 834 1795; x_wconf 83' lang='lat' dir='ltr'>visum</span> <span class='ocrx_word' id='word_1_115' title='bbox 853 1745 907 1808; x_wconf 85' lang='lat' dir='ltr'>est;</span> <span class='ocrx_word' id='word_1_116' title='bbox 925 1745 1022 1811; x_wconf 82' lang='lat' dir='ltr'>iisque</span> <span class='ocrx_word' id='word_1_117' title='bbox 1040 1745 1137 1813; x_wconf 85' lang='lat' dir='ltr'>paulu·</span> 
     </span>
     <span class='ocr_line' id='line_1_17' title="bbox 197 1808 1137 1878; baseline 0 -12"><span class='ocrx_word' id='word_1_118' title='bbox 197 1829 246 1866; x_wconf 90' lang='lat' dir='ltr'>um</span> <span class='ocrx_word' id='word_1_119' title='bbox 254 1812 285 1865; x_wconf 92' lang='lat' dir='ltr'>id</span> <span class='ocrx_word' id='word_1_120' title='bbox 292 1812 415 1866; x_wconf 84' lang='lat' dir='ltr'>mutavit</span> <span class='ocrx_word' id='word_1_121' title='bbox 426 1812 455 1866; x_wconf 89' lang='lat' dir='ltr'>et</span> <span class='ocrx_word' id='word_1_122' title='bbox 465 1810 584 1874; x_wconf 81' lang='lat' dir='ltr'>traiecit,</span> <span class='ocrx_word' id='word_1_123' title='bbox 593 1810 625 1862; x_wconf 85' lang='lat' dir='ltr'>ut</span> <span class='ocrx_word' id='word_1_124' title='bbox 637 1808 817 1863; x_wconf 86' lang='lat' dir='ltr'>decantatum</span> <span class='ocrx_word' id='word_1_125' title='bbox 829 1810 899 1863; x_wconf 89' lang='lat' dir='ltr'>iilud</span> <span class='ocrx_word' id='word_1_126' title='bbox 909 1817 1025 1878; x_wconf 83' lang='lat' dir='ltr'>pondere</span> <span class='ocrx_word' id='word_1_127' title='bbox 1035 1830 1137 1866; x_wconf 83' lang='lat' dir='ltr'>numero</span> 
     </span>
     <span class='ocr_line' id='line_1_18' title="bbox 186 1880 521 1946; baseline -0.003 -11"><span class='ocrx_word' id='word_1_128' title='bbox 186 1899 302 1935; x_wconf 73' lang='lat' dir='ltr'>nemora</span> <span class='ocrx_word' id='word_1_129' title='bbox 319 1880 521 1946; x_wconf 71' lang='lat' dir='ltr'>assequeretur.</span> 
     </span>
    </p>

    <p class='ocr_par' dir='ltr' id='par_1_3' title="bbox 181 1943 1186 3957">
     <span class='ocr_line' id='line_1_19' title="bbox 253 1943 1138 2012; baseline -0.001 -12"><span class='ocrx_word' id='word_1_130' title='bbox 253 1951 331 2002; x_wconf 82' lang='lat' dir='ltr'>Haec</span> <span class='ocrx_word' id='word_1_131' title='bbox 349 1961 415 2000; x_wconf 81' lang='lat' dir='ltr'>vero</span> <span class='ocrx_word' id='word_1_132' title='bbox 430 1945 494 1999; x_wconf 91' lang='lat' dir='ltr'>ideo</span> <span class='ocrx_word' id='word_1_133' title='bbox 517 1943 570 1997; x_wconf 86' lang='lat' dir='ltr'>hos</span> <span class='ocrx_word' id='word_1_134' title='bbox 587 1943 649 1997; x_wconf 90' lang='lat' dir='ltr'>loco</span> <span class='ocrx_word' id='word_1_135' title='bbox 666 1943 822 2012; x_wconf 76' lang='lat' dir='ltr'>disputavi,</span> <span class='ocrx_word' id='word_1_136' title='bbox 845 1943 921 2011; x_wconf 91' lang='lat' dir='ltr'>quod</span> <span class='ocrx_word' id='word_1_137' title='bbox 938 1944 979 1996; x_wconf 87' lang='lat' dir='ltr'>ita</span> <span class='ocrx_word' id='word_1_138' title='bbox 996 1947 1138 1999; x_wconf 88' lang='lat' dir='ltr'>correctus</span> 
     </span>
     <span class='ocr_line' id='line_1_20' title="bbox 185 2010 1137 2132; baseline -0.003 -64"><span class='ocrx_word' id='word_1_139' title='bbox 185 2014 285 2068; x_wconf 87' lang='lat' dir='ltr'>titulus</span> <span class='ocrx_word' id='word_1_140' title='bbox 302 2018 379 2068; x_wconf 88' lang='lat' dir='ltr'>recte</span> <span class='ocrx_word' id='word_1_141' title='bbox 396 2012 510 2075; x_wconf 76' lang='lat' dir='ltr'>indicat,</span> <span class='ocrx_word' id='word_1_142' title='bbox 528 2025 585 2132; x_wconf 44' lang='lat' dir='ltr'>{aa</span> <span class='ocrx_word' id='word_1_143' title='bbox 602 2010 637 2063; x_wconf 93' lang='lat' dir='ltr'>de</span> <span class='ocrx_word' id='word_1_144' title='bbox 655 2027 685 2064; x_wconf 88' lang='lat' dir='ltr'>re</span> <span class='ocrx_word' id='word_1_145' title='bbox 703 2010 732 2062; x_wconf 93' lang='lat' dir='ltr'>in</span> <span class='ocrx_word' id='word_1_146' title='bbox 750 2011 802 2065; x_wconf 89' lang='lat' dir='ltr'>hoo</span> <span class='ocrx_word' id='word_1_147' title='bbox 820 2010 915 2087; x_wconf 68' lang='lat' dir='ltr'>tibetlo</span> <span class='ocrx_word' id='word_1_148' title='bbox 933 2011 1040 2086; x_wconf 81' lang='lat' dir='ltr'>agatur,</span> <span class='ocrx_word' id='word_1_149' title='bbox 1060 2012 1137 2087; x_wconf 83' lang='lat' dir='ltr'>quod</span> 
     </span>
     <span class='ocr_line' id='line_1_21' title="bbox 185 2078 1135 2147; baseline -0.004 -13"><span class='ocrx_word' id='word_1_150' title='bbox 185 2081 239 2134; x_wconf 91' lang='lat' dir='ltr'>nisi</span> <span class='ocrx_word' id='word_1_151' title='bbox 258 2083 323 2135; x_wconf 87' lang='lat' dir='ltr'>anto</span> <span class='ocrx_word' id='word_1_152' title='bbox 341 2081 514 2147; x_wconf 87' lang='lat' dir='ltr'>compertum</span> <span class='ocrx_word' id='word_1_153' title='bbox 552 2078 656 2132; x_wconf 84' lang='lat' dir='ltr'>abeant</span> <span class='ocrx_word' id='word_1_154' title='bbox 673 2079 787 2143; x_wconf 86' lang='lat' dir='ltr'>tirones,</span> <span class='ocrx_word' id='word_1_155' title='bbox 804 2093 851 2129; x_wconf 75' lang='lat' dir='ltr'>vix</span> <span class='ocrx_word' id='word_1_156' title='bbox 868 2093 900 2129; x_wconf 85' lang='lat' dir='ltr'>ao</span> <span class='ocrx_word' id='word_1_157' title='bbox 912 2093 947 2129; x_wconf 90' lang='lat' dir='ltr'>ne</span> <span class='ocrx_word' id='word_1_158' title='bbox 960 2091 1007 2129; x_wconf 86' lang='lat' dir='ltr'>vur</span> <span class='ocrx_word' id='word_1_159' title='bbox 1019 2079 1135 2142; x_wconf 79' lang='lat' dir='ltr'>quidem</span> 
     </span>
     <span class='ocr_line' id='line_1_22' title="bbox 185 2142 1136 2218; baseline -0.005 -16"><span class='ocrx_word' id='word_1_160' title='bbox 185 2148 354 2218; x_wconf 81' lang='lat' dir='ltr'>intelligent,</span> <span class='ocrx_word' id='word_1_161' title='bbox 364 2146 439 2217; x_wconf 88' lang='lat' dir='ltr'>quod</span> <span class='ocrx_word' id='word_1_162' title='bbox 451 2146 556 2215; x_wconf 80' lang='lat' dir='ltr'>legent.</span> <span class='ocrx_word' id='word_1_163' title='bbox 580 2145 701 2200; x_wconf 81' lang='lat' dir='ltr'>Exhibet</span> <span class='ocrx_word' id='word_1_164' title='bbox 711 2146 797 2212; x_wconf 81' lang='lat' dir='ltr'>igitur</span> <span class='ocrx_word' id='word_1_165' title='bbox 806 2142 964 2197; x_wconf 76' lang='lat' dir='ltr'>Maecianus</span> <span class='ocrx_word' id='word_1_166' title='bbox 972 2142 1024 2195; x_wconf 93' lang='lat' dir='ltr'>hoc</span> <span class='ocrx_word' id='word_1_167' title='bbox 1037 2142 1136 2197; x_wconf 90' lang='lat' dir='ltr'>libello</span> 
     </span>
     <span class='ocr_line' id='line_1_23' title="bbox 186 2211 1136 2282; baseline -0.002 -14"><span class='ocrx_word' id='word_1_168' title='bbox 186 2214 324 2269; x_wconf 87' lang='lat' dir='ltr'>vocabula</span> <span class='ocrx_word' id='word_1_169' title='bbox 341 2229 374 2268; x_wconf 82' lang='lat' dir='ltr'>ec</span> <span class='ocrx_word' id='word_1_170' title='bbox 390 2215 471 2267; x_wconf 86' lang='lat' dir='ltr'>notas</span> <span class='ocrx_word' id='word_1_171' title='bbox 489 2211 611 2281; x_wconf 82' lang='lat' dir='ltr'>partium</span> <span class='ocrx_word' id='word_1_172' title='bbox 628 2214 749 2282; x_wconf 90' lang='lat' dir='ltr'>primum</span> <span class='ocrx_word' id='word_1_173' title='bbox 766 2213 815 2277; x_wconf 90' lang='lat'>(55.</span> <span class='ocrx_word' id='word_1_174' title='bbox 836 2212 936 2277; x_wconf 76' lang='lat'>1-44.)</span> <span class='ocrx_word' id='word_1_175' title='bbox 954 2217 979 2263; x_wconf 80' lang='lat' dir='ltr'>in</span> <span class='ocrx_word' id='word_1_176' title='bbox 997 2212 1073 2263; x_wconf 81' lang='lat' dir='ltr'>retae</span> <span class='ocrx_word' id='word_1_177' title='bbox 1090 2231 1136 2278; x_wconf 85' lang='lat' dir='ltr'>pe·</span> 
     </span>
     <span class='ocr_line' id='line_1_24' title="bbox 184 2277 1134 2354; baseline -0.002 -19"><span class='ocrx_word' id='word_1_178' title='bbox 184 2287 314 2343; x_wconf 62' lang='lat' dir='ltr'>amoris,</span> <span class='ocrx_word' id='word_1_179' title='bbox 332 2281 359 2335; x_wconf 92' lang='lat' dir='ltr'>h.</span> <span class='ocrx_word' id='word_1_180' title='bbox 373 2297 397 2335; x_wconf 88' lang='lat' dir='ltr'>e.</span> <span class='ocrx_word' id='word_1_181' title='bbox 416 2281 448 2334; x_wconf 90' lang='lat' dir='ltr'>ut</span> <span class='ocrx_word' id='word_1_182' title='bbox 463 2280 556 2349; x_wconf 87' lang='lat' dir='ltr'>ipsum</span> <span class='ocrx_word' id='word_1_183' title='bbox 574 2280 741 2334; x_wconf 87' lang='lat' dir='ltr'>vocabulum</span> <span class='ocrx_word' id='word_1_184' title='bbox 759 2277 880 2344; x_wconf 62' lang='lat' dir='ltr'>(solutis</span> <span class='ocrx_word' id='word_1_185' title='bbox 897 2277 975 2331; x_wconf 86' lang='lat' dir='ltr'>Paul.</span> <span class='ocrx_word' id='word_1_186' title='bbox 989 2283 1014 2341; x_wconf 79' lang='grc' dir='ltr'>ὅ,</span> <span class='ocrx_word' id='word_1_187' title='bbox 1028 2284 1051 2354; x_wconf 84' lang='lat'>3:</span> <span class='ocrx_word' id='word_1_188' title='bbox 1072 2282 1134 2342; x_wconf 78' lang='lat'>51.</span> 
     </span>
     <span class='ocr_line' id='line_1_25' title="bbox 185 2344 1136 2413; baseline -0.004 -9"><span class='ocrx_word' id='word_1_189' title='bbox 185 2348 264 2406; x_wconf 78' lang='lat' dir='ltr'>Caes.</span> <span class='ocrx_word' id='word_1_190' title='bbox 281 2353 315 2406; x_wconf 85' lang='grc' dir='ltr'>-Β,</span> <span class='ocrx_word' id='word_1_191' title='bbox 333 2349 362 2402; x_wconf 84' lang='lat'>0.</span> <span class='ocrx_word' id='word_1_192' title='bbox 378 2354 407 2412; x_wconf 75' lang='lat'>³,</span> <span class='ocrx_word' id='word_1_193' title='bbox 425 2354 469 2410; x_wconf 73' lang='lat'>59)</span> <span class='ocrx_word' id='word_1_194' title='bbox 492 2347 628 2412; x_wconf 89' lang='lat' dir='ltr'>ostendit,</span> <span class='ocrx_word' id='word_1_195' title='bbox 650 2347 790 2410; x_wconf 90' lang='lat' dir='ltr'>omnibus,</span> <span class='ocrx_word' id='word_1_196' title='bbox 817 2360 889 2413; x_wconf 84' lang='lat' dir='ltr'>quae</span> <span class='ocrx_word' id='word_1_197' title='bbox 911 2344 1136 2400; x_wconf 76' lang='lat' dir='ltr'>aestimationem</span> 
     </span>
     <span class='ocr_line' id='line_1_26' title="bbox 184 2413 1134 2482; baseline -0.004 -10"><span class='ocrx_word' id='word_1_198' title='bbox 184 2416 304 2482; x_wconf 83' lang='lat' dir='ltr'>hubent,</span> <span class='ocrx_word' id='word_1_199' title='bbox 323 2415 403 2469; x_wconf 88' lang='lat' dir='ltr'>velut</span> <span class='ocrx_word' id='word_1_200' title='bbox 418 2414 491 2468; x_wconf 87' lang='lat' dir='ltr'>libra</span> <span class='ocrx_word' id='word_1_201' title='bbox 508 2416 594 2480; x_wconf 81' lang='lat' dir='ltr'>aeris,</span> <span class='ocrx_word' id='word_1_202' title='bbox 612 2415 709 2481; x_wconf 89' lang='lat' dir='ltr'>homo,</span> <span class='ocrx_word' id='word_1_203' title='bbox 727 2413 838 2479; x_wconf 85' lang='lat' dir='ltr'>fundus,</span> <span class='ocrx_word' id='word_1_204' title='bbox 856 2414 886 2467; x_wconf 89' lang='lat' dir='ltr'>et</span> <span class='ocrx_word' id='word_1_205' title='bbox 903 2415 996 2467; x_wconf 87' lang='lat' dir='ltr'>omnia</span> <span class='ocrx_word' id='word_1_206' title='bbox 1013 2413 1134 2478; x_wconf 85' lang='lat' dir='ltr'>‘solida’,</span> 
     </span>
     <span class='ocr_line' id='line_1_27' title="bbox 184 2479 1134 2553; baseline -0.007 -13"><span class='ocrx_word' id='word_1_207' title='bbox 184 2485 254 2540; x_wconf 90' lang='lat' dir='ltr'>item</span> <span class='ocrx_word' id='word_1_208' title='bbox 265 2483 462 2553; x_wconf 87' lang='lat' dir='ltr'>incorporalia,</span> <span class='ocrx_word' id='word_1_209' title='bbox 474 2483 506 2537; x_wconf 92' lang='lat' dir='ltr'>ut</span> <span class='ocrx_word' id='word_1_210' title='bbox 522 2483 675 2536; x_wconf 85' lang='lat' dir='ltr'>centesima</span> <span class='ocrx_word' id='word_1_211' title='bbox 686 2496 778 2545; x_wconf 83' lang='lat' dir='ltr'>nsnrs,</span> <span class='ocrx_word' id='word_1_212' title='bbox 796 2479 936 2535; x_wconf 86' lang='lat' dir='ltr'>hereditas</span> <span class='ocrx_word' id='word_1_213' title='bbox 949 2484 999 2546; x_wconf 74' lang='lat' dir='ltr'>(tt.</span> <span class='ocrx_word' id='word_1_214' title='bbox 1014 2487 1055 2535; x_wconf 80' lang='lat'>43.</span> <span class='ocrx_word' id='word_1_215' title='bbox 1069 2483 1134 2547; x_wconf 84' lang='lat'>44.);</span> 
     </span>
     <span class='ocr_line' id='line_1_28' title="bbox 184 2547 1136 2620; baseline -0.006 -13"><span class='ocrx_word' id='word_1_216' title='bbox 184 2566 251 2607; x_wconf 89' lang='lat' dir='ltr'>nam</span> <span class='ocrx_word' id='word_1_217' title='bbox 268 2566 341 2619; x_wconf 84' lang='lat' dir='ltr'>quae</span> <span class='ocrx_word' id='word_1_218' title='bbox 358 2565 506 2620; x_wconf 87' lang='lat' dir='ltr'>personam</span> <span class='ocrx_word' id='word_1_219' title='bbox 558 2550 663 2615; x_wconf 87' lang='lat' dir='ltr'>ectant,</span> <span class='ocrx_word' id='word_1_220' title='bbox 681 2564 715 2602; x_wconf 90' lang='lat' dir='ltr'>ea</span> <span class='ocrx_word' id='word_1_221' title='bbox 731 2563 784 2602; x_wconf 88' lang='lat' dir='ltr'>neo</span> <span class='ocrx_word' id='word_1_222' title='bbox 796 2547 1019 2602; x_wconf 83' lang='lat' dir='ltr'>aestimationem</span> <span class='ocrx_word' id='word_1_223' title='bbox 1031 2565 1083 2602; x_wconf 90' lang='lat' dir='ltr'>nec</span> <span class='ocrx_word' id='word_1_224' title='bbox 1095 2548 1136 2601; x_wconf 92' lang='lat' dir='ltr'>di-</span> 
     </span>
     <span class='ocr_line' id='line_1_29' title="bbox 185 2615 1135 2697; baseline -0.005 -22"><span class='ocrx_word' id='word_1_225' title='bbox 185 2620 322 2675; x_wconf 85' lang='lat' dir='ltr'>visionem</span> <span class='ocrx_word' id='word_1_226' title='bbox 343 2619 491 2697; x_wconf 85' lang='lat' dir='ltr'>recipiunt.</span> <span class='ocrx_word' id='word_1_227' title='bbox 549 2617 660 2686; x_wconf 89' lang='lat' dir='ltr'>equitur</span> <span class='ocrx_word' id='word_1_228' title='bbox 677 2621 716 2680; x_wconf 87' lang='lat'>55.</span> <span class='ocrx_word' id='word_1_229' title='bbox 734 2620 842 2669; x_wconf 75' lang='lat'>44-76.</span> <span class='ocrx_word' id='word_1_230' title='bbox 867 2615 902 2669; x_wconf 89' lang='lat' dir='ltr'>de</span> <span class='ocrx_word' id='word_1_231' title='bbox 925 2621 1010 2669; x_wconf 76' lang='lat' dir='ltr'>aereis</span> <span class='ocrx_word' id='word_1_232' title='bbox 1027 2623 1135 2677; x_wconf 77' lang='lat' dir='ltr'>nummis,</span> 
     </span>
     <span class='ocr_line' id='line_1_30' title="bbox 185 2683 1136 2803; baseline -0.005 -61"><span class='ocrx_word' id='word_1_233' title='bbox 185 2688 244 2743; x_wconf 89' lang='lat' dir='ltr'>sive</span> <span class='ocrx_word' id='word_1_234' title='bbox 262 2686 297 2741; x_wconf 89' lang='lat' dir='ltr'>de</span> <span class='ocrx_word' id='word_1_235' title='bbox 315 2702 436 2755; x_wconf 80' lang='lat' dir='ltr'>pecunia</span> <span class='ocrx_word' id='word_1_236' title='bbox 452 2686 481 2740; x_wconf 90' lang='lat' dir='ltr'>in</span> <span class='ocrx_word' id='word_1_237' title='bbox 500 2699 563 2739; x_wconf 82' lang='lat' dir='ltr'>sore</span> <span class='ocrx_word' id='word_1_238' title='bbox 581 2687 728 2761; x_wconf 84' lang='lat' dir='ltr'>numerate</span> <span class='ocrx_word' id='word_1_239' title='bbox 745 2685 779 2747; x_wconf 87' lang='lat'>(5.</span> <span class='ocrx_word' id='word_1_240' title='bbox 792 2684 855 2749; x_wconf 67' lang='lat' dir='ltr'>it),</span> <span class='ocrx_word' id='word_1_241' title='bbox 874 2683 977 2761; x_wconf 78' lang='lat' dir='ltr'>partim</span> <span class='ocrx_word' id='word_1_242' title='bbox 988 2683 1086 2803; x_wconf 34' lang='lat' dir='ltr'>&#39;Brimo</span> <span class='ocrx_word' id='word_1_243' title='bbox 1103 2698 1136 2760; x_wconf 77' lang='lat' dir='ltr'>sc</span> 
     </span>
     <span class='ocr_line' id='line_1_31' title="bbox 185 2749 1136 2820; baseline -0.005 -11"><span class='ocrx_word' id='word_1_244' title='bbox 185 2770 252 2809; x_wconf 84' lang='lat' dir='ltr'>vero</span> <span class='ocrx_word' id='word_1_245' title='bbox 269 2770 360 2820; x_wconf 91' lang='lat' dir='ltr'>sensu,</span> <span class='ocrx_word' id='word_1_246' title='bbox 397 2769 463 2807; x_wconf 85' lang='lat' dir='ltr'>uam</span> <span class='ocrx_word' id='word_1_247' title='bbox 475 2751 524 2805; x_wconf 89' lang='lat' dir='ltr'>diu</span> <span class='ocrx_word' id='word_1_248' title='bbox 535 2766 655 2819; x_wconf 81' lang='lat' dir='ltr'>pecunie</span> <span class='ocrx_word' id='word_1_249' title='bbox 666 2751 814 2803; x_wconf 86' lang='lat' dir='ltr'>numerata</span> <span class='ocrx_word' id='word_1_250' title='bbox 825 2765 924 2803; x_wconf 85' lang='lat' dir='ltr'>revera</span> <span class='ocrx_word' id='word_1_251' title='bbox 934 2767 963 2801; x_wconf 84' lang='lat' dir='ltr'>in</span> <span class='ocrx_word' id='word_1_252' title='bbox 975 2749 995 2802; x_wconf 90' lang='lat' dir='ltr'>h</span> <span class='ocrx_word' id='word_1_253' title='bbox 1016 2765 1048 2802; x_wconf 82' lang='lat' dir='ltr'>re</span> <span class='ocrx_word' id='word_1_254' title='bbox 1064 2766 1136 2804; x_wconf 85' lang='lat' dir='ltr'>aene</span> 
     </span>
     <span class='ocr_line' id='line_1_32' title="bbox 185 2815 1136 2890; baseline -0.008 -14"><span class='ocrx_word' id='word_1_255' title='bbox 185 2823 300 2890; x_wconf 88' lang='lat' dir='ltr'>eiusque</span> <span class='ocrx_word' id='word_1_256' title='bbox 311 2822 387 2889; x_wconf 87' lang='lat' dir='ltr'>parti</span> <span class='ocrx_word' id='word_1_257' title='bbox 408 2837 440 2874; x_wconf 87' lang='lat' dir='ltr'>ns</span> <span class='ocrx_word' id='word_1_258' title='bbox 452 2821 521 2882; x_wconf 83' lang='lat' dir='ltr'>erat,</span> <span class='ocrx_word' id='word_1_259' title='bbox 538 2819 642 2885; x_wconf 87' lang='lat' dir='ltr'>partim</span> <span class='ocrx_word' id='word_1_260' title='bbox 654 2817 798 2881; x_wconf 85' lang='lat' dir='ltr'>translato,</span> <span class='ocrx_word' id='word_1_261' title='bbox 812 2818 995 2885; x_wconf 81' lang='lat' dir='ltr'>posteaquam</span> <span class='ocrx_word' id='word_1_262' title='bbox 1007 2833 1040 2869; x_wconf 87' lang='lat' dir='ltr'>ar</span> <span class='ocrx_word' id='word_1_263' title='bbox 1061 2815 1136 2870; x_wconf 82' lang='lat' dir='ltr'>antei</span> 
     </span>
     <span class='ocr_line' id='line_1_33' title="bbox 184 2883 1136 2951; baseline -0.006 -9"><span class='ocrx_word' id='word_1_264' title='bbox 184 2889 293 2942; x_wconf 90' lang='lat' dir='ltr'>nummi</span> <span class='ocrx_word' id='word_1_265' title='bbox 310 2887 493 2951; x_wconf 84' lang='lat' dir='ltr'>accesserunt,</span> <span class='ocrx_word' id='word_1_266' title='bbox 513 2883 561 2951; x_wconf 90' lang='lat' dir='ltr'>qui</span> <span class='ocrx_word' id='word_1_267' title='bbox 578 2887 673 2938; x_wconf 88' lang='lat' dir='ltr'>tamen</span> <span class='ocrx_word' id='word_1_268' title='bbox 691 2899 725 2936; x_wconf 88' lang='lat' dir='ltr'>ex</span> <span class='ocrx_word' id='word_1_269' title='bbox 743 2898 859 2937; x_wconf 91' lang='lat' dir='ltr'>numero</span> <span class='ocrx_word' id='word_1_270' title='bbox 878 2883 949 2937; x_wconf 86' lang='lat' dir='ltr'>aeris</span> <span class='ocrx_word' id='word_1_271' title='bbox 966 2885 1047 2951; x_wconf 87' lang='lat' dir='ltr'>potes</span> <span class='ocrx_word' id='word_1_272' title='bbox 1078 2886 1136 2937; x_wconf 87' lang='lat' dir='ltr'>tem</span> 
     </span>
     <span class='ocr_line' id='line_1_34' title="bbox 184 2948 1136 3019; baseline -0.004 -12"><span class='ocrx_word' id='word_1_273' title='bbox 184 2954 329 3008; x_wconf 82' lang='lat' dir='ltr'>habebant</span> <span class='ocrx_word' id='word_1_274' title='bbox 345 2958 379 3017; x_wconf 82' lang='lat'>(5.</span> <span class='ocrx_word' id='word_1_275' title='bbox 396 2956 464 3014; x_wconf 75' lang='lat'>44.);</span> <span class='ocrx_word' id='word_1_276' title='bbox 485 2964 572 3019; x_wconf 85' lang='lat' dir='ltr'>quere</span> <span class='ocrx_word' id='word_1_277' title='bbox 595 2948 725 3004; x_wconf 88' lang='lat' dir='ltr'>effectum</span> <span class='ocrx_word' id='word_1_278' title='bbox 745 2953 801 3012; x_wconf 88' lang='lat' dir='ltr'>est,</span> <span class='ocrx_word' id='word_1_279' title='bbox 824 2953 856 3002; x_wconf 87' lang='lat' dir='ltr'>nt</span> <span class='ocrx_word' id='word_1_280' title='bbox 878 2949 991 3003; x_wconf 83' lang='lat' dir='ltr'>redacto</span> <span class='ocrx_word' id='word_1_281' title='bbox 1015 2965 1076 3003; x_wconf 86' lang='lat' dir='ltr'>asse</span> <span class='ocrx_word' id='word_1_282' title='bbox 1099 2949 1136 3003; x_wconf 85' lang='lat' dir='ltr'>ad</span> 
     </span>
     <span class='ocr_line' id='line_1_35' title="bbox 184 3015 1136 3085; baseline -0.002 -14"><span class='ocrx_word' id='word_1_283' title='bbox 184 3019 322 3072; x_wconf 87' lang='lat' dir='ltr'>minutum</span> <span class='ocrx_word' id='word_1_284' title='bbox 339 3034 494 3083; x_wconf 89' lang='lat' dir='ltr'>nummum,</span> <span class='ocrx_word' id='word_1_285' title='bbox 513 3015 589 3084; x_wconf 91' lang='lat' dir='ltr'>qnod</span> <span class='ocrx_word' id='word_1_286' title='bbox 606 3032 694 3085; x_wconf 79' lang='lat' dir='ltr'>genus</span> <span class='ocrx_word' id='word_1_287' title='bbox 711 3018 770 3070; x_wconf 90' lang='lat' dir='ltr'>seni</span> <span class='ocrx_word' id='word_1_288' title='bbox 787 3016 853 3071; x_wconf 88' lang='lat' dir='ltr'>deni</span> <span class='ocrx_word' id='word_1_289' title='bbox 865 3015 977 3070; x_wconf 90' lang='lat' dir='ltr'>demum</span> <span class='ocrx_word' id='word_1_290' title='bbox 990 3016 1136 3070; x_wconf 88' lang='lat' dir='ltr'>denarium</span> 
     </span>
     <span class='ocr_line' id='line_1_36' title="bbox 184 3083 1135 3153; baseline -0.003 -14"><span class='ocrx_word' id='word_1_291' title='bbox 184 3084 337 3149; x_wconf 83' lang='lat' dir='ltr'>efficerent,</span> <span class='ocrx_word' id='word_1_292' title='bbox 357 3085 381 3139; x_wconf 91' lang='lat' dir='ltr'>si</span> <span class='ocrx_word' id='word_1_293' title='bbox 398 3100 454 3153; x_wconf 90' lang='lat' dir='ltr'>qua</span> <span class='ocrx_word' id='word_1_294' title='bbox 465 3083 495 3136; x_wconf 91' lang='lat' dir='ltr'>in</span> <span class='ocrx_word' id='word_1_295' title='bbox 506 3098 616 3136; x_wconf 89' lang='lat' dir='ltr'>summa</span> <span class='ocrx_word' id='word_1_296' title='bbox 627 3084 748 3137; x_wconf 88' lang='lat' dir='ltr'>denariis</span> <span class='ocrx_word' id='word_1_297' title='bbox 762 3099 895 3151; x_wconf 87' lang='lat' dir='ltr'>expressa</span> <span class='ocrx_word' id='word_1_298' title='bbox 907 3098 954 3137; x_wconf 86' lang='lat' dir='ltr'>aes</span> <span class='ocrx_word' id='word_1_299' title='bbox 966 3084 1135 3147; x_wconf 86' lang='lat' dir='ltr'>excurreret,</span> 
     </span>
     <span class='ocr_line' id='line_1_37' title="bbox 184 3149 1137 3218; baseline -0.003 -14"><span class='ocrx_word' id='word_1_300' title='bbox 184 3150 237 3204; x_wconf 90' lang='lat' dir='ltr'>hoc</span> <span class='ocrx_word' id='word_1_301' title='bbox 254 3165 302 3204; x_wconf 88' lang='lat' dir='ltr'>aes</span> <span class='ocrx_word' id='word_1_302' title='bbox 320 3164 468 3205; x_wconf 82' lang='lat' dir='ltr'>excurrens</span> <span class='ocrx_word' id='word_1_303' title='bbox 485 3151 622 3217; x_wconf 82' lang='lat' dir='ltr'>tanquam</span> <span class='ocrx_word' id='word_1_304' title='bbox 639 3149 795 3204; x_wconf 83' lang='lat' dir='ltr'>sedecimae</span> <span class='ocrx_word' id='word_1_305' title='bbox 813 3154 908 3218; x_wconf 86' lang='lat' dir='ltr'>partes</span> <span class='ocrx_word' id='word_1_306' title='bbox 924 3150 1030 3203; x_wconf 88' lang='lat' dir='ltr'>denarii</span> <span class='ocrx_word' id='word_1_307' title='bbox 1048 3149 1137 3204; x_wconf 87' lang='lat' dir='ltr'>solitis</span> 
     </span>
     <span class='ocr_line' id='line_1_38' title="bbox 183 3215 1138 3338; baseline 0.002 -68"><span class='ocrx_word' id='word_1_308' title='bbox 183 3215 308 3338; x_wconf 56' lang='lat' dir='ltr'>partium</span> <span class='ocrx_word' id='word_1_309' title='bbox 324 3216 468 3269; x_wconf 82' lang='lat' dir='ltr'>vocabulis</span> <span class='ocrx_word' id='word_1_310' title='bbox 485 3219 516 3269; x_wconf 89' lang='lat' dir='ltr'>et</span> <span class='ocrx_word' id='word_1_311' title='bbox 531 3216 605 3269; x_wconf 89' lang='lat' dir='ltr'>notis</span> <span class='ocrx_word' id='word_1_312' title='bbox 622 3215 835 3285; x_wconf 81' lang='lat' dir='ltr'>significandum</span> <span class='ocrx_word' id='word_1_313' title='bbox 848 3219 929 3272; x_wconf 88' lang='lat' dir='ltr'>esset</span> <span class='ocrx_word' id='word_1_314' title='bbox 960 3216 1069 3272; x_wconf 84' lang='lat' dir='ltr'>Deinde</span> <span class='ocrx_word' id='word_1_315' title='bbox 1080 3216 1138 3287; x_wconf 77' lang='lat' dir='ltr'>sgi-</span> 
     </span>
     <span class='ocr_line' id='line_1_39' title="bbox 197 3282 1137 3350; baseline 0 -12"><span class='ocrx_word' id='word_1_316' title='bbox 197 3300 230 3338; x_wconf 83' lang='lat' dir='ltr'>ur</span> <span class='ocrx_word' id='word_1_317' title='bbox 246 3282 282 3336; x_wconf 86' lang='lat' dir='ltr'>de</span> <span class='ocrx_word' id='word_1_318' title='bbox 299 3288 414 3350; x_wconf 79' lang='lat' dir='ltr'>pondere</span> <span class='ocrx_word' id='word_1_319' title='bbox 431 3287 471 3347; x_wconf 82' lang='lat'>55.</span> <span class='ocrx_word' id='word_1_320' title='bbox 490 3287 530 3340; x_wconf 83' lang='grc'>77.</span> <span class='ocrx_word' id='word_1_321' title='bbox 548 3286 600 3348; x_wconf 84' lang='grc'>78.,</span> <span class='ocrx_word' id='word_1_322' title='bbox 619 3284 650 3334; x_wconf 83' lang='lat' dir='ltr'>et</span> <span class='ocrx_word' id='word_1_323' title='bbox 665 3285 807 3350; x_wconf 84' lang='lat' dir='ltr'>postremo</span> <span class='ocrx_word' id='word_1_324' title='bbox 825 3289 864 3348; x_wconf 84' lang='lat'>55.</span> <span class='ocrx_word' id='word_1_325' title='bbox 883 3290 923 3338; x_wconf 79' lang='lat'>79.</span> <span class='ocrx_word' id='word_1_326' title='bbox 941 3289 982 3338; x_wconf 81' lang='lat'>80.</span> <span class='ocrx_word' id='word_1_327' title='bbox 1017 3283 1053 3338; x_wconf 89' lang='lat' dir='ltr'>de</span> <span class='ocrx_word' id='word_1_328' title='bbox 1071 3305 1137 3338; x_wconf 81' lang='lat' dir='ltr'>men·</span> 
     </span>
     <span class='ocr_line' id='line_1_40' title="bbox 182 3347 1139 3419; baseline -0.001 -14"><span class='ocrx_word' id='word_1_329' title='bbox 182 3370 245 3406; x_wconf 82' lang='lat' dir='ltr'>suro</span> <span class='ocrx_word' id='word_1_330' title='bbox 262 3352 320 3402; x_wconf 87' lang='lat' dir='ltr'>sive</span> <span class='ocrx_word' id='word_1_331' title='bbox 333 3348 505 3417; x_wconf 91' lang='lat' dir='ltr'>liquidorum</span> <span class='ocrx_word' id='word_1_332' title='bbox 522 3348 581 3401; x_wconf 87' lang='lat' dir='ltr'>sive</span> <span class='ocrx_word' id='word_1_333' title='bbox 600 3347 749 3414; x_wconf 83' lang='lat' dir='ltr'>aridorum,</span> <span class='ocrx_word' id='word_1_334' title='bbox 769 3366 841 3419; x_wconf 88' lang='lat' dir='ltr'>quae</span> <span class='ocrx_word' id='word_1_335' title='bbox 859 3365 914 3403; x_wconf 91' lang='lat' dir='ltr'>non</span> <span class='ocrx_word' id='word_1_336' title='bbox 928 3353 987 3404; x_wconf 89' lang='lat' dir='ltr'>tam</span> <span class='ocrx_word' id='word_1_337' title='bbox 999 3352 1139 3418; x_wconf 84' lang='lat' dir='ltr'>partibus,</span> 
     </span>
     <span class='ocr_line' id='line_1_41' title="bbox 183 3414 1137 3487; baseline 0 -17"><span class='ocrx_word' id='word_1_338' title='bbox 183 3432 267 3486; x_wconf 88' lang='lat' dir='ltr'>qnam</span> <span class='ocrx_word' id='word_1_339' title='bbox 285 3414 438 3470; x_wconf 89' lang='lat' dir='ltr'>maioribus</span> <span class='ocrx_word' id='word_1_340' title='bbox 450 3432 482 3471; x_wconf 90' lang='lat' dir='ltr'>ao</span> <span class='ocrx_word' id='word_1_341' title='bbox 494 3415 647 3469; x_wconf 90' lang='lat' dir='ltr'>minoribus</span> <span class='ocrx_word' id='word_1_342' title='bbox 659 3417 780 3470; x_wconf 86' lang='lat' dir='ltr'>modulis</span> <span class='ocrx_word' id='word_1_343' title='bbox 792 3417 828 3470; x_wconf 90' lang='lat' dir='ltr'>ad</span> <span class='ocrx_word' id='word_1_344' title='bbox 841 3417 1014 3472; x_wconf 85' lang='lat' dir='ltr'>definiendas</span> <span class='ocrx_word' id='word_1_345' title='bbox 1027 3418 1137 3487; x_wconf 85' lang='lat' dir='ltr'>quanti-</span> 
     </span>
     <span class='ocr_line' id='line_1_42' title="bbox 184 3483 1139 3553; baseline -0.001 -14"><span class='ocrx_word' id='word_1_346' title='bbox 184 3488 257 3539; x_wconf 83' lang='lat' dir='ltr'>tates</span> <span class='ocrx_word' id='word_1_347' title='bbox 282 3483 442 3537; x_wconf 86' lang='lat' dir='ltr'>constitutis</span> <span class='ocrx_word' id='word_1_348' title='bbox 468 3483 634 3537; x_wconf 86' lang='lat' dir='ltr'>continetur.</span> <span class='ocrx_word' id='word_1_349' title='bbox 679 3483 785 3538; x_wconf 86' lang='lat' dir='ltr'>Ultima</span> <span class='ocrx_word' id='word_1_350' title='bbox 811 3484 898 3538; x_wconf 85' lang='lat' dir='ltr'>verbe</span> <span class='ocrx_word' id='word_1_351' title='bbox 923 3490 946 3549; x_wconf 90' lang='lat'>5.</span> <span class='ocrx_word' id='word_1_352' title='bbox 970 3489 1011 3538; x_wconf 82' lang='lat'>81.</span> <span class='ocrx_word' id='word_1_353' title='bbox 1053 3485 1139 3553; x_wconf 83' lang='lat' dir='ltr'>culpo</span> 
     </span>
     <span class='ocr_line' id='line_1_43' title="bbox 183 3524 1137 3628; baseline 0.001 -23"><span class='ocrx_word' id='word_1_354' title='bbox 183 3566 293 3617; x_wconf 89' lang='lat' dir='ltr'>eornm,</span> <span class='ocrx_word' id='word_1_355' title='bbox 321 3553 369 3616; x_wconf 87' lang='lat' dir='ltr'>qui</span> <span class='ocrx_word' id='word_1_356' title='bbox 395 3549 792 3628; x_wconf 30' lang='lat' dir='ltr'>primumhaectediderunt,</span> <span class='ocrx_word' id='word_1_357' title='bbox 815 3550 960 3605; x_wconf 83' lang='lat' dir='ltr'>Maeciano</span> <span class='ocrx_word' id='word_1_358' title='bbox 983 3524 1137 3614; x_wconf 73' lang='lat' dir='ltr'>snttrsctu,</span> 
     </span>
     <span class='ocr_line' id='line_1_44' title="bbox 182 3616 1137 3687; baseline 0 -15"><span class='ocrx_word' id='word_1_359' title='bbox 182 3622 369 3672; x_wconf 85' lang='lat' dir='ltr'>Mommsenus</span> <span class='ocrx_word' id='word_1_360' title='bbox 378 3632 405 3672; x_wconf 82' lang='lat' dir='ltr'>er</span> <span class='ocrx_word' id='word_1_361' title='bbox 416 3619 548 3671; x_wconf 82' lang='lat' dir='ltr'>restitnit.</span> <span class='ocrx_word' id='word_1_362' title='bbox 571 3616 624 3681; x_wconf 84' lang='lat' dir='ltr'>Qus</span> <span class='ocrx_word' id='word_1_363' title='bbox 636 3618 740 3683; x_wconf 88' lang='lat' dir='ltr'>tamen,</span> <span class='ocrx_word' id='word_1_364' title='bbox 752 3617 809 3672; x_wconf 86' lang='lat' dir='ltr'>levi</span> <span class='ocrx_word' id='word_1_365' title='bbox 822 3617 980 3686; x_wconf 85' lang='lat' dir='ltr'>corruptela</span> <span class='ocrx_word' id='word_1_366' title='bbox 992 3617 1137 3687; x_wconf 90' lang='lat' dir='ltr'>deceptus,</span> 
     </span>
     <span class='ocr_line' id='line_1_45' title="bbox 181 3683 1138 3753; baseline 0 -14"><span class='ocrx_word' id='word_1_367' title='bbox 181 3700 234 3739; x_wconf 92' lang='lat' dir='ltr'>nec</span> <span class='ocrx_word' id='word_1_368' title='bbox 255 3684 329 3738; x_wconf 88' lang='lat' dir='ltr'>hunc</span> <span class='ocrx_word' id='word_1_369' title='bbox 351 3683 489 3738; x_wconf 80' lang='lat' dir='ltr'>Macriani</span> <span class='ocrx_word' id='word_1_370' title='bbox 511 3684 613 3737; x_wconf 87' lang='lat' dir='ltr'>librum</span> <span class='ocrx_word' id='word_1_371' title='bbox 633 3685 776 3753; x_wconf 79' lang='lat' dir='ltr'>integrum</span> <span class='ocrx_word' id='word_1_372' title='bbox 798 3685 878 3738; x_wconf 88' lang='lat' dir='ltr'>nobis</span> <span class='ocrx_word' id='word_1_373' title='bbox 899 3686 1042 3738; x_wconf 85' lang='lat' dir='ltr'>servatum</span> <span class='ocrx_word' id='word_1_374' title='bbox 1066 3700 1138 3751; x_wconf 88' lang='lat' dir='ltr'>esse,</span> 
     </span>
     <span class='ocr_line' id='line_1_46' title="bbox 181 3749 1138 3829; baseline 0.001 -24"><span class='ocrx_word' id='word_1_375' title='bbox 181 3767 330 3822; x_wconf 83' lang='lat' dir='ltr'>perperam</span> <span class='ocrx_word' id='word_1_376' title='bbox 351 3750 494 3805; x_wconf 81' lang='lat' dir='ltr'>iudicavit</span> <span class='ocrx_word' id='word_1_377' title='bbox 535 3749 624 3804; x_wconf 91' lang='lat' dir='ltr'>Immo</span> <span class='ocrx_word' id='word_1_378' title='bbox 646 3752 716 3806; x_wconf 85' lang='lat' dir='ltr'>haec</span> <span class='ocrx_word' id='word_1_379' title='bbox 743 3753 806 3820; x_wconf 82' lang='lat' dir='ltr'>ipsa</span> <span class='ocrx_word' id='word_1_380' title='bbox 828 3751 970 3805; x_wconf 83' lang='lat' dir='ltr'>sententia</span> <span class='ocrx_word' id='word_1_381' title='bbox 987 3752 1024 3805; x_wconf 87' lang='lat' dir='ltr'>ed</span> <span class='ocrx_word' id='word_1_382' title='bbox 1041 3754 1138 3829; x_wconf 85' lang='lat' dir='ltr'>partes</span> 
     </span>
     <span class='ocr_line' id='line_1_47' title="bbox 181 3817 1186 3888; baseline -0.003 -14"><span class='ocrx_word' id='word_1_383' title='bbox 181 3834 368 3888; x_wconf 86' lang='lat' dir='ltr'>numerosque</span> <span class='ocrx_word' id='word_1_384' title='bbox 381 3819 411 3872; x_wconf 88' lang='lat' dir='ltr'>et</span> <span class='ocrx_word' id='word_1_385' title='bbox 421 3818 531 3887; x_wconf 88' lang='lat' dir='ltr'>pondus</span> <span class='ocrx_word' id='word_1_386' title='bbox 548 3833 764 3887; x_wconf 88' lang='lat' dir='ltr'>mensuramque</span> <span class='ocrx_word' id='word_1_387' title='bbox 776 3817 961 3873; x_wconf 86' lang='lat' dir='ltr'>communiter</span> <span class='ocrx_word' id='word_1_388' title='bbox 973 3819 1136 3887; x_wconf 75' lang='lat' dir='ltr'>respiciens,</span> <span class='ocrx_word' id='word_1_389' title='bbox 1148 3834 1166 3884; x_wconf 46' lang='grc' dir='ltr'>[ἲ</span> <span class='ocrx_word' id='word_1_390' title='bbox 1177 3845 1186 3865; x_wconf 55' lang='lat' dir='ltr'>a</span> 
     </span>
     <span class='ocr_line' id='line_1_48' title="bbox 182 3884 1137 3957; baseline -0.001 -16"><span class='ocrx_word' id='word_1_391' title='bbox 182 3886 266 3943; x_wconf 84' lang='lat' dir='ltr'>finem</span> <span class='ocrx_word' id='word_1_392' title='bbox 288 3884 415 3957; x_wconf 88' lang='lat' dir='ltr'>opusculi</span> <span class='ocrx_word' id='word_1_393' title='bbox 436 3885 551 3940; x_wconf 84' lang='lat' dir='ltr'>indicet</span> <span class='ocrx_word' id='word_1_394' title='bbox 590 3888 649 3940; x_wconf 87' lang='lat' dir='ltr'>Nec</span> <span class='ocrx_word' id='word_1_395' title='bbox 666 3886 795 3954; x_wconf 79' lang='lat' dir='ltr'>opinare,</span> <span class='ocrx_word' id='word_1_396' title='bbox 817 3899 961 3938; x_wconf 83' lang='lat' dir='ltr'>mensures</span> <span class='ocrx_word' id='word_1_397' title='bbox 979 3885 1137 3953; x_wconf 86' lang='lat' dir='ltr'>spatiorum</span> 
     </span>
    </p>
   </div>
   <div class='ocr_carea' id='block_1_3' title="bbox 0 0 1194 4386">
    <p class='ocr_par' dir='ltr' id='par_1_4' title="bbox 0 0 1194 4386">
     <span class='ocr_line' id='line_1_49' title="bbox 0 0 1194 4386; baseline 0 0"><span class='ocrx_word' id='word_1_398' title='bbox 0 0 1194 4386; x_wconf 95' lang='lat' dir='ltr'> </span> 
     </span>
    </p>
   </div>
  </div>
 </body>
</html>
