2378 4386
189 525 253 591 656
397 542 455 577 aros.
474 540 513 576 na.
533 540 594 576 noar.
614 539 704 575 suoru
722 538 828 574 concur.
849 520 896 573 lll.
914 525 938 574 3.

191 674 266 731 tulo
288 670 326 727 ad
349 667 669 743 legemcurnellam
691 666 730 723 de
752 668 893 723 sicariis
915 672 947 723 et
969 667 1150 726 ueneficio

190 757 289 812 dicit:
311 752 336 811 1.
353 753 455 809 Seruus
470 754 493 808 si
508 752 595 826 plagis
611 751 750 822 deiecerit,
766 752 817 806 nisi
830 751 856 806 id
867 748 931 806 dolo
945 749 1000 821 liat,
1017 749 1150 810 dominus

190 838 325 895 homicidii
347 852 409 892 reus
431 852 486 892 non
510 842 601 910 potest
622 833 769 908 postulari;
791 834 900 891 modum
923 829 1041 890 ἰῑιιιιειι1
1066 839 1150 893 casti·

190 921 271 997 gandi
286 930 313 977 et
328 922 354 976 in
369 936 512 976 seruorum
527 920 691 975 coercitione
706 917 806 991 placuit
825 911 992 990 temperari²

254 1003 319 1078 llap.
335 1003 377 1059 lll.
414 1002 582 1077 Ulpianus
604 1002 691 1059 libro
714 1010 836 1058 octauo
858 1002 896 1057 de
919 1001 1042 1058 oiiicio
1066 1021 1148 1077 pro·

189 1088 368 1159 consulis,
406 1087 466 1144 sub
503 1085 609 1143 titulo
643 1085 680 1142 de
717 1084 931 1142 dominorum
968 1082 1148 1150 saeuitia.³

192 1173 219 1230 1.
242 1172 271 1229 Si
292 1171 418 1229 dominus
434 1173 461 1227 in
477 1187 587 1228 seruum
602 1170 744 1240 saeuierit‚
767 1169 811 1225 uel
827 1169 859 1225 ad
876 1169 1071 1242 impudicitiam
1087 1180 1148 1228 tur·

190 1271 306 1330 pemque
328 1250 517 1312 uiolationem⁴
539 1254 699 1327 compellat,
722 1268 790 1327 quae
811 1256 867 1309 sint
889 1262 979 1325 partes
1001 1255 1147 1326 praesidis,

190 1357 222 1397 et
245 1342 378 1413 rescripto
401 1338 457 1395 diui
476 1338 516 1394 l‘ii
537 1338 570 1393 ad
589 1331 750 1393 ’Aureliuml
769 1335 928 1393 Marcianum
952 1339 1149 1410 proconsulem

190 1425 310 1481 baeticae
333 1422 529 1479 manifestatur.
573 1419 602 1479 2.
626 1422 705 1477 Cuius
726 1423 851 1494 rescripti
875 1420 954 1476 uerba
977 1421 1044 1478 baec
1065 1435 1148 1482 suut:

191 1507 376 1564 ‘Dominarum
389 1508 495 1580 quidem
511 1513 671 1580 potestatem
687 1507 714 1561 in
728 1521 793 1560 suos
805 1520 920 1561 seruttos
936 1502 1073 1560 inlibatam
1085 1522 1148 1563 esse

191 1599 308 1665 oportet,
331 1607 382 1647 neo
396 1592 520 1663 cuiquam
535 1590 673 1646 bominum
690 1590 732 1644 lus
748 1604 826 1644 suum
842 1588 955 1649 detrahi.
989 1587 1042 1644 Sed
1058 1588 1147 1647 domi·

191 1690 287 1731 norum
316 1667 460 1745 interest‚⁰
487 1690 522 1729 ne
544 1673 671 1729 auxilium
694 1680 788 1727 eontra
814 1674 953 1729 saeuitiam
981 1671 1025 1727 uel
1049 1672 1147 1731 samem

192 1757 236 1815 uel
252 1757 448 1814 intolerabilem
463 1758 585 1813 iniuriam
601 1755 752 1827 denegetur
767 1756 818 1820 bis,
842 1758 888 1829 qui
905 1758 975 1812 iuste
998 1756 1147 1827 deprecan-

191 1851 245 1898 tur.
282 1837 310 1901 3.
325 1841 442 1913 ideoque
458 1856 593 1913 cognosce
609 1838 642 1894 de
658 1839 784 1912 querellis
800 1856 910 1910 eorum,
933 1843 978 1913 qui
994 1857 1026 1895 ea
1044 1840 1146 1898 iamilia

191 1925 249 1981 lolii
266 1924 356 1981 Sabini
379 1925 411 1979 ad
434 1935 548 1980 statuam
571 1922 769 1995 confugerunt:
792 1933 819 1979 et
841 1926 864 1978 si
888 1924 930 1978 uel
953 1924 1046 1979 durius
1071 1925 1146 1981 habi·

192 2017 246 2080 tos‚
269 2025 348 2082 quam
371 2024 485 2080 acquum
508 2015 566 2077 est,
590 2006 632 2061 uel
654 2000 771 2063 'iniami⁷
795 2009 890 2063 iniuria
911 2007 1020 2064 allectos
1039 2025 1144 2082 cogno·

192 2094 278 2164 ueris,
303 2093 394 2147 uenire
416 2091 494 2159 iube,
517 2092 552 2145 ita
575 2098 604 2144 ut
626 2091 653 2145 in
675 2098 836 2163 potestatem
859 2090 948 2146 Sabini
973 2107 1027 2147 non
1047 2107 1189 2154 reuer-[s

192 2185 293 2233 tantur.
336 2173 395 2239 ’Qui
418 2168 456 2229 εἰ8
478 2189 552 2228 meae
567 2175 754 2229 constitutioni
770 2173 888 2230 fraudem
909 2176 1017 2245 lecerit,
1041 2170 1143 2246 ’sciat‚⁹

191 2276 233 2314 me
255 2257 400 2313 admissum
421 2258 543 2312 seuerius
567 2256 776 2318 exsecutorum!
825 2256 854 2313 4.
885 2258 967 2314 Diuus
990 2261 1069 2315 etiam
1093 2260 1145 2316 lla·

190 2342 299 2397 driauus
315 2332 476 2395 'Umbrarum
492 2340 622 2413 quandam
638 2348 785 2397 matronam
801 2343 828 2397 iu
845 2344 1057 2415 quinquennium
1074 2343 1143 2400 rele-

190 2426 281 2499 gauit,
304 2422 377 2496 quod
392 2439 423 2479 ex
439 2423 583 2480 leuissimis
597 2426 685 2481 causis
701 2425 807 2481 ancillas
823 2427 987 2482 atrocissime
1003 2436 1142 2485 tractaret.

189 2505 217 2566 ὅ.
240 2508 305 2564 ltem
322 2506 403 2564 lliuus
419 2507 481 2564 Pius
496 2508 529 2563 ad
552 2507 671 2564 libellum
686 2507 745 2564 Albi
761 2507 819 2564 lulii
842 2511 979 2582 rescripsit
1003 2505 1060 2586 (in)
1077 2511 1144 2568 baec

190 2591 287 2650 uerba:
311 2590 469 2648 ‘Seruorum
486 2592 643 2665 obsequium
659 2609 714 2648 nou
728 2590 815 2648 solnm
832 2594 957 2667 imperio,
976 2594 1023 2650 scd
1039 2604 1066 2649 et
1082 2612 1142 2651 nao-

190 2676 328 2733 deratione
341 2685 367 2732 et
382 2675 578 2733 sufficientibus
594 2676 721 2750 praebitis
733 2684 761 2731 et
772 2678 851 2732 iustis
866 2677 992 2750 operibus
1008 2681 1142 2735 contineri

190 2769 309 2834 oportet.
355 2757 384 2820 6.
409 2759 500 2834 ltaque
528 2760 565 2816 'ct
586 2763 644 2833 lpse
666 2753 791 2816 curare¹¹
814 2760 904 2816 ’debes
928 2754 988 2816 et¹²
1014 2763 1087 2818 iuste
1113 2779 1144 2818 ac

186 2834 346 2919 ’temperate
354 2838 481 2902 seruos¹³
493 2853 618 2913 tractare,
627 2854 657 2901 ut
668 2842 709 2899 ’er
721 2837 822 2900 iacili¹⁴
833 2846 970 2918 requirere
983 2860 1030 2900 eos
1041 2848 1141 2919 possis,

262 3029 282 3097 1)
297 3033 360 3081 enim
376 3032 438 3081 cdd.
453 3032 510 3080 edd.
523 3031 567 3079 etsi
580 3030 684 3079 Cramer
694 3033 725 3093 ej.
756 3031 852 3080 Vocem
865 3032 933 3095 sipla
943 3030 1071 3079 librarius
1081 3047 1141 3083 eon·

186 3102 265 3164 fudit.
318 3098 460 3167 ¹)Aliosc.
472 3103 592 3164 periculo
606 3100 707 3150 domino
721 3103 845 3149 saevienti
860 3103 1010 3150 imnrineutc.
1038 3103 1141 3164 issoi.

189 3168 211 3234 ⁸)
225 3174 264 3233 ἐξ.
280 3184 349 3222 1-4.
364 3178 454 3220 extant
468 3172 500 3219 L.
515 3182 535 3220 2.
555 3170 586 3217 D.
602 3170 633 3217 de
647 3170 696 3228 tte,
711 3173 755 3234 qui
768 3173 811 3220 sut'
825 3171 856 3234 (1,
870 3170 901 3235 o).
924 3171 961 3233 Cf.
977 3174 1000 3232 ὅ.
1015 3183 1036 3221 2.
1052 3172 1074 3222 1.
1086 3174 1141 3222 eod.

188 3242 220 3303 (1,
234 3240 267 3303 ε).
289 3241 346 3290 Gai.
362 3253 381 3301 t,
391 3251 425 3290 ott.
477 3237 499 3304 ⁴)
513 3238 558 3288 Sic
573 3241 629 3288 item
640 3240 699 3303 Dip.
714 3242 761 3289 aed
774 3248 857 3291 vetere
872 3243 933 3290 vitio
946 3241 1045 3303 soccum
1057 3244 1142 3304 suerit

188 3310 426 3359 ecc'uersattonem.
492 3308 513 3374 ὗ)
529 3308 618 3357 Aelium
638 3310 698 3374 Dip.
718 3311 780 3360 luat.
846 3308 867 3376 ⁶)
884 3312 922 3375 Cf.
938 3314 996 3373 §.o
1024 3309 1141 3376 ‘nequid

187 3375 364 3428 tumultuosius'
381 3385 428 3428 etc.
481 3375 502 3443 ⁷)
521 3378 566 3427 Ve.
582 3380 642 3443 Dip.
658 3381 766 3429 infamiae
781 3380 809 3429 Β,
831 3382 940 3431 infamem
961 3382 1002 3431 Vi.
1023 3383 1092 3431 lamis
1107 3385 1141 3445 φ’,

188 3448 326 3512 Reisipert'.
385 3444 482 3514 8)Πί9.
498 3449 600 3506 Quodsi
616 3450 750 3501 cudent.
809 3450 830 3516 ⁰)
846 3451 905 3517 bip.
921 3452 984 3501 laist.
1000 3454 1061 3501 sciet
1077 3453 1139 3502 Cdd.

187 3519 244 3568 edd.
299 3515 330 3583 ¹⁰)
345 3518 489 3569 Umbriciam
504 3520 637 3585 Diplnai.
687 3519 720 3584 ¹¹)
735 3524 751 3570 ἰ.
762 3538 782 3571 e.
799 3538 849 3572 nou
865 3530 962 3571 lanium
972 3525 1141 3586 proconsulis

188 3604 277 3638 curum
291 3598 451 3652 exspectare,
465 3607 481 3640 a
496 3607 545 3655 qno
560 3598 588 3641 ut
599 3593 725 3657 sopitione
738 3608 827 3642 servos
841 3595 998 3657 inoestipare
1012 3609 1044 3642 uc
1053 3594 1141 3657 requi·

187 3674 246 3709 rere
260 3660 357 3714 liceret.
371 3662 475 3723 frustra
484 3662 587 3711 indetur
598 3665 726 3724 petivisse.
753 3663 790 3725 Cf.
801 3664 833 3711 L.
844 3674 864 3713 s.
879 3664 911 3711 tt.
921 3665 953 3712 dc
965 3664 1042 3727 sapit.
1054 3661 1099 3727 (ta,
1108 3662 1139 3725 4).

190 3726 223 3795 Π)
238 3729 308 3778 debet
322 3729 352 3779 B.
373 3731 418 3782 Ve.
439 3732 512 3782 debes
531 3733 573 3780 Vt.
589 3734 627 3781 cd.
643 3732 683 3781 Bl.
751 3730 782 3797 ¹³)
798 3740 930 3796 temperare
948 3740 1015 3781 etuos
1029 3732 1060 3781 B.
1081 3742 1138 3782 tem·

187 3808 269 3863 perate
284 3808 308 3850 et
322 3816 378 3851 suos
398 3802 442 3852 Vc.
468 3810 598 3866 temperate
617 3812 670 3852 tuos
690 3803 731 3851 Vi.
746 3804 803 3852 edd.
872 3801 905 3869 ¹⁴)
919 3804 964 3852 Ea
978 3803 1140 3853 Locdmonni

187 3873 219 3935 ej.
236 3880 259 3920 et
273 3873 336 3922 incili
353 3872 414 3923 Cdd.
430 3881 453 3922 et
468 3874 536 3923 iacile
551 3874 609 3923 edd.
