2378 4386
124 552 187 620 686
327 568 386 605 reos.
404 569 438 605 se
454 566 515 605 ιῡιι.
534 565 625 603 uerte
642 568 750 604 coms.
768 549 828 603 xit.
848 555 872 602 7.

125 702 195 776 legis
210 698 332 775 Aquiliae
346 696 436 753 noxali
450 695 578 753 iudicio’
581 691 715 768 ιιιιιιιιι,4
737 699 761 753 ιι
776 696 830 753 litis
850 699 1003 755 aestimatio
1018 716 1089 775 per·

124 786 257 855 mittitur,
279 780 436 838 iudicium'
437 795 499 837 cunr
513 797 544 837 ea
559 780 640 837 edere
655 790 743 854 potes.
746 774 772 813 '²
815 780 945 838 Videlicet
959 798 1017 840 non
1042 794 1090 841 est

126 868 194 927 'ulsa
208 858 328 939 Aquilia⁸
343 861 478 921 sulficere.
520 859 548 921 7.
572 858 614 920 *st
635 864 811 922 'lernaearius
825 881 958 921 seruusue
973 866 1122 934 aediumts

125 950 299 1011 conductoris
311 942 451 1006 coloniue⁵
460 949 492 1004 ad
505 947 640 1006 fornacem
651 948 851 1020 obdormisset,
867 942 909 1005 et⁶
920 948 986 1006 uilla
998 950 1088 1010 luerit

125 1042 228 1107 crusta,
243 1033 368 1090 Neratius
383 1031 486 1103 scribit,
502 1049 533 1089 er
545 1032 634 1090 locato
646 1041 810 1090 conuentum
820 1043 958 1106 praestare
969 1033 1084 1133 debere,

124 1122 148 1176 sl
164 1118 344 1193 neglegens
336 1133 364 1173 ιιι
386 1115 518 1190 eligendis
540 1118 693 1172 ministeriis
715 1115 774 1177 luit.
817 1116 940 1174 Ceterum
963 1120 987 1174 si
1011 1120 1086 1178 alius

125 1206 215 1279 ignem
230 1201 374 1260 subiecerit
389 1200 508 1272 lernaei,
530 1200 598 1256 alius
617 1200 795 1298 neglegenter
816 1200 992 1271 custodierit,
1015 1200 1086 1279 ’(αιι

125 1287 277 1357 tenebitur,
299 1288 349 1359 qui
369 1276 571 1358 ιιιιιιίιινιί)71
615 1282 678 1339 llam
702 1285 818 1358 quinon
841 1285 987 1358 custodiit,
1011 1289 1085 1345 nihil

125 1371 204 1430 iecit:
227 1371 275 1446 qui
289 1378 364 1426 reete
378 1370 468 1443 ignem
484 1366 608 1438 subiecit,
629 1383 683 1423 non
699 1369 833 1442 peccauit:
851 1369 1084 1442 quemadmodum

125 1473 148 1512 ιι
142 1456 299 1512 hominem
315 1452 433 1509 medicus
448 1459 522 1509 recte
536 1452 668 1521 secuerit,
688 1452 736 1508 sed
756 1452 934 1526 neglegenter
949 1453 1017 1510 uel
1009 1470 1083 1529 epse,

125 1538 170 1596 uel
191 1538 260 1594 alius
275 1536 419 1606 eurauerit,
443 1535 548 1609 equitia
563 1529 675 1592 cessat⁸
719 1533 786 1603 Quid
809 1553 875 1609 ergo
891 1538 950 1593 esti
988 1536 1020 1593 lit
1038 1540 1084 1596 lrie

125 1629 192 1696 pute
208 1620 240 1677 ad
255 1620 405 1694 exemplum
420 1619 541 1692 Aqtrilise
555 1618 667 1675 dandam
685 1621 816 1675 actionem
832 1630 885 1676 tarn
900 1622 927 1677 in
942 1637 1017 1693 eum,
1034 1625 1083 1697 qui

125 1705 157 1760 ad
172 1704 308 1761 lorneecm
324 1703 502 1774 obdormiuit‚
526 1701 569 1758 uel
586 1701 763 1775 neglegenter
784 1704 926 1776 custodiit,
948 1721 1029 1778 quam
1054 1708 1083 1764 tn

126 1787 266 1859 medicum,
283 1789 329 1862 qui
344 1786 523 1860 neglegenter
534 1785 649 1857 curauit,
664 1787 722 1841 siue
734 1786 815 1843 lremo
828 1789 917 1861 periit,
933 1790 992 1844 siue
1004 1788 1081 1846 debi-

126 1871 219 1929 litatus
233 1880 287 1929 est.
322 1869 375 1927 tice
392 1872 532 1944 quisquam
547 1868 643 1925 dixerit
658 1870 685 1924 in
700 1885 744 1940 eo,
763 1872 809 1944 qui
824 1871 998 1943 obdormiuit‚
1021 1888 1080 1929 rem

125 1971 187 2013 eum
202 1957 345 2013 humanam
364 1962 392 2010 et
413 1952 562 2009 naturalem
584 1968 703 2026 passum,
725 1970 785 2010 cum
801 1953 912 2012 deberet
927 1955 971 2012 uel
986 1958 1079 2030 ignem

124 2041 295 2113 extinguere,
317 2037 361 2094 uel
375 2038 413 2093 ita
428 2036 540 2104 munire,
565 2044 595 2091 ut
615 2035 678 2093 ’non
695 2032 883 2111 euagaretur.⁹
924 2038 956 2096 8.
980 2033 1077 2095 ¹⁰ltem

124 2160 330 2173 -.---·

201 2223 221 2289 ¹)
236 2231 330 2271 acturus
346 2217 394 2284 (es)
408 2219 447 2268 ed.
460 2217 498 2267 nt.
514 2234 549 2268 ecc
562 2223 594 2281 ej.
647 2216 731 2286 ¹)cum
747 2222 812 2271 adire
826 2230 906 2285 petest
915 2222 945 2272 B.
961 2222 1005 2273 Vc.
1019 2223 1076 2288 kap.

123 2308 169 2347 cu.
184 2293 267 2341 edhire
281 2297 360 2354 potest
378 2289 420 2338 Vi.
439 2290 620 2339 eceommodnre
638 2299 718 2355 potest
735 2293 774 2341 ed.
789 2291 830 2340 Bt.
857 2292 897 2342 De
915 2308 944 2343 re
956 2296 981 2343 si
997 2291 1077 2344 ‘iudi-

125 2366 192 2415 ct'um
205 2376 262 2412 eum
281 2361 335 2410 titis
352 2356 538 2410 aestimatione'
559 2362 741 2425 interpretaris
759 2363 791 2412 de
807 2365 935 2425 formula,
954 2380 1019 2428 quae
1033 2366 1077 2415 tle·

124 2439 210 2485 tracta
223 2445 309 2481 noxae
327 2430 457 2491 deditione
476 2432 622 2494 concipitur
635 2431 716 2496 (quod
731 2434 785 2489 feci
799 2433 921 2484 Zeitsedr.
937 2437 953 2482 l.
968 2434 1016 2500 m),
1030 2437 1077 2485 du·

124 2504 272 2555 ditationem
285 2508 377 2559 renuet,
392 2500 461 2565 quod
472 2500 619 2551 huiusmodi
633 2504 747 2565 formula
762 2506 850 2566 potius
869 2505 993 2554 iudicium
1009 2503 1077 2556 ‘eine

125 2588 211 2627 nouae
225 2569 339 2624 datione’
355 2574 395 2621 vet
405 2569 535 2622 ‘detracta
549 2587 634 2622 noxae
648 2571 763 2624 datione’
775 2574 829 2624 diei
843 2581 867 2624 et
879 2577 944 2625 solet
957 2583 982 2625 et
995 2576 1076 2626 delet.

125 2646 216 2710 Itaque
233 2658 287 2695 rem
305 2658 373 2693 nunc
387 2658 422 2692 ex
434 2641 466 2691 L.
481 2652 515 2694 ιι.
540 2641 571 2691 tt.
587 2643 623 2692 ad
635 2645 682 2708 teg.
698 2644 784 2708 Aquil.
801 2644 837 2710 (e,
851 2642 875 2710 ι)
894 2647 990 2710 iisque,
1011 2662 1077 2710 quae

126 2712 273 2779 ‘Gaius’p
289 2726 336 2766 ιιι.
355 2714 497 2777 disputavi,
516 2715 652 2777 explicare
670 2716 744 2764 malo.
772 2715 834 2778 Ipsa
849 2718 893 2764 lea
906 2716 1014 2780 Aquilia
1028 2718 1076 2767 du·

126 2794 211 2838 mnata
225 2800 284 2843 reo,
298 2785 432 2849 quantiea
446 2791 580 2843 recesset,
594 2784 670 2842 dare,
690 2787 757 2834 certi
771 2786 968 2844 condictionem,
988 2790 1076 2836 exin·

122 2859 251 2921 filiatione
264 2855 429 2919 dreplundam,
444 2856 530 2905 actori
543 2853 685 2910 tribuerat,·
704 2857 813 2919 itaque'
803 2871 826 2905 ιι
840 2857 964 2906 iudicium
977 2871 1013 2906 ea:
1026 2857 1076 2908 Itas

125 2924 204 2994 Iege‘
207 2941 262 2977 cum
273 2925 342 2992 (sun)
352 2927 406 2974 litis
416 2920 603 2974 aestimatione'
614 2922 736 2974 dictabat
762 2924 841 2985 Quam
850 2929 967 2989 priscam
979 2930 1075 2976 seueri·

124 3005 199 3047 tatem
211 3002 320 3060 praetor
339 2996 374 3045 acl
387 2997 513 3051 actiones,
533 3008 597 3058 queas
615 2995 669 3057 ipae
686 3010 748 3044 sune
767 2998 868 3046 omuino
886 2997 922 3046 ael
934 3000 1076 3061 ecesnplum

124 3070 189 3134 lepis
203 3067 325 3131 Aquiliae
338 3065 425 3120 dabat,
438 3066 592 3128 simpliciter
605 3065 752 3128 transferre
765 3066 897 3116 dubitauit.
925 3067 1017 3132 Itaque
1031 3081 1075 3117 eus

125 3145 153 3187 ut
166 3144 266 3188 ceteras
279 3138 400 3201 vulgares
409 3137 524 3184 actiones
533 3136 664 3197 concepit:
676 3137 729 3184 nisi
738 3143 820 3185 tamen
830 3138 884 3200 ipse
899 3152 967 3193 reue,
982 3145 1074 3187 utrum

124 3209 178 3257 litis
192 3208 368 3257 aestimatione
382 3211 517 3273 ageretur,
528 3206 700 3266 permitteret,
716 3209 805 3265 ueluti,
820 3207 888 3271 quod
898 3208 999 3271 suatum
1013 3223 1074 3258 con·

122 3276 255 3337 Iltedatur,
268 3282 314 3324 aut
327 3273 463 3332 metuebat,
478 3289 509 3322 ne
531 3274 612 3322 tnaee
623 3276 680 3324 sine
698 3277 823 3327 eiusmodi
840 3280 939 3328 actoris
956 3280 1073 3328 aestima·

123 3348 206 3403 tiene,
220 3345 327 3393 maioris
341 3359 416 3408 quam
430 3345 484 3406 ipse
499 3349 573 3393 actor
586 3346 654 3393 litem
668 3349 849 3397 aestimaturus
867 3355 988 3397 esset·
1004 3348 1074 3397 Male

124 3414 236 3477 Iludors.
252 3412 431 3495 Ilecdtspeseli.
446 3413 468 3474 5
479 3424 513 3464 ιι
529 3420 579 3463 not.
591 3426 623 3464 11.
638 3418 671 3478 ej.
686 3418 845 3479 praemittitur
854 3432 906 3480 pro
921 3419 1072 3481 permittitur.

125 3482 145 3549 ⁸)
161 3486 220 3533 risu
236 3482 372 3547 dqniliuB.
391 3484 573 3549 risumlquilia
592 3484 637 3534 Ve.
657 3485 698 3536 Vi
718 3487 977 3553 visnmtquttinmed
992 3488 1032 3537 Bi.

124 3552 255 3622 4)ΕιιΙ..
270 3565 303 3606 tt
318 3556 342 3617 5
357 3566 377 3606 ιι.
397 3554 429 3604 D.
446 3555 482 3604 ad
495 3558 543 3619 leg
558 3555 644 3620 Aquil.
661 3556 692 3620 (e,
706 3555 737 3622 ι).
801 3555 822 3624 4)
838 3560 898 3607 lorte
912 3572 998 3607 seruus
1012 3573 1074 3622 quae

122 3627 185 3676 idem
199 3625 357 3675 conductores
372 3626 451 3675 coloni
464 3624 495 3675 B
515 3626 560 3676 Ve.
580 3628 640 3676 loric
654 3642 699 3691 que
715 3628 791 3678 eidem
806 3629 964 3678 conductores
979 3629 1073 3678 colonia

127 3696 168 3745 Vi
183 3697 329 3746 iernecarius
345 3696 597 3762 seruuscolenillig.
628 3696 666 3760 (Υ.
683 3698 806 3749 Zeitecltr.
824 3698 903 3747 XIII.
919 3715 947 3763 p.
962 3711 997 3751 ιι

123 3764 263 3833 ⁶)Matim:
281 3765 358 3845 (cum)
373 3767 539 3818 obdormisset.
614 3764 633 3823 7)
648 3767 692 3817 Eur
711 3768 770 3834 Dip.
785 3771 868 3832 suppl
882 3768 923 3818 Bt.
997 3766 1019 3834 ⁸)
1035 3768 1073 3831 Cf.

122 3838 153 3889 Ι.
169 3851 236 3904 tpr.
252 3838 284 3887 L.
299 3850 319 3889 7.
324 3820 357 3901 ’.5
373 3850 393 3890 e
409 3839 441 3889 D.
456 3840 553 3903 adleg.
568 3838 656 3902 Aquil.
671 3837 702 3904 (s,
712 3838 743 3903 ι).
794 3836 947 3905 ο)Ε.ιΙ)ι’9.
964 3845 1075 3901 euagaret

120 3908 152 3959 B.
173 3910 218 3961 Ve.
238 3908 352 3960 euaderet
374 3910 415 3959 Vi.
439 3916 550 3973 surgeret
568 3908 607 3959 ed.
627 3907 668 3958 Bi.
735 3905 767 3974 ¹⁰)
781 3842 877 3959 E.)sstat
895 3909 927 3958 Ι.
947 3920 980 3960 at.
1000 3910 1025 3971 5.
1039 3919 1074 3960 ιο.
