2378 4386
187 542 251 609 546
474 562 540 597 aven
559 560 653 596 ravum
670 561 741 596 sena.
761 541 794 595 V.
814 547 855 596 16.

186 693 345 764 scripturam
360 692 525 763 interrogari
539 704 593 746 non
608 699 733 762 possunt.
768 686 797 745 d.
822 681 891 756 ¹Qui
911 687 979 744 falso
1001 689 1045 745 uel
1066 691 1143 747 narie

188 773 244 848 (uel
257 772 378 847 oblique)
391 775 543 831 testimonia
553 773 680 830 dixerunt
693 773 735 829 uel
747 774 855 846 utrique
868 773 936 846 parti
949 769 1141 846 prodiderunt,

186 860 276 914 autin
291 857 400 914 erilium
416 866 549 932 aguntur,
571 866 616 914 aut
631 859 658 913 in
680 857 794 914 insulam
810 857 983 931 relegantur,
1004 864 1051 912 aut
1065 860 1140 913 curia

186 934 409 999 submouentur.²
452 938 481 1000 6.
504 934 553 999 ³la
572 957 601 997 re
622 941 774 1016 pecuniaria
796 948 942 1010 tormenta,
962 941 1016 996 nisi
1029 957 1091 997 cum
1105 945 1141 1002 de

187 1025 269 1083 rebus
291 1025 459 1083 hereditariis
480 1026 636 1098 quaeritur,
656 1041 710 1082 non
731 1022 907 1093 adhibentur;
929 1017 1027 1080 'aliae‘
1048 1033 1139 1082 autem

187 1107 361 1167 iureiurando
376 1117 423 1166 aut
439 1108 553 1166 testibus
567 1109 743 1183 explicantur.

319 1280 383 1324 arr.
399 1278 462 1322 xvr.
493 1279 535 1321 on
551 1255 1004 1326 00111000110011110110111000.ὅ

248 1374 274 1433 1.
300 1368 433 1431 iserdum
456 1374 490 1430 de
512 1373 584 1431 laeto
606 1389 656 1429 suo
678 1374 706 1429 in
727 1389 756 1430 se
770 1373 933 1446 interrogari
950 1388 1044 1446 posse,
1067 1376 1140 1430 ratio

186 1460 329 1534 aequitatis
346 1457 478 1516 ostendit:
494 1457 627 1514 necerim
644 1456 738 1513 0110000
754 1457 779 1514 ei
794 1454 887 1523 debet,
904 1458 948 1528 qui
964 1472 1012 1529 per
1025 1472 1138 1513 seruum

186 1543 286 1616 aliquid
303 1543 361 1599 sine
376 1543 500 1598 cautione
516 1538 669 1599 commodat
683 1548 730 1596 aut
744 1539 864 1614 deponit.
900 1534 929 1596 2.
951 1533 1049 1595 ⁷ludex
1064 1549 1138 1597 tute-

187 1627 262 1697 lonis,
278 1628 398 1698 itemque
413 1627 574 1682 centumuiri
588 1627 612 1681 si
626 1624 703 1681 aliter
718 1623 847 1681 derebus
862 1624 1028 1680 hereditariis
1042 1624 1087 1679 uel
1103 1624 1138 1680 do

158 1740 164 1763 ,-
187 1708 240 1765 fide
254 1711 363 1784 pencris
377 1711 475 1766 instrui
491 1725 545 1765 non
560 1716 692 1782 possunt,
707 1715 835 1781 poterunt
853 1707 886 1764 de
900 1709 987 1764 seruis
1002 1708 1138 1765 heredita·

185 1795 232 1850 n'is
248 1793 345 1851 hahere
368 1793 564 1867 quaestionem.
607 1787 636 1848 8.
660 1785 756 1849 8Serui
775 1791 854 1848 alieni
876 1793 903 1848 in
925 1790 1035 1848 alterius
1057 1802 1187 1865 caputrts

185 1893 241 1934 non
257 1879 310 1934 uisi
323 1876 426 1951 singuli
440 1877 562 1951 torqueri
579 1884 704 1948 possunt.
741 1884 768 1932 et
783 1875 835 1931 lroc
849 1877 936 1933 inuito
952 1876 1060 1933 domino
1081 1893 1137 1933 non

185 1969 228 2018 eet
248 1961 476 2036 permittendum,
496 1961 548 2016 nisi
562 1959 684 2030 delator,
703 1961 780 2016 cuius
800 1961 914 2016 interest
929 1959 1001 2034 quod
1023 1960 1139 2017 intendit

185 2045 314 2120 probare,
336 2046 422 2119 pretia
437 2060 547 2114 corum,
570 2044 662 2116 quanti
685 2043 808 2100 domiuus
824 2045 965 2112 tanauerit,
986 2043 1139 2101 interrasit

185 2138 296 2202 paratus
319 2127 362 2184 uel
384 2136 458 2184 certe
484 2126 627 2183 deterioris
654 2127 716 2184 laeti
745 2129 818 2183 serui
845 2126 936 2185 sultire
964 2128 1136 2189 taxationem.

184 2208 214 2268 4.
238 2206 357 2281 9801110,
378 2212 425 2284 qui
447 2210 519 2267 uitro
535 2210 634 2284 aliquid
650 2210 684 2266 de
699 2210 807 2267 domino
824 2209 984 2282 confitetur,
999 2209 1064 2267 fides
1080 2228 1136 2269 non

185 2293 417 2351 accommodatur:
440 2310 491 2351 uec
518 2296 589 2351 enim
610 2304 721 2369 oportet
747 2297 774 2351 ia
801 2294 882 2352 rebus
910 2293 998 2351 dubiis
1020 2295 1136 2352 salutem

185 2377 355 2434 dominorum
369 2394 511 2434 seruorum
526 2377 636 2434 arbitrio
652 2380 793 2435 committi.
833 2375 862 2435 li.
888 2372 998 2437 ¹⁰Serui
1012 2380 1039 2435 lu
1055 2388 1136 2453 caput

185 2461 287 2518 domini
302 2477 390 2535 neque
405 2480 419 2519 a
435 2463 558 2536 praeside
573 2478 661 2536 neque
675 2479 690 2518 a
704 2470 891 2537 procuratore,
907 2479 995 2536 neque
1011 2464 1038 2518 in
1054 2480 1136 2536 pecu·

184 2639 275 2682 testato
289 2632 416 2696 consectis
428 2634 553 2696 scriptum
566 2639 615 2690 eat,
634 2633 702 2682 attae
715 2639 791 2681 testes
805 2633 966 2695 interroparr'
983 2648 1034 2683 non
1050 2647 1135 2696 paese,

184 2705 236 2752 nisi
250 2704 271 2752 ἰὶ
283 2711 367 2765 testea,
382 2704 426 2767 qui
440 2703 607 2765 conficiendis
621 2701 715 2751 tabuiis
728 2702 838 2751 addidici
848 2702 957 2765 fuerint,
973 2703 1004 2751 de
1014 2719 1052 2760 eo,
1068 2705 1136 2768 puod

183 2775 307 2835 scriptum
320 2776 366 2832 sit,
386 2776 454 2823 inter
471 2787 498 2822 ae
517 2773 670 2822 dissentiant
688 2774 727 2822 uel
741 2774 808 2821 alias
822 2771 934 2821 titubent.
964 2772 1035 2822 Idem
1053 2776 1134 2839 ipitur

184 2847 335 2893 accuratius
348 2844 455 2901 dicitur,
465 2843 533 2908 qaod
541 2858 576 2892 ea:
588 2842 744 2892 Graecarum
754 2842 830 2891 libris
839 2845 914 2893 initio
923 2845 961 2891 tit.
974 2844 999 2893 C.
1011 2845 1043 2893 de
1052 2844 1132 2894 testib.

184 2916 327 2964 restitutum
341 2921 386 2963 eet.
440 2911 459 2979 ¹)
474 2913 556 2963 Eatat
569 2915 645 2962 etiam
659 2914 687 2961 t‘a
703 2913 792 2963 Callai.
802 2925 823 2971 e,
833 2925 863 2972 0.,
878 2913 922 2962 uiri
934 2915 986 2963 oid.
1001 2923 1053 2965 not.
1068 2923 1092 2964 et
1106 2918 1133 2964 ia

183 2984 214 3032 L.
231 2996 264 3035 10.
279 2984 311 3032 D.
326 2985 358 3034 de
371 2983 453 3033 testib.
470 2983 514 3048 (00,
524 2983 555 3049 0).
576 2984 614 3047 Cf.
625 2982 674 3032 Ed.
690 2982 856 3035 Theodecti.
908 2980 929 3049 ¹)
947 2985 985 3048 Os.
997 2985 1131 3047 Lamprid.

182 3054 260 3103 Alea.
280 3067 314 3106 10.
380 3050 543 3119 ⁸)Cfiinfra
562 3064 635 3111 0,10.
655 3054 678 3115 5.
693 3064 713 3103 2.
738 3053 915 3107 0101010.
941 3055 967 3106 0.
986 3056 1017 3103 de
1034 3062 1131 3118 quaest.

183 3123 213 3187 (0,
231 3123 278 3189 tt).
302 3124 334 3173 L.
353 3136 366 3175 0
377 3140 420 3187 pr.
445 3123 476 3171 D.
496 3124 551 3174 eod.
570 3123 619 3189 (ta,
639 3124 683 3189 10).
707 3124 738 3174 L.
754 3138 774 3174 1.
792 3126 815 3187 ξ.
831 3138 850 3175 1.
877 3126 902 3175 C.
917 3125 949 3175 de
963 3126 1071 3174 iuretur.
1088 3141 1131 3189 pr.

183 3195 291 3243 column.
307 3193 339 3258 (0,
353 3195 397 3258 tt).
449 3191 471 3259 ¹)
485 3194 530 3244 La:
545 3195 632 3244 Ouiae.
648 3197 679 3258 φ’.
695 3195 735 3245 ed.
750 3194 834 3245 Haen.
849 3197 908 3245 alias
925 3196 986 3246 Cdd.
1000 3196 1040 3246 ed.
1055 3197 1088 3245 Α.

256 3262 305 3312 tir.
323 3263 400 3312 XVI.
443 3262 465 3330 ⁶)
488 3266 525 3328 cs.
541 3272 592 3315 not.
607 3278 626 3315 1.
646 3265 682 3314 oet
699 3267 736 3313 ru.
757 3277 789 3317 11.
864 3263 939 3332 ⁶)cf.
955 3267 987 3316 L.
1002 3277 1035 3319 10.
1061 3267 1086 3317 C.
1101 3267 1132 3316 de

182 3340 278 3398 quaest.
295 3332 326 3399 (0,
340 3333 384 3400 tt).
405 3334 436 3384 L.
451 3348 472 3388 8.
493 3335 519 3385 C.
534 3336 566 3385 de
580 3335 661 3385 testib.
676 3334 708 3400 (a,
722 3334 766 3400 00).
846 3332 1004 3402 ¹)Breoiata
1019 3345 1091 3388 catat
1105 3340 1130 3386 tn

181 3404 213 3454 L.
229 3415 262 3456 10.
276 3406 300 3467 ὅ.
313 3418 334 3457 e.
355 3405 386 3454 Ι).
401 3407 434 3455 de
448 3414 543 3472 quaest.
558 3405 603 3471 (te,
619 3404 662 3469 rt).
684 3406 721 3469 Cf.
737 3416 757 3464 0,
773 3417 805 3458 10.
820 3408 843 3468 ξ.
858 3419 879 3458 0.
894 3407 926 3456 L.
942 3421 961 3459 1.
976 3410 1000 3470 ἕ.
1014 3420 1035 3460 0.
1055 3409 1087 3457 Ι).
1101 3408 1132 3457 de

181 3477 275 3525 tutelae
288 3483 313 3526 et
326 3484 377 3528 rat.
393 3475 437 3541 (11,
451 3475 483 3542 a).
499 3477 529 3526 L.
545 3488 579 3528 01.
599 3476 631 3526 D.
646 3477 677 3526 da
691 3477 757 3526 adra.
772 3484 797 3526 et
807 3480 891 3541 peric.
905 3476 950 3543 (00,
960 3476 993 3542 1).
1009 3479 1040 3531 L.
1052 3489 1084 3530 tt.
1100 3479 1131 3527 D.

181 3547 213 3596 de
227 3562 296 3610 susp.
311 3555 356 3597 tut.
372 3546 417 3612 (10,
432 3547 477 3611 10).
542 3545 564 3613 ⁸)
580 3547 619 3611 Cf.
633 3547 665 3598 1..
680 3559 713 3599 10.
734 3546 765 3598 D.
780 3549 811 3596 de
825 3556 922 3612 quaeat.
937 3546 981 3614 (40,
997 3549 1043 3613 tu).
1064 3549 1095 3598 L.
1111 3561 1131 3600 0.

182 3616 212 3665 D.
228 3619 259 3667 de
270 3633 389 3681 praescr.
404 3617 472 3667 vert.
487 3618 531 3683 (ro,
546 3618 578 3682 0).
593 3619 625 3667 L.
636 3630 669 3669 10.
688 3620 726 3680 (ξ.
741 3629 774 3670 os.
788 3631 823 3669 11.
843 3619 875 3667 Ι).
890 3619 922 3667 de
937 3621 1017 3670 tatur.
1032 3620 1077 3685 (tr,
1088 3618 1130 3683 10).

181 3686 230 3736 tta.
249 3688 371 3739 Tlreader.
386 3699 433 3739 100.
480 3685 501 3753 ⁹)
512 3688 560 3737 Eat
573 3691 648 3737 etiarn
664 3689 695 3738 L.
710 3699 742 3740 10.
758 3690 781 3750 ἕ.
796 3700 816 3740 0.
836 3688 868 3737 D.
882 3691 914 3738 de
924 3698 1021 3753 quaest.
1033 3691 1077 3756 (10,
1088 3687 1131 3754 te).

182 3757 220 3818 Os.
235 3768 256 3813 0,
271 3769 304 3809 10.
318 3760 342 3819 §-
357 3768 377 3809 0.
397 3757 429 3805 L.
444 3770 464 3808 1.
479 3760 502 3821 ξ.
517 3769 538 3810 0.
558 3759 590 3808 1..
604 3771 624 3810 0.
639 3761 663 3821 0.
678 3772 698 3810 1.
719 3759 751 3808 D.
766 3760 821 3809 eod.
876 3756 908 3825 ¹⁰)
924 3760 962 3823 Cf.
977 3760 1009 3809 L.
1025 3774 1044 3812 1.
1060 3763 1082 3823 ξ.
1099 3771 1130 3811 te.

181 3827 211 3874 L.
226 3838 294 3889 epr.
309 3825 341 3876 D.
356 3828 411 3877 eod.
427 3828 458 3877 L.
474 3841 493 3879 1.
509 3840 529 3880 e.
550 3829 576 3879 0.
591 3831 647 3879 eod.
663 3828 693 3895 (0,
703 3828 748 3893 tr).
769 3830 821 3880 Cic.
833 3845 885 3893 pro
897 3829 953 3879 Mil.
964 3841 997 3881 00.
1010 3847 1061 3895 pro
1072 3844 1132 3896 repe

179 3896 262 3945 Deiot.
278 3909 297 3947 1.
313 3904 378 3946 orat.
390 3906 460 3961 part.
476 3909 509 3951 00.
533 3898 613 3950 Tacit.
629 3901 661 3949 A.
676 3911 698 3959 0,
711 3911 745 3951 to.
