2378 4386
336 543 473 580 ετωοτττντ.
493 542 638 578 susumus
658 542 813 578 Autumnus.
983 524 1041 588 871

93 669 271 749 νιτεραυτον
260 661 624 746 εἰσινεχθενιτρονομιον
642 675 764 742 positum
775 677 825 726 est
840 670 1046 727 Noneuimocl-

95 756 129 817 ἐν
145 752 177 815 δὲ
193 762 232 814 τῶ
247 752 382 814 εἰπεῖν
356 773 406 812 τον
420 748 598 828 ἀφήλιιια,”
582 773 626 810 οτι
645 754 979 825 versoriuseiusprobot‚
986 769 1048 811 eum

95 839 193 918 ἥττων
208 861 252 899 ων
267 832 443 913 ovilitate,
465 832 516 893 καλ
532 835 626 908 δεῖξαι
644 843 779 896 maiorem
789 838 892 909 fuisse,
906 852 969 894 cum
983 853 1049 893 con·

97 931 198 999 τοῦτο,
220 917 318 982 οὐκέτι
341 915 356 976 6
378 914 511 988 sitting
533 913 626 977 αὐτοῦ
646 923 859 994 traheretque
868 924 1047 995 priuileoium

97 1003 273 1104 εὑρίσκεταί
277 1025 303 1062 τι
318 999 412 1078 λέγειν
423 999 488 1077 περὶ
499 1007 551 1076 τῆς
562 997 626 1076 iulu-
641 1024 699 1077 pro
724 1008 831 1061 minore
857 1007 1048 1063 introductum

96 1090 181 1165 νίας,
203 1083 277 1147 ἀλλὰ
298 1081 402 1144 λοιπὸν
421 1083 462 1155 εἰς
477 1079 545 1154 τοὺς
561 1081 627 1160 περὶ
645 1089 785 1144 aduersus
793 1103 854 1144 eum
866 1096 1049 1162 retorquere·

97 1179 151 1249 τῆς
173 1166 433 1237 ἀποκαταστάσεως
453 1162 626 1268 μετατρέπε-
646 1180 702 1227 tur.
716 1171 784 1226 Cum
797 1174 1048 1243 oerominortlioit‚

97 1277 145 1314 ται
157 1250 271 1332 λόγους,
282 1246 508 1325 καὶᾶντιτίθησι
520 1246 625 1328 λέγων·
646 1253 917 1324 seminoremfuisse
925 1261 1049 1324 tempore

95 1328 627 1428 ἀλλὰπαρῆλθενὸτῆςᾶπωιαταστιὶ-
647 1344 815 1393 contractus
817 1337 1049 1409 ‚toqueouenotu

97 1438 172 1488 σεως
185 1412 299 1494 καιρός·
315 1437 365 1475 και
356 1415 403 1477 cl
412 1439 451 1493 μη
443 1408 506 1474 δε
505 1417 547 1497 ξη,
556 1416 627 1492 βαρ
647 1436 703 1475 non
727 1420 849 1490 amplius
864 1421 1051 1476 otloersorius

96 1506 199 1562 θεῖσαι
213 1496 230 1558 6
245 1496 321 1571 νέος.
355 1521 388 1558 to
379 1492 512 1558 *³660
477 1519 533 1558 ουν
547 1518 628 1574 περι·
647 1506 708 1558 eius
729 1503 765 1557 tte
790 1508 886 1558 aetate
907 1506 1051 1558 inuenitur

98 1577 322 1661 λαμβάνουσα
305 1605 324 1659 η
340 1580 477 1660 εἰρημένη
492 1581 530 1642 6
562 1579 627 1639 tut
646 1587 799 1656 quidquam
806 1586 913 1661 (licere,
920 1587 971 1640 sed
982 1588 1051 1642 olio·

98 1670 179 1740 ταξις
193 1659 254 1727 slus
269 1664 342 1769 πρὸς
358 1665 409 1726 τὸν
424 1662 535 1734 νέον,”
518 1686 563 1725 οτι
575 1661 629 1723 tto
647 1673 715 1741 quin
732 1669 771 1724 ott
784 1672 971 1725 restitutionis
981 1684 1050 1724 eau-

98 1746 253 1850 δεικνύῃς,
286 1746 326 1821 ως
359 1747 457 1826 ἥττων
487 1744 629 1826 ὑπάρχων
646 1756 1051 1824 somseeouoertitetoppo·

100 1830 299 1912 σινήλλαξας,
319 1833 369 1892 καὶ
383 1856 423 1909 μη
412 1831 519 1927 δείξῃ
534 1828 550 1888 6
567 1827 627 1890 διά·
647 1840 699 1904 nit,
714 1837 826 1892 dicens:
844 1844 874 1891 ot
885 1843 995 1905 tempus
1005 1850 1051 1890 re

100 1913 182 1990 διττός
209 1935 279 1994 σου,
309 1912 549 2014 παρεληλυθέναι
577 1913 629 1974 τὸν
647 1920 964 1990 stitutionisproeteriit.
975 1919 1054 1986 Quod

100 1999 208 2081 χρόνον
222 2010 275 2078 τῆς
290 1992 552 2069 ἀποκαταστάσεως
565 2013 628 2073 σου,
648 2005 673 2057 si
686 2018 743 2057 non
757 2003 934 2073 probauerit,
956 2003 1051 2058 adole·

99 2083 247 2180 βοηθήσῃ.
261 2074 470 2161 σημείωσαι
434 2103 491 2141 ουν
502 2104 556 2157 την
567 2082 628 2140 δια
647 2088 741 2141 scenti
755 2086 931 2142 subuenitur.
967 2085 1052 2142 llaec

99 2160 197 2246 φορὰν
209 2177 268 2228 τῶν
278 2165 468 2240 αιτωλείξεων
484 2187 562 2225 ουτω
573 2186 629 2244 γαρ
646 2173 734 2242 initur
769 2170 824 2226 duo
863 2171 1053 2240 complectens

101 2248 118 2310 6
140 2245 320 2323 Ενδοξιος
307 2273 323 2310 o
345 2248 425 2328 ἥρως
452 2244 604 2325 ἐνόησε
574 2271 629 2325 την
647 2256 851 2324 suprascripto
889 2260 978 2309 const.
1023 2249 1051 2308 4.

100 2329 214 2395 τούτων
228 2332 372 2412 διαίρεσιν
387 2337 447 2395 κτλ.
461 2366 501 2379 -
514 2335 628 2409 cyrillus
648 2338 823 2393 adolescenti
828 2333 959 2394 ἀνταία
965 2354 1051 2394 nuno

99 2425 128 2478 in
144 2418 236 2479 Schol.
252 2419 329 2480 Basil.
346 2419 403 2492 22,
420 2421 447 2480 1.
464 2413 570 2476 43.¹'l
575 2463 581 2476 .
550 2418 628 2474 ΤΙΙ.
648 2427 742 2475 remte
753 2421 1052 2492 ficissecumcontro·

101 2521 129 2576 p.
146 2500 218 2558 488.
236 2501 339 2562 lleimb.
648 2503 748 2571 heres,
771 2505 943 2568 ostenderis,
961 2521 1053 2576 neque

95 2584 268 2661 probauerit
278 2586 465 2644 aduersarius
476 2595 551 2655 tuus,
568 2594 677 2656 tempus
689 2593 755 2641 tuoe
767 2588 953 2641 restitutionis
964 2602 1052 2657 proe-

100 2672 223 2737 tersisse,
238 2669 420 2726 subvenietur
434 2671 492 2729 tibi.
517 2670 591 2725 Noto
603 2672 691 2741 initur
703 2668 895 2738 differentium
909 2670 1052 2738 probotio-

99 2769 178 2811 num
182 2749 191 2777 ’
215 2751 263 2807 Sic
278 2754 351 2806 enim
368 2754 519 2810 Eudonius
532 2754 658 2825 inclytus
672 2752 815 2807 intellexit
829 2752 932 2806 hortem
944 2753 1053 2810 divisio·

101 2851 167 2892 nem
183 2842 238 2889 etc.

144 2908 630 3015 11.Εαντινιχαρίσηταίτιςπραγ
693 2918 801 2988 Siquis
823 2919 912 2973 alicui
932 2934 993 2975 rem
1013 2924 1053 2976 ito

99 3019 153 3099 μα,
176 2994 214 3072 ἐφ
218 2988 365 3079 ’ρλμετά
392 2997 502 3075 χρόνον
523 2999 630 3058 δοῦναι
649 3002 807 3069 donaverit,
826 3007 856 3056 ut
864 3009 931 3072 post
944 3008 1054 3074 tempus

100 3075 174 3141 αὐτὸ
195 3080 289 3163 ἄλλω,
317 3077 387 3139 6
355 3101 411 3158 μεν
434 3080 493 3157 ἤδη
514 3079 630 3159 τυχώνῖ
649 3086 877 3151 eomoliitloret‚
893 3087 919 3140 is
933 3087 1053 3156 quidem,

101 3174 153 3244 τῆς
168 3166 281 3244 δωρεᾶς
297 3162 398 3243 ἔχει
370 3186 422 3224 τον
437 3163 467 3239 ἐξ
481 3163 562 3264 λέγε
559 3186 629 3225 nou·
649 3171 699 3241 qui
720 3168 897 3223 donationem
923 3172 979 3224 iam
1002 3186 1053 3226 nn·

100 3248 182 3307 ὅιντί
169 3250 259 3310 ί·κιον
275 3245 336 3310 ὅδὲ
354 3248 425 3328 μετὰ
442 3258 535 3309 ταῦτα
549 3240 628 3323 ὀφεί-
648 3261 712 3308 ctus
722 3258 775 3321 est
791 3266 830 3306 ex
840 3253 903 3323 leot
917 3254 1052 3309 conciteti-

177 3429 243 3495 ²)=
258 3437 290 3484 L.
305 3448 325 3487 s.
342 3438 368 3487 C.
383 3438 415 3486 de
426 3438 529 3500 probat
545 3435 576 3498 (4,
587 3435 622 3498 ts)
638 3438 749 3486 eiusdem
763 3438 834 3495 unni,
849 3452 896 3486 nee
911 3438 937 3485 t'n
955 3437 1000 3486 Gr.
1015 3442 1054 3488 oet

103 3500 191 3550 Herm.
209 3502 385 3564 Owsuperstes
438 3498 558 3568 2μυχὸν
575 3503 652 3551 taor
677 3505 797 3554 Vitium
788 3522 870 3555 inesse
884 3508 994 3565 videtur
1008 3509 1055 3558 sed

103 3573 241 3627 incertum,
257 3570 408 3620 lihnamon
422 3573 592 3625 scltoltostoe
610 3587 690 3634 neque
708 3577 773 3622 enim
792 3576 885 3623 donum
899 3585 990 3626 noctus
1008 3578 1055 3626 sed

102 3642 165 3690 doni
179 3646 271 3688 ottctor
286 3638 328 3703 (L.
339 3652 358 3690 s.
375 3640 401 3688 C.
417 3641 440 3688 lt.
456 3639 495 3702 t),
510 3653 559 3688 nou
573 3648 677 3689 seruato
688 3645 783 3704 placiti
793 3644 853 3703 fide,
868 3647 1053 3695 condictionem

101 3711 184 3760 labet.
215 3710 334 3759 Fortasse
349 3716 431 3757 tomen
451 3708 598 3756 Theodorus
614 3710 719 3771 insuper
733 3711 819 3759 lubitu
834 3712 866 3761 L.
880 3725 901 3764 s.
917 3717 959 3762 cit.
974 3718 1055 3763 sensit

101 3783 133 3831 de
148 3797 190 3842 eo,
206 3782 249 3831 cui
263 3788 341 3844 puoto
356 3787 438 3829 tomen
454 3777 607 3826 τετάρτων
621 3784 672 3831 est,-
690 3778 750 3828 nuic
764 3782 829 3829 enim
844 3783 973 3831 condictio
988 3798 1054 3832 com·

98 3854 164 3916 petit
177 3867 211 3900 ec
225 3850 257 3899 L.
272 3862 305 3902 so.
320 3853 343 3912 ξ.
358 3861 377 3901 s.
400 3850 424 3899 C.
441 3849 473 3898 de
486 3847 574 3896 donat.
590 3846 621 3910 (s,
635 3846 679 3911 τι).
