2378 4386
645 124 664 131 .—

708 324 713 334 ι

359 552 417 589 om
434 553 525 590 mam.
544 533 578 590 11.
599 540 747 593 aar-roe.
961 537 1026 607 273

74 690 136 753 est,
162 698 197 738 rte
223 689 266 738 etti
291 682 352 757 plus
376 682 528 758 legatorum
549 683 657 740 nomine
677 685 809 741 mortisue
830 701 910 743 eausa
932 701 1027 760 capere

74 767 185 836 liceret,
209 782 287 839 quarn
310 767 421 823 heredes
443 775 583 839 caperent:
604 783 636 823 er
659 782 712 840 qua
733 766 793 841 lege
815 769 893 841 plane
917 769 1025 842 quidem

74 849 174 923 aliquid
197 851 291 923 utique
319 850 432 907 heredes
459 849 556 906 hahere
583 849 757 921 uidebantur;
785 861 828 908 set
857 862 943 911 tamen
970 853 1026 910 lere

75 935 171 990 uitium
193 934 280 990 simile
303 932 478 991 nascebatur:
502 950 561 990 nam
583 936 611 990 in
633 934 732 991 multas
754 934 949 1010 legatariorum
965 953 1025 1011 per-

74 1034 154 1074 sonas
176 1015 322 1075 distributo
344 1020 504 1092 patrimonio
524 1017 640 1091 'poterat
660 1013 820 1091 (testator)¹
841 1021 907 1077 adeo
933 1020 1026 1079 heredi

74 1103 213 1158 minimum
235 1102 403 1175 relinquere,
428 1111 535 1159 utnon
558 1100 696 1173 expediret
718 1102 826 1175 heredi,
856 1105 934 1161 huius
957 1104 1025 1162 lueri

75 1179 170 1260 peritia
192 1187 276 1242 totius
300 1185 455 1242 hereditatis
471 1201 551 1242 onera
572 1186 715 1244 sustinere.
750 1180 817 1243 227.
839 1186 903 1243 Lata
918 1199 962 1245 est
975 1191 1098 1252 ita-113,

74 1284 129 1342 que
148 1267 190 1326 lex
205 1267 335 1342 Falcidia,
356 1287 408 1343 qua
430 1278 538 1328 cautum
560 1277 618 1338 est,
642 1286 675 1324 ne
690 1269 752 1343 pius
767 1270 801 1326 ’ei
815 1267 924 1344 legare²
947 1273 1025 1328 liceat

76 1369 155 1427 quarn
170 1352 343 1411 dodrantem:
359 1357 449 1428 itaque
464 1369 574 1409 necesse
590 1360 641 1423 est,
657 1360 686 1408 ut
698 1355 777 1409 heres
790 1361 910 1427 quartam
923 1363 1025 1428 partem

74 1436 231 1493 hereditatis
247 1436 355 1495 habeat:
378 1448 405 1494 et
425 1439 478 1495 hoo
497 1453 568 1492 nuno
583 1438 641 1491 iure
657 1438 767 1494 utimur.
810 1434 880 1496 228.
902 1437 931 1495 ln
947 1436 1026 1494 liber·

76 1520 178 1577 tatibus
194 1537 303 1594 qnoque
324 1522 417 1579 dandis
433 1520 540 1578 nimiam
561 1520 877 1593 licentiam·conpeseuit
893 1519 936 1578 let
952 1519 1026 1578 Fufia

73 1602 194 1674 Canidia,
209 1606 279 1660 sieut
293 1607 319 1660 in
335 1608 420 1679 primo
436 1603 627 1663 commentario
643 1604 808 1662 rettulimus.

138 1688 172 1737 [te
188 1688 301 1740 inutiliter
313 1690 402 1743 relictis
416 1692 506 1757 tegatis.
543 1683 611 1745 229.
627 1689 696 1745 Ante
709 1689 815 1748 heredis
827 1680 1024 1748 institutionem

72 1771 210 1829 inutiliter
226 1771 340 1846 legatur,
362 1769 463 1825 seilicet
485 1773 546 1843 qnia
563 1780 722 1830 testamenta
737 1776 792 1830 uim
807 1790 839 1830 ex
854 1775 1024 1831 institutione

73 1855 179 1913 ireredis
195 1856 345 1930 accipiunt,
367 1862 393 1910 et
416 1850 449 1908 ob
469 1852 496 1908 id
517 1854 593 1911 uelut
614 1864 741 1929 caputet
763 1856 967 1914 tundamentum
987 1859 1025 1913 in·

74 1940 212 2011 tellegitur
238 1941 323 1995 totius
349 1939 502 1995 testamenti
527 1938 634 1994 heredis
663 1942 809 1997 institutio.
866 1937 937 2000 230.
966 1939 1026 1997 Pari

74 2025 178 2080 ratione
202 2039 253 2080 nee
279 2022 388 2080 libertas
410 2028 471 2076 ante
494 2021 600 2079 heredis
622 2025 822 2081 institutionem
845 2023 902 2081 dari
924 2032 1024 2098 potest.

10 2102 137 2166 31261231.
166 2105 260 2165 Nostri
283 2112 473 2182 praeceptores
500 2122 549 2163 neo
575 2113 692 2165 tutorem
719 2124 752 2164 eo
777 2109 839 2165 loeo
866 2107 923 2165 dari
944 2123 1026 2182 posse

73 2193 239 2248 existimant:
265 2199 308 2248 set
328 2190 416 2248 labeo
437 2196 465 2244 et
485 2187 616 2246 Proculus
638 2200 756 2249 tutorem
776 2207 858 2266 posse
879 2192 936 2248 dari
958 2189 1026 2266 (prt-

74 2271 162 2350 tont),
190 2273 263 2349 quod
291 2274 357 2332 nihil
383 2288 417 2330 et
446 2272 595 2330 hereditate
623 2282 753 2349 erogatur
779 2276 877 2334 tutoris
906 2275 1023 2333 datione.

71 2358 141 2420 282.
164 2362 228 2418 Post
251 2372 365 2419 mortem
387 2379 496 2436 quoqne
519 2362 625 2419 heredis
647 2361 779 2419 inutiliter
800 2361 915 2435 legatur,
938 2361 1027 2420 idest

72 2447 125 2502 lnoe
139 2446 233 2503 modo:
257 2462 319 2505 ovar
333 2462 433 2504 nunes
447 2462 529 2503 nnus
544 2461 688 2504 tronrvrs
704 2462 787 2512 narr,
807 2461 850 2502 no
865 2462 959 2518 oneo,
981 2456 1027 2502 aut

71 2546 166 2590 nouo.
196 2533 233 2586 ita
248 2538 337 2586 autem
352 2539 425 2586 reete
440 2530 561 2604 legatur:
582 2545 644 2588 ovat
658 2544 760 2587 uenus
775 2520 901 2607 (narmi
915 2545 1027 2586 nonro-

72 2631 146 2685 τη,
169 2615 301 2686 quianon
323 2621 515 2687 postmortem
537 2611 643 2668 heredis
658 2612 838 2683 relinquitur,
860 2611 908 2667 sed
931 2612 1027 2667 ultimo

71 2699 142 2755 uitae
162 2699 220 2753 eius
241 2705 371 2770 tempore.
409 2713 516 2752 rursum
538 2698 574 2750 ita
595 2711 648 2750 non
676 2702 768 2767 potest
791 2693 890 2768 legari:
918 2711 1028 2751 rurore

72 2796 157 2846 ovant
181 2794 281 2838 annus
305 2796 386 2838 nove
412 2795 587 2846 montanum
611 2778 682 2852 quod
706 2793 761 2833 non
783 2780 903 2850 pretiosa
924 2773 1030 2833 ritione

146 2944 165 3011 ¹)
180 2946 223 2996 Ero
236 2947 285 3012 Bp.
300 2944 416 3013 (Gdred.)
434 2950 466 3011 ej.
486 2947 579 2996 addidi
597 2945 653 3011 (sed
671 2954 731 2997 nota
750 2953 759 2994 t
777 2945 961 3008 fontineti.
981 2961 1028 2995 ex-

73 3019 161 3068 cidere
171 3026 276 3082 poterat
290 3034 377 3082 qnam,
396 3033 445 3082 qno
463 3017 553 3067 Geirei.
569 3032 623 3067 eom
636 3017 777 3080 supplebat,
795 3024 890 3076 anteo.
906 3015 954 3082 ut);
974 3024 1028 3080 pot-

74 3096 143 3138 erent
155 3089 195 3138 ed.
211 3088 258 3152 Bp.
274 3097 367 3152 poterat
382 3103 403 3138 n.
419 3089 441 3140 h.
457 3103 488 3138 m.
504 3088 604 3151 relinqui
618 3090 656 3137 rei
669 3104 724 3137 ntea
738 3090 771 3150 qi.
788 3084 897 3138 ‘Gaius’
914 3104 942 3151 p.
957 3099 992 3140 to.

74 3154 95 3222 ¹)
109 3160 132 3208 ei
148 3158 174 3208 0.
189 3165 213 3208 et
227 3159 267 3207 erl.
282 3175 336 3208 rnen
351 3173 384 3219 1.,
403 3158 622 3214 adinventicnum
641 3160 711 3223 qnod
723 3174 791 3207 nune
805 3157 873 3224 (curn
887 3153 1026 3209 ‘testator’

71 3228 223 3293 praecedat)
235 3229 307 3291 ferri
318 3233 411 3291 potest.
443 3228 551 3293 ideoque
565 3231 613 3281 doe
628 3232 678 3279 iarn
692 3229 736 3280 ndi
748 3244 784 3280 ιω
801 3229 829 3279 V
829 3226 850 3263 ⁸¹
863 3234 976 3282 constitit
995 3230 1028 3290 el,

66 3315 124 3350 non
139 3316 165 3349 er
178 3301 303 3363 scriptum
315 3298 407 3359 fnisse,
422 3303 549 3350 renoennr'.
605 3297 627 3366 ⁸)
642 3299 774 3364 Supplevit
787 3299 835 3365 Bp.
850 3301 890 3351 ed.
904 3311 925 3353 n.

74 3472 97 3505 a.
113 3474 136 3506 n.
152 3468 199 3509 585.
221 3456 259 3519 Cf.
274 3459 297 3518 §-
308 3468 355 3508 ttt.
406 3453 431 3524 ξ
446 3460 506 3509 ἳ27.
526 3459 562 3508 lex
578 3454 696 3525 Falcidia]
711 3473 735 3508 tr.
746 3473 771 3507 tt.
782 3469 829 3508 tit.
851 3457 889 3521 Cf.
901 3457 963 3508 Inet.
975 3460 991 3507 l.
1002 3474 1025 3508 r.

78 3526 132 3591 tltp.
152 3540 187 3586 24,
206 3537 240 3578 at.
265 3527 334 3591 Epit.
354 3538 374 3589 2,
394 3540 414 3577 s.
440 3528 515 3578 Paul.
531 3541 551 3587 a,
565 3540 585 3580 ⁸.
605 3531 629 3591 ὅ.
645 3541 664 3578 1.
684 3528 715 3577 L.
732 3541 797 3591 ipr.
818 3528 849 3576 1).
868 3528 904 3577 ati
921 3531 937 3579 l.
955 3528 1024 3577 Folo.

73 3594 117 3661 (ae,
144 3597 163 3662 ).
214 3592 239 3665 ᾗ.
255 3599 315 3649 228.
336 3597 374 3660 Os.
385 3609 406 3656 1,
420 3609 446 3650 tt
460 3613 511 3663 seq.
566 3595 667 3666 §.tte
688 3598 726 3661 Of.
745 3596 1024 3661 Uip.er‚to.§.rt.l.

73 3665 302 3732 delepnt.(2,tt)).
354 3663 873 3735 §230.=§.or.1.eit.cs.vtp.1,to.
927 3664 952 3736 β
964 3669 1024 3717 231.

76 3737 113 3799 Cf.
128 3741 151 3800 ἕ.
166 3750 186 3790 4.
207 3737 229 3788 Ι.
245 3739 290 3802 qui
303 3738 366 3787 dori
379 3746 424 3788 tut.
440 3737 470 3804 (ι,
485 3738 529 3803 14).
594 3735 619 3806 ξ.
634 3741 694 3790 232.
716 3738 754 3801 Cf.
774 3739 828 3804 Uip.
844 3749 878 3795 24,
894 3749 926 3789 te.
948 3738 1023 3785 Pani.

73 3817 94 3865 a,
107 3820 128 3860 s.
147 3811 186 3871 94.
200 3820 221 3861 s.
237 3820 257 3859 s.
281 3819 303 3867 4,
318 3820 337 3857 1.
352 3810 375 3870 §-
391 3821 424 3860 ιι.
448 3811 472 3872 §-
486 3821 520 3862 ao.
541 3808 610 3858 Late
624 3811 700 3874 tepor.
720 3808 757 3874 (t,
775 3808 819 3874 ro).
839 3808 912 3870 infra
931 3817 957 3865 s,
976 3816 1023 3856 too.

74 3875 104 3926 L.
120 3891 152 3930 ii.
169 3879 195 3929 0.
210 3879 242 3927 de
257 3879 373 3928 contrad.
388 3881 448 3942 stip.
463 3877 495 3944 (8,
510 3878 554 3945 tu).

132 3980 230 4015 mamert.
245 3982 323 4012 utrm
338 3982 388 4014 m
408 3983 443 4013 no.
457 3984 481 4012 v.
811 3967 841 4015 18
