2378 4386
362 552 424 587 aare
443 553 545 589 rusum.
563 535 585 588 I.
603 541 713 590 74-76.
961 537 1019 600 191

53 697 129 751 cuius
145 694 242 749 aetatis
258 691 329 748 filius
345 695 381 748 sit
397 689 511 762 fiiiaue¹,
535 694 609 751 'aum
633 698 885 751 senatusconsulto
900 696 972 752 nittt
987 698 1023 752 eie

55 797 88 836 aa
105 797 139 836 re
154 785 314 834 caueatur:
335 782 392 833 nisi
412 774 506 851 sorte²
523 783 527 845 Ι
545 779 655 836 Latinus
676 780 733 836 ‘uel
747 780 852 835 Latina
871 798 1016 852 propone·

55 857 127 934 tur,³
143 865 210 936 quia
226 866 312 918 etiam
327 878 367 920 ex
381 866 446 935 ipsa
462 868 525 937 tepe
539 864 622 920 Aetia
636 864 735 920 Sentr‘a
748 863 862 935 Latiini,
879 859 917 919 si⁴
933 866 1022 920 minor

54 949 178 1005 anniculo
202 950 238 1003 sit
261 945 333 1001 filius
357 946 456 1017 filiaue,
479 966 557 1004 eausa
582 949 690 1022 probari
706 965 760 1004 nou
776 958 878 1021 potest.
913 966 964 1005 neo
979 966 1021 1004 me

54 1035 193 1107 praeterit,
210 1033 236 1086 in
250 1031 342 1104 aliquo
355 1034 489 1106 rescripto
501 1032 558 1088 diui
567 1032 694 1088 Hadriani
710 1034 747 1088 ita
757 1049 817 1089 esse
829 1037 1020 1103 constitutum,

55 1128 188 1190 tamquam
206 1115 279 1189 quod
296 1116 328 1171 ad
344 1118 445 1172 erroris
461 1133 573 1191 quoque
590 1121 594 1182 Ι
612 1133 734 1174 ceresam
751 1118 914 1190 probandam
929 1119 1021 1175 'anni-

54 1206 145 1260 culum
164 1204 256 1272 filium
277 1199 379 1256 sactum
400 1218 517 1257 neeesse
532 1197 603 1269 sit3⁶
619 1206 624 1269 Ι
640 1203 702 1258 'sed
722 1220 778 1258 nou
804 1219 917 1273 semper
932 1203 1023 1259 uideri

55 1288 138 1343 debet
150 1285 284 1359 peuerale
304 1290 346 1341 ius
367 1287 530 1362 indotatam,
551 1278 627 1342 oum⁰
647 1289 793 1360 imperator
810 1287 968 1360 ’epistulam
984 1290 1023 1342 od

10 1381 42 1432 rot
56 1363 202 1445 quendam⁷
219 1369 302 1434 dedit.
323 1367 328 1444 Ι
347 1365 393 1428 74.
414 1370 451 1426 'Si
473 1372 633 1444 peregrinus
651 1367 731 1446 (cum
752 1375 845 1426 ciuem
860 1372 1021 1427 Romanam
1033 1358 1074 1462 {⁰-

54 1473 84 1513 se
99 1448 260 1525 erederetj⁸
275 1456 363 1510 ciuem
379 1456 524 1511 Romanam
542 1472 653 1511 uxorem
670 1455 788 1525 duxerit,
806 1473 837 1511 an
855 1471 894 1511 ear
909 1464 1020 1511 senatus
1046 1433 1084 1465 '⁸'

55 1541 180 1597 consulto
197 1556 319 1595 causam
334 1540 460 1612 prolitare
472 1544 572 1611 possit,
590 1543 748 1614 quaesitum
764 1533 829 1595 est.⁹
855 1556 909 1595 nec
925 1547 1020 1596 tamea

53 1632 156 1697 potest,
172 1627 241 1698 quia
252 1626 283 1679 id
290 1629 448 1697 perepriuo
464 1632 584 1681 senatus
595 1629 724 1682 consulto
736 1642 794 1681 non
805 1627 910 1695 dattur,
927 1642 1020 1697 quam·

56 1711 94 1766 ui·
121 1710 183 1782 ipse
209 1709 341 1781 deeeptus
367 1709 435 1765 male
460 1710 548 1765 ciuem
573 1710 723 1765 Romanam
749 1711 881 1779 duxerit,
908 1713 965 1765 nisi
973 1703 1018 1775 10Ι

56 1796 105 1851 iroc
120 1797 144 1850 ei
161 1793 314 1868 specialiter
336 1809 496 1849 concessum
519 1803 570 1850 est.
605 1794 653 1849 sed
674 1810 734 1850 cum
756 1796 917 1867 peregrinus
933 1797 1019 1848 ciuem

55 1878 198 1934 Romanam
212 1894 324 1933 uxorem
335 1878 456 1934 duxisset
470 1887 498 1933 et
508 1876 562 1934 filio
574 1887 639 1933 nato
650 1879 715 1934 alias
728 1879 865 1933 ciuitatem
875 1877 1019 1933 Romanam

56 1971 220 2020 consecutus
236 1971 319 2032 esset,
335 1961 432 2018 deinde
447 1979 508 2018 eum
523 1973 715 2036 quaereretur,
733 1978 765 2017 an
782 1978 888 2018 oausam
905 1960 1021 2035 probare

56 2057 159 2120 posset,
171 2048 313 2120 rescripsit
327 2048 475 2120 imperator
487 2049 647 2116 Antoninus,
662 2046 773 2121 perinde
786 2063 867 2120 posse
883 2061 948 2102 eum
959 2062 1020 2102 oau-

56 2148 110 2187 sam
122 2133 249 2205 probare,
259 2140 346 2204 ‚atque
358 2133 380 2186 si
395 2134 555 2206 peregrinus
568 2135 720 2190 mansisset.
746 2149 776 2186 er
791 2147 845 2204 quo
856 2131 1019 2203 colligimus,

56 2217 137 2271 etiam
149 2216 322 2288 peregrinum
337 2232 443 2272 causam
455 2220 570 2290 probare
584 2233 676 2289 posse.
702 2212 746 2273 75.
765 2215 800 2270 Ex
813 2217 857 2286 iis,
871 2231 939 2288 quae
954 2214 1020 2270 dixi·

133 2363 153 2429 ¹)
168 2364 213 2413 Ex
237 2365 262 2413 V
263 2362 284 2398 ¹⁸
301 2374 324 2415 et
346 2367 438 2417 (io‘selt.
458 2367 551 2417 Seueri.
609 2364 630 2434 ²)
649 2369 746 2417 Sensus
764 2368 918 2432 emplioandi
941 2383 1021 2417 eausa

56 2439 175 2495 restitui,
195 2438 262 2485 notis
281 2441 405 2502 seriptum
429 2439 574 2488 arbitratus
595 2436 693 2496 ‘curre’‚
713 2437 862 2496 ‘eorrsutto',
879 2436 975 2487 ‘uiuit’
996 2446 1021 2488 et

57 2504 218 2560 ‘caueatur'.
291 2505 312 2573 ³)
327 2509 391 2558 Item
406 2512 509 2559 restitui
522 2512 590 2560 uotis
604 2511 729 2560 adhibitis
747 2513 772 2558 iu
795 2507 857 2558 ‘arel’
875 2517 900 2558 et
916 2507 1020 2572 ‘propo-

56 2577 156 2629 natur'.
208 2574 230 2643 ⁴)
250 2577 296 2629 Sia
315 2597 384 2630 nuere
403 2596 468 2644 puae
491 2581 583 2630 desunt
606 2584 743 2630 restituere
766 2582 858 2641 malui,
881 2596 937 2628 eum
956 2580 981 2627 ni
1000 2580 1020 2625 si

57 2653 131 2702 initio
147 2667 169 2700 o.
185 2662 218 2700 19.
235 2658 332 2699 certum
346 2667 401 2700 esse
411 2653 539 2701 uirteatur.
596 2650 616 2717 ⁶)
634 2652 797 2701 Proberbilem
807 2665 907 2699 sensum
918 2649 1022 2696 restitui

52 2738 103 2787 psa
122 2723 203 2786 epatu·
221 2722 295 2771 modo
314 2730 338 2770 et
353 2725 451 2785 partim
469 2723 608 2772 seeundum
627 2724 721 2772 ductas
735 2721 841 2777 Senem,
863 2735 925 2783 quos
940 2720 1021 2766 iuter·-

52 2800 160 2856 pretor:
173 2792 308 2841 anniculum
326 2793 375 2841 isliu
391 2795 444 2842 iaot.
460 2809 560 2842 necesse
575 2796 614 2842 sit.
644 2793 730 2858 Ipr'tur
750 2809 771 2840 u.
793 2787 905 2840 ‘attinet’
927 2791 1021 2839 amissa

56 2872 102 2917 est.
118 2871 145 2913 ut
156 2864 216 2926 fieri
233 2865 299 2913 solet
313 2865 345 2928 (1,
360 2877 407 2915 lto.
426 2878 447 2915 t.
462 2863 508 2929 aa).
570 2862 591 2930 6)
607 2866 707 2914 Ductus
725 2862 818 2913 Sched.
837 2876 945 2910 seruans
964 2868 1020 2909 taa-

56 2950 132 3000 puam
147 2940 221 2983 notus
236 2951 287 2985 non
302 2937 462 2984 continentes
476 2938 588 2985 restitui.
647 2933 667 2999 7)
681 2934 807 2984 Similiter
822 2935 925 2982 restitui
939 2932 1022 2998 (erutr

56 3003 177 3070 epistultt).
197 3006 308 3054 tuendam
328 3022 362 3054 eae
380 3006 480 3055 Binum.
499 3006 592 3056 Scleed.
612 3008 670 3056 etet.
706 3005 760 3055 Sed
776 3005 921 3056 Goesetreno
934 3007 1020 3067 primu

56 3079 143 3127 littera
158 3078 260 3125 ineerta
275 3077 331 3124 visa
347 3085 391 3125 est.
422 3078 465 3125 Ad
478 3093 530 3126 rem
546 3079 580 3137 ef.
595 3077 732 3142 Salurttinp
743 3093 795 3140 pro
810 3078 947 3139 rescriptis
961 3079 1020 3140 imp.

56 3150 113 3209 §.a
139 3148 242 3197 Puclrta
254 3147 351 3196 Instl.
367 3150 390 3208 ξ.
403 3161 450 3199 111.
507 3144 526 3212 Β)
544 3149 619 3197 Nunc
635 3149 672 3214 (iu
688 3151 727 3198 ed.
738 3149 762 3213 o)
772 3149 872 3197 addidi.
899 3148 1019 3211 Omra.

59 3215 79 3283 ')
93 3219 168 3269 Haec
184 3218 285 3282 quidem
297 3224 323 3266 in
340 3218 365 3266 V
365 3216 386 3250 ’ἵ
397 3219 432 3284 (et
441 3221 561 3269 similiter
572 3222 598 3267 in
609 3219 698 3283 Suppt.
710 3219 747 3268 St.
755 3237 782 3283 p.
799 3218 920 3282 XXIII.)
935 3235 1021 3282 pararn-

57 3291 94 3339 or‘s
110 3290 136 3340 C.
151 3291 195 3340 nic
209 3290 366 3353 difficillimo
381 3292 458 3348 tectu,
472 3293 548 3340 etiam
564 3292 624 3340 inde
638 3307 654 3339 a
669 3291 754 3341 uerbis
768 3292 861 3339 duxerit
876 3304 904 3337 au
920 3292 1020 3352 utiqua-

57 3367 128 3410 tenus
142 3368 216 3410 certa
231 3361 366 3409 uidentur:
383 3363 430 3411 sed
448 3369 531 3410 tamen
550 3362 564 3410 h
584 3365 676 3411 lectum
691 3364 784 3425 putaui
798 3363 877 3424 proi
893 3358 1019 3425 (euersam).

61 3429 127 3490 Quae
146 3448 209 3481 aero
228 3431 278 3479 Ir'r.
298 3432 338 3480 ed.
358 3445 370 3482 a
390 3434 483 3482 deinde
499 3435 619 3496 proxime
634 3440 694 3496 post
713 3436 832 3482 lacunam
851 3432 927 3495 prensi
945 3433 972 3478 in
994 3430 1020 3478 C.

57 3502 120 3552 iacta
131 3511 155 3552 et
165 3510 263 3552 tantum
274 3503 349 3552 initio
359 3506 476 3567 suppleto
486 3503 574 3552 habet:
590 3501 718 3567 ‘probare
734 3503 738 3567 i
755 3516 850 3551 oausam
863 3516 908 3549 non
920 3498 1020 3563 potest’,

58 3587 86 3621 aa
99 3577 176 3624 etiam
190 3572 281 3636 Suppt.
296 3572 333 3622 St.
346 3591 373 3637 p.
394 3573 500 3622 XXIII
511 3577 632 3638 ipnorata
651 3575 719 3622 rende
733 3581 834 3635 sumpta
848 3573 901 3620 sint
915 3579 941 3619 et
959 3571 1022 3634 quid

57 3643 104 3693 aiot
118 3648 205 3700 uelint,
221 3660 272 3693 non
288 3645 370 3694 uideo.
430 3642 462 3711 l⁰)
478 3645 633 3695 Huiusmodi
647 3646 711 3708 quid
724 3651 793 3693 certe
806 3657 897 3692 sensus
909 3642 1021 3705 (lapitat,

58 3722 80 3762 et
92 3732 148 3765 cunr
162 3732 179 3764 a
193 3715 268 3764 stae
287 3718 371 3764 relata
391 3717 528 3766 concinere
547 3717 710 3771 uiderentur,
730 3715 794 3763 naec
809 3726 921 3776 quoque,
941 3725 1021 3773 quan-

59 3800 128 3847 quam
144 3789 229 3836 miuus
243 3793 328 3844 certa,
344 3789 370 3835 in
385 3794 481 3835 temtum
496 3788 613 3849 recipere
628 3792 736 3834 conatus
749 3800 811 3833 sum.

59 3870 267 3884 Νη...-

125 3909 151 3978 ξ.
168 3914 210 3962 74.
233 3910 272 3972 Cf.
286 3926 368 3973 supra
383 3912 405 3972 ξ.
420 3922 454 3960 68.
523 3907 548 3976 ξ.
564 3911 607 3960 76.
624 3909 662 3971 Cf.
678 3910 700 3969 §-
716 3919 750 3958 68.
