2378 4386
491 595 518 631 Ι.
537 593 665 629 VALERIVS
684 593 791 628 PBOBVS.

165 723 194 778 V.
203 721 229 775 P.
239 720 267 774 ii.
491 719 577 772 ueteri
593 719 745 790 possessori
761 711 914 770 redditum¹

165 805 229 858 Η.
490 807 619 855 ueterano
636 802 800 872 assignatum

165 884 228 945 Η,
491 876 681 938 inusiructus²

163 967 297 1026 S.G.P.S.
490 974 599 1022 senalus
615 965 778 1034 consultum,
795 964 979 1039 plebiscitum

164 1051 195 1120 Q.
205 1051 233 1108 o.
243 1050 308 1109 nn.
319 1050 347 1105 F.
360 1047 390 1104 P.
400 1047 463 1107 illl.
490 1041 588 1121 ’ῳιίιὶ8
608 1049 642 1104 de
663 1066 693 1104 en
714 1047 820 1106 reieci
842 1049 970 1123 placeret,
992 1048 1025 1105 de
1046 1066 1075 1106 ea
1093 1067 1121 1105 re

205 1133 234 1188 ll.
244 1135 272 1188 V.
282 1135 300 1188 i.
310 1133 338 1187 C.
532 1133 653 1189 uniuersi
668 1135 705 1189 ila
721 1127 905 1189 censuerunt⁴

164 1217 193 1284 Q.
203 1216 329 1274 iliis,
339 1215 368 1271 i.
491 1211 606 1288 ’quom⁵
622 1216 721 1273 iactum
737 1224 789 1287 est,
806 1218 833 1271 in
848 1225 944 1273 senatu
958 1216 1069 1272 inerunt

164 1301 264 1359 D.C.S.
492 1299 525 1354 cle
540 1300 644 1357 consilii
660 1302 795 1356 sententia

164 1382 464 1454 seclusione.
491 1384 515 1438 si
552 1385 616 1456 quid
646 1377 852 1458 ’inaginrnusi
892 1383 924 1440 de
959 1400 989 1440 ea
1024 1399 1053 1438 re
1090 1384 1122 1439 nd

208 1470 236 1526 P.
256 1470 286 1524 V.
304 1461 366 1523 Ἠ
384 1465 414 1522 0.
435 1465 463 1521 E.
534 1467 663 1541 populum
690 1466 842 1540 'plebemue
867 1460 942 1523 iato⁸
977 1483 1046 1541 opus
1072 1476 1121 1528 cst.

206 1553 277 1609 COS.
289 1547 341 1608 nn.
354 1550 405 1607 Til.
414 1549 463 1605 PL.
534 1568 602 1620 cos,
614 1560 761 1624 praetores,
775 1551 874 1607 tribuni
887 1549 982 1624 plebis,
992 1552 1037 1623 qni
1051 1553 1171 1606 nunciis]

207 1633 464 1703 ensem.
534 1645 611 1704 suni,
638 1634 750 1709 'quibus
772 1629 886 1691 cornm⁹
912 1634 1061 1700 uidebitur,
1089 1634 1122 1689 ad

207 1720 235 1776 P.
243 1719 270 1778 P.
280 1718 379 1786 ino.
391 1718 420 1774 S.
429 1718 464 1774 N.
534 1719 664 1791 populum
680 1719 784 1791 plebem
802 1717 848 1774 'ue
863 1713 994 1787 ierant3¹⁰
1011 1718 1121 1790 quodsi

211 1801 463 1863 leonense.
534 1817 588 1855 non
609 1802 737 1871 tulerint,
761 1817 831 1870 cos„
850 1810 1001 1874 praetores,
1023 1801 1122 1858 tribuni

208 1883 464 1953 PL.Q.D.E.Q.E.
534 1883 636 1955 plebis,
659 1885 705 1956 qui
733 1883 859 1955 deinceps
887 1893 982 1954 erunt,
1013 1885 1122 1958 'quibus

216 1971 326 2027 ΜΡ.
341 1968 375 2023 Ρ.
391 1969 421 2026 V.
432 1968 465 2024 F.
534 1960 646 2021 eorum¹³
676 1965 819 2034 uidebitur,
848 1967 880 2020 ad
909 1968 1039 2041 populum
1066 1969 1122 2042 ple·

490 2081 492 2086 -
533 2047 731 2105 bemueierant

164 2141 190 2196 S.
199 2137 228 2195 i.
236 2137 264 2194 S.
491 2134 550 2190 sinc
565 2132 659 2190 stende
673 2148 721 2189 sua

227 2252 256 2310 4.
284 2253 313 2308 in
329 2252 396 2325 legis
411 2249 561 2308 actionibus
576 2251 671 2307 haece:
681 2246 706 2283 ¹¹

165 2353 351 2410 nulline.
491 2353 543 2420 aio,
561 2360 587 2408 te
602 2351 666 2407 mihi
680 2351 744 2407 dare
760 2343 923 2425 oportere¹²

164 2436 382 2505 onnsoi’.
491 2434 599 2508 quando
622 2451 719 2508 negas,
751 2443 778 2490 te
801 2442 969 2492 sacramento
997 2433 1123 2509 ’quinge-

534 2521 609 2574 nario
619 2512 644 2552 ¹³
656 2534 778 2592 prouoco

165 2603 275 2674 0.Ν.“0.
285 2606 315 2663 Α.
325 2603 357 2661 N.
365 2602 396 2671 Q.
406 2602 436 2660 N.
491 2603 598 2677 quando
614 2619 701 2675 oeque
716 2603 754 2658 ais
769 2618 857 2676 neque
873 2618 956 2676 negas
967 2595 993 2636 ¹⁴

168 2786 312 2836 I'lermens.
327 2802 350 2836 u.
364 2796 407 2847 oo,
418 2798 469 2848 pro
484 2799 533 2848 quo
547 2783 670 2833 arellaice
684 2785 710 2831 in
725 2785 787 2831 aliie
801 2783 905 2832 aeribus
919 2785 1015 2848 lepitur
1028 2790 1124 2844 rogator

163 2872 184 2907 e.
199 2855 329 2922 rogn10(n);
344 2871 403 2905 nam
421 2855 587 2917 imperativus
606 2855 632 2900 in
647 2852 696 2902 iac
712 2854 827 2915 formula
846 2854 957 2916 insipide
973 2862 1122 2917 poneretur.

165 2935 272 2989 rogatum
288 2927 314 2976 0.
361 2923 381 2989 ¹)
395 2924 421 2972 v.
436 2924 509 2972 veleri
528 2925 644 2972 omittunt
662 2924 744 2985 aliqui
764 2922 825 2971 cdd.
846 2924 922 2987 idque
941 2923 1029 2973 Morus.
1050 2924 1124 2972 docte

166 2999 346 3059 interpolatum
351 3000 428 3058 putat
437 3007 473 3042 eae
481 2991 551 3041 Suet.
564 2991 635 3041 Dom.
645 3003 675 3049 9.,
689 2993 721 3041 de
736 3008 784 3057 quo
794 2992 889 3058 dubito.
930 2991 950 3058 Ι)
967 2993 1124 3042 Potuitliuic

165 3072 241 3115 notae
250 3066 326 3113 etiam
336 3065 363 3112 in
374 3061 472 3126 lepibuo
487 3063 604 3126 uprariis
618 3064 690 3111 laeuo
703 3076 765 3112 esse.
790 3062 846 3111 Gai.
857 3075 878 3121 2,
888 3075 909 3114 t.
948 3059 968 3127 θ)
982 3062 1044 3126 quod
1060 3061 1122 3110 Geta.

166 3132 188 3198 4)
202 3132 232 3182 Β.
247 3146 281 3185 io.
297 3146 411 3182 censuere
426 3132 483 3180 edd.
498 3132 572 3180 etiam
592 3147 660 3180 meae
674 3144 694 3182 1.
710 3143 730 3182 2.
770 3130 790 3196 ⁶)
806 3133 868 3196 quod
890 3134 952 3182 Celei.
971 3132 1048 3181 eieci.
1085 3131 1122 3195 Of.

168 3203 245 3254 Orell.
255 3214 315 3254 oroi.
353 3198 375 3267 θ)
390 3216 441 3250 meo
456 3204 496 3251 oet
506 3216 571 3264 mene
584 3197 623 3250 uel
637 3216 673 3251 me
690 3201 752 3251 Cdd.
767 3201 835 3251 Erat
849 3206 943 3266 opinor
952 3218 1012 3265 mag.
1022 3201 1124 3267 (Monte.

166 3277 214 3339 ej..·
228 3272 330 3337 meiius).
350 3271 428 3321 Deest
439 3271 503 3320 ilaec
523 3286 574 3321 uox
595 3273 622 3321 in
646 3272 696 3323 Cio.
719 3272 755 3321 ad
764 3273 828 3336 sara.
844 3285 864 3331 s,
879 3286 898 3324 8.
914 3276 937 3335 ξ.
952 3283 972 3324 o.
1012 3269 1032 3336 ²)
1052 3272 1083 3321 V.
1099 3271 1124 3323 ll.
1152 3314 1161 3325 .

166 3345 247 3394 ceteri
258 3343 329 3404 Cela„
338 3343 436 3405 sactum
448 3356 484 3392 sc.
498 3357 533 3391 ex
547 3345 695 3406 corruptela
711 3343 795 3391 unleio.
835 3339 856 3407 8)
877 3343 923 3399 V.‚·
938 3343 1032 3406 plebum
1048 3343 1125 3391 unieio

167 3415 254 3464 ceteri.
292 3409 314 3475 ⁹)
328 3412 390 3476 qood
407 3412 457 3460 eius
474 3411 535 3462 Cdd.
552 3411 625 3477 (quoii
641 3414 676 3461 cis
693 3412 782 3462 Morus.
801 3412 853 3476 ed.)
867 3429 901 3462 ese
911 3429 1007 3476 parurn
1021 3413 1125 3462 erudita

166 3485 365 3547 interpolatione
369 3498 379 3539 ,·
389 3499 446 3531 nem
457 3484 538 3547 quod
544 3485 655 3546 ferrent,
663 3490 732 3533 cerie
739 3490 855 3546 polesino
863 3499 912 3533 non
923 3483 1035 3533 dabatur
1045 3485 1125 3547 mapi-

166 3552 296 3603 stratibuo.
319 3552 357 3616 Cf.
370 3552 422 3602 Cic.
438 3555 454 3602 l.
465 3570 487 3603 c.
503 3553 588 3602 Etiam
599 3556 724 3611 eonsules,
735 3561 872 3618 praetores
882 3561 906 3603 et
915 3553 1015 3602 tribuni
1020 3556 1056 3617 pl.
1064 3555 1127 3616 plus

166 3640 241 3689 quam
255 3623 433 3689 sinpularibus
447 3625 530 3673 literis
544 3626 570 3673 in
583 3623 643 3672 aad.
656 3625 738 3674 notati
748 3625 867 3673 uidentur
877 3625 1073 3688 interpolationi
1082 3624 1125 3671 de·

167 3695 229 3745 beri.
268 3694 303 3758 ιο)
323 3693 365 3754 V.;
381 3694 457 3756 piebis
470 3695 546 3743 ierant
560 3696 648 3743 ceteri.
689 3690 721 3758 ¹¹)
736 3694 794 3743 hoec
806 3694 868 3743 cad.
879 3701 903 3744 et
912 3695 952 3744 ed.
962 3694 1005 3743 lic
1018 3701 1043 3743 et
1053 3694 1127 3756 infra

167 3767 189 3827 §-
209 3775 229 3816 o.
270 3760 304 3830 ι’)
320 3764 387 3813 Puta
398 3765 545 3827 sponsionis
560 3766 631 3813 illius
643 3779 770 3822 summam,
790 3765 890 3829 dequo
911 3766 966 3828 apii
983 3763 1039 3813 Gai.
1055 3776 1077 3822 i.
1092 3773 1126 3814 95.

170 3832 267 3901 ι”)Ιῖοο
276 3836 355 3885 solum
367 3837 392 3882 in
401 3833 625 3883 centumviralibus
635 3836 887 3898 causissupersuisoe
895 3835 1004 3884 uidetur.
1028 3830 1060 3898 ¹⁴)
1067 3833 1127 3883 Hae

166 3907 268 3957 actione
282 3904 401 3955 utebatur
411 3912 493 3962 actor,
508 3906 532 3954 ei
545 3905 714 3969 aduersarius
727 3912 854 3954 tacuerat.
