2378 4386
157 549 199 607 82
502 559 529 593 ra.
548 558 659 594 rvunrva
678 558 778 594 cronno.

155 685 183 741 id
198 684 306 758 quidem
328 685 409 739 etiam
429 682 500 755 apud
522 682 637 737 maiores
658 688 768 737 nostros
789 690 854 749 erat,
879 683 927 739 sed
949 686 1028 739 etiam
1050 684 1120 740 lacta

157 767 295 823 hominum
318 764 498 821 obseruabant
519 764 552 820 ad
575 765 704 838 legesque
732 766 902 822 reuocabant.
947 767 1012 823 baec
1038 768 1120 824 detur

156 865 221 905 cura
236 849 405 921 censoribus,
422 848 528 921 quando
545 847 654 921 quidem
666 863 713 903 eos
725 849 752 903 iu
764 865 794 904 re
805 847 911 922 publica
921 865 1029 923 semper
1039 851 1118 908 uolu-

156 949 215 988 mus
228 948 301 988 esse:
318 932 388 1005 apud
404 931 529 1002 eosdem,
546 933 593 1004 qui
607 933 769 1004 magistratu
784 931 913 1004 abierint,
935 932 1015 989 edant
1030 943 1058 990 et
1073 952 1117 990 er·

156 1024 268 1091 ponant,
284 1015 348 1089 quid
362 1017 390 1071 iu
408 1016 568 1088 magistratu
583 1016 728 1088 gesserint,
750 1016 838 1088 deque
853 1018 885 1072 iis
900 1033 1028 1073 censores
1043 1036 1118 1091 prae·

155 1100 284 1156 iudicent.
316 1099 368 1155 boc
388 1100 416 1154 in
432 1098 539 1154 Graecia
555 1098 585 1154 fit
606 1098 713 1172 publice
728 1101 883 1155 constitutis
899 1101 1117 1158 accusatoribus:

156 1184 202 1257 qul
230 1183 337 1256 quidem
360 1198 458 1256 graues
481 1198 618 1238 essenon
641 1191 773 1255 possunt,
796 1183 848 1238 nisi
870 1191 935 1240 sunt
957 1184 1117 1255 uoluntarii3

156 1267 283 1341 quocirca
297 1266 404 1336 melius,
420 1267 538 1321 rationes
553 1265 650 1321 referri
664 1281 826 1339 causamque
837 1269 935 1340 erponi
947 1269 1117 1340 censoribus,

156 1353 290 1425 integram
314 1359 401 1406 tamen
423 1349 489 1422 legi,
512 1349 662 1405 accusatori
677 1349 831 1422 iudicioque
846 1353 960 1412 seruari.
990 1353 1037 1408 sed
1053 1356 1117 1409 satis

155 1436 207 1491 iam
221 1435 387 1508 disputatum
398 1442 441 1489 est
451 1433 484 1488 de
496 1433 705 1507 magistratibus,
725 1435 776 1488 uisi
789 1434 860 1490 sorte
872 1434 936 1508 quid
948 1435 1115 1492 desideratis.

219 1521 254 1577 A.
276 1517 361 1586 Quint
375 1518 398 1572 sl
413 1532 463 1572 uos
480 1525 608 1586 tacemus,
624 1517 700 1575 locus
715 1519 773 1592 ipse
790 1526 817 1574 te
831 1535 887 1576 non
899 1519 1036 1591 admonet,
1053 1519 1117 1594 quid

156 1602 205 1659 tibi
220 1606 257 1657 sit
272 1601 369 1657 deinde
384 1599 547 1656 dicendum?

218 1685 261 1741 M.
288 1684 404 1740 ilibinel
431 1683 465 1739 de
486 1683 591 1741 iudiciis
614 1684 741 1756 arbitror,
763 1685 909 1760 Pomponi;
931 1687 959 1742 ld
981 1696 1024 1744 est
1046 1690 1117 1744 enim

156 1771 277 1825 iunctum
293 1766 505 1842 magistratibus.

219 1866 267 1926 48.
293 1868 326 1923 A.
344 1861 478 1935 Quorum¹
495 1866 528 1922 de
543 1869 601 1922 iure
617 1867 712 1941 populi
727 1866 849 1940 Romani,
865 1886 944 1942 quem
960 1871 993 1926 ad
1009 1870 1117 1927 modum

156 1953 307 2021 instituisti,
324 1950 465 2007 dicendum
480 1951 546 2006 nibil
562 1951 660 2023 putas?

220 2036 261 2093 M.
285 2034 353 2103 Quid
369 2034 476 2090 taudem
492 2033 544 2090 hoc
559 2034 620 2090 loco
635 2034 766 2107 estquod
781 2037 923 2109 requiras?

219 2118 254 2176 A.
277 2117 390 2193 Egone?
412 2116 485 2192 quod
507 2119 627 2191 ignorari
649 2118 746 2186 abiis,
770 2121 816 2192 qui
838 2121 865 2175 in
889 2119 1040 2193 republica
1056 2137 1117 2176 uer·

156 2211 263 2274 santur,
279 2203 464 2276 tmpisslmum
480 2209 561 2274 puto:
577 2217 639 2256 uam
654 2209 684 2256 ut
700 2202 780 2258 modo
792 2220 806 2258 a
819 2211 845 2258 to
857 2202 958 2259 dictum
973 2212 1024 2274 est,
1042 2203 1116 2277 leges

156 2305 169 2344 a
181 2287 296 2343 librariis
308 2288 374 2359 peti,
384 2287 423 2341 sic
434 2284 618 2341 animaduerto
630 2284 777 2359 plerosque
788 2288 816 2342 in
827 2286 1027 2358 magistratibus
1039 2289 1117 2361 igno·

157 2373 262 2427 ratione
284 2372 350 2425 luris
372 2369 414 2424 sui
437 2375 541 2424 tantum
563 2385 668 2441 sapere,
691 2377 819 2442 quantum
836 2373 1004 2444 apparitores
1021 2371 1115 2429 uelint.

156 2470 236 2528 quam
259 2452 293 2509 ob
316 2469 382 2522 rem,
405 2454 429 2508 si
449 2452 484 2508 de
506 2468 643 2508 sacrorum
665 2453 826 2511 alienatione
842 2455 983 2512 dicendum
1005 2458 1116 2531 putasti,

157 2553 239 2612 quom
261 2537 294 2593 de
309 2537 441 2610 religione
457 2536 533 2611 leges
549 2552 746 2610 proposueras,
768 2539 916 2595 iaciendum
932 2539 979 2596 tibi
995 2550 1053 2610 est,
1074 2549 1116 2610 ut,

156 2620 357 2696 magistratibus
372 2621 434 2694 lege
449 2621 615 2692 constitutis,
631 2620 665 2676 de
680 2629 845 2694 potestatum
861 2625 920 2679 iure
936 2623 1067 2697 disputes.

217 2718 267 2781 49.
288 2722 329 2779 M.
351 2720 454 2778 Faciam
475 2720 610 2793 breuiter,
635 2723 658 2777 si
679 2725 808 2796 consequi
828 2732 958 2797 potuero;
981 2741 1041 2780 nam
1057 2723 1116 2797 plu·

155 2807 230 2864 ribus
254 2806 343 2863 uerbis
364 2807 473 2878 scripsit
494 2797 551 2876 (2¹0²
572 2805 604 2860 ad
625 2813 728 2878 patrem
749 2815 825 2862 tuum
841 2807 873 2861 ll.
894 2804 986 2862 lunius
1005 2807 1116 2878 sodalis,

155 2893 243 2965 perite
265 2905 324 2945 meo
347 2888 455 2962 quidem
477 2888 577 2944 iudicio
600 2897 627 2944 et
649 2888 807 2964 diligentem
832 2906 883 2946 nos
905 2899 994 2946 autem
1009 2891 1043 2947 de
1058 2894 1116 2947 iure

155 2981 267 3028 naturae
282 2973 401 3044 cogitare
418 2987 465 3044 per
481 2989 530 3026 nos
545 2980 625 3045 atque
641 2972 729 3029 dicere
745 2973 884 3045 debemus,
900 2973 934 3028 de
948 2976 1007 3029 iure
1022 2972 1116 3046 populi
1134 2964 1144 2983 ⁶

157 3055 267 3112 Romani
283 3071 351 3127 quae
366 3054 459 3110 relicta
474 3064 539 3111 sunt
554 3064 582 3110 et
598 3056 704 3112 tradita.

219 3141 255 3196 A.
278 3137 322 3194 Sic
335 3154 460 3212 prorsum
476 3154 574 3195 censeo
590 3147 617 3195 et
631 3139 658 3196 ld
673 3141 777 3214 ipsum,
796 3140 870 3213 quod
891 3139 975 3215 dicis,
993 3146 1115 3211 expecto.

530 3305 740 3381 Fragmenta.

221 3423 245 3484 1.
273 3424 356 3494 Quam
378 3427 541 3481 sententiam
568 3424 661 3481 Cicero
690 3426 716 3480 iu
745 3415 865 3496 legibus³
892 3421 931 3476 sic
957 3421 1114 3494 explicauit:

158 3510 391 3585 ‘gratulemurque
407 3508 501 3579 nobis,
523 3510 649 3582 quoniam
670 3522 742 3562 mors
758 3514 805 3561 aut
819 3504 958 3561 meliorem
974 3522 1052 3578 quam
1068 3510 1115 3582 qui

157 3602 199 3651 est
214 3596 241 3651 in
256 3596 322 3665 uita,
338 3603 384 3649 aut
399 3602 472 3650 certe
488 3608 542 3648 nou
557 3592 719 3648 deteriorem
734 3589 855 3645 adlatura
866 3596 909 3644 est
924 3596 1040 3646 statum:
1056 3609 1117 3647 uam

231 3808 250 3874 ¹)
263 3807 295 3875 qd
314 3807 339 3856 A
358 3821 404 3870 quo
425 3808 450 3856 B
467 3807 542 3873 quid?
559 3805 616 3855 edd.
652 3801 674 3870 ¹)
693 3804 801 3854 Addidi.
831 3801 852 3869 ⁸)
867 3804 1069 3864 libroeeeundo,
1089 3814 1117 3855 ut

162 3879 278 3929 Vahleno
285 3893 335 3928 non
340 3880 396 3928 aiae
401 3881 503 3929 ratione
508 3879 596 3938 nicom,
607 3875 688 3935 indie,
699 3875 893 3961 qoucaodflnem
898 3892 955 3940 cop.
966 3888 1000 3928 21.
1003 3879 1116 3940 periere.
