2378 4386
151 542 218 612 176
463 561 520 597 oon
538 560 629 594 ansata.
648 541 669 592 1.
688 545 802 594 20-22.

152 693 299 759 alumnum,
315 698 361 745 aut
382 680 599 761 ραοιίηςορςυιη,ι
615 695 662 740 aut
674 701 784 741 seruum
797 688 981 758 procuratoris
993 687 1107 743 habendi

151 777 250 848 gratia,
271 781 319 827 aut
333 771 456 827 ancillam
472 770 632 825 matrimonii
655 783 737 823 causa
758 770 833 841 apud
852 769 993 825 consilium
1015 787 1107 827 mann·

149 865 265 995 matzil.
309 943 343 991 iio
366 942 467 992 oonsilio
492 940 635 990 adhibendo.
685 933 738 995 20.
772 935 919 992 Consilium
946 945 1034 991 autem
1061 937 1106 993 nd·

149 1021 258 1078 hibetur
273 1023 300 1077 in
315 1018 382 1076 nolte
404 1018 484 1074 Roma
505 1018 613 1091 quidem
631 1019 751 1092 quinque
772 1029 927 1075 senatorum
943 1029 971 1075 et
987 1022 1106 1094 quinque

150 1107 272 1178 equitnm
293 1103 472 1159 Romanorum
494 1101 642 1174 puberum:
668 1104 696 1158 in
721 1104 868 1176 prouinciis
894 1113 983 1159 autom
1010 1106 1106 1177 uiginti

149 1195 370 1261 recuperatorum
392 1186 490 1242 oinium
505 1186 697 1243 Romanorum.
726 1186 807 1260 idque
828 1185 858 1242 fit
873 1187 967 1243 ultimo
981 1187 1025 1243 die
1041 1205 1105 1244 con·

150 1280 266 1339 uentum
280 1269 329 1327 sad
345 1269 443 1326 Romae
456 1264 571 1343 (serui)²
580 1273 662 1327 certis
673 1270 768 1327 <liebus
776 1270 846 1344 apud
858 1270 997 1326 consilinm
1010 1289 1104 1327 manu·

150 1356 303 1414 mittuntur.
334 1353 448 1409 Maiores
463 1370 529 1410 uero
543 1357 653 1428 triginta
664 1371 794 1411 annornm
809 1356 881 1410 serui
892 1370 998 1428 sempor
1012 1372 1105 1411 manu·

151 1441 221 1496 mitti
236 1437 339 1508 solent,
363 1436 430 1493 adeo
454 1446 484 1493 ut
507 1438 550 1495 nel
573 1441 599 1494 in
623 1440 738 1494 transitu
759 1438 996 1509 manumittantur,
1020 1438 1105 1494 ueluti

151 1540 210 1581 oum
227 1529 336 1597 praetor
350 1530 398 1577 aut
412 1538 462 1594 pro
478 1522 590 1579 consulo
611 1524 638 1578 in
654 1522 779 1579 balneum
800 1522 845 1578 nol
859 1524 888 1578 in
903 1523 1037 1579 sutanum
1053 1531 1105 1579 eat

151 1604 195 1664 21.
218 1606 360 1662 Praeterea
381 1607 471 1662 minor
494 1608 605 1680 triginta
625 1622 756 1662 annorum
779 1622 876 1663 seruus
898 1599 1174 1666 ‘manumissumnou

150 1697 243 1763 potest
258 1689 324 1744 cinis
336 1688 472 1745 Romanus
488 1688 556 1760 fiori,
571 1691 594 1743 si
610 1689 642 1745 ab
658 1706 690 1745 eo
705 1689 826 1761 domino,
842 1692 889 1765 qni
903 1689 1036 1748 soluendo
1051 1707 1107 1746 non

150 1783 223 1844 orat,
244 1781 406 1829 testamento
427 1789 488 1829 eum
508 1771 621 1827 liberum
644 1779 671 1826 et
686 1772 811 1829 liorodem
832 1774 955 1829 relictum
968 1770 981 1808 ⁴
996 1793 1011 1832 n
1026 1793 1044 1832 a
1058 1792 1107 1832 a*

80 1866 104 1916 5.
115 1866 139 1916 6.
153 1850 267 1935 i—
277 1877 314 1911 tv.
325 1873 351 1913 tt
360 1876 422 1911 nnnc
432 1861 478 1924 logi
491 1875 537 1910 non
548 1866 648 1922 possunt
656 1887 757 1895 —
767 1849 792 1930 i⁶
805 1850 874 1931 [22]
889 1858 1010 1914 homines
1020 1858 1107 1915 Latini

225 2023 245 2091 ¹)
254 2025 434 2091 poedaqogyum
448 2024 563 2088 intellige
575 2021 713 2072 liberorum
724 2024 919 2073 manumissoris
933 2023 975 2088 (L.
987 2037 1020 2076 35.
1032 2026 1063 2074 D.
1073 2027 1106 2076 de

147 2096 234 2160 fideic.
245 2096 288 2145 ub.
299 2095 372 2162 tut).
388 2094 465 2156 Infra
476 2095 498 2155 5.
507 2104 541 2144 tu·
552 2094 707 2157 intelliyt'tur
717 2094 747 2152 is,
755 2094 800 2156 qui
807 2094 888 2155 ipsum
898 2096 1105 2145 titonumissorem

151 2168 262 2217 instituit
274 2165 316 2231 (L.
328 2163 690 2222 tn.1).demunum.uind.tu,
705 2161 737 2229 2).
767 2161 840 2211 uiuit
854 2165 935 2227 igitur
949 2166 1104 2214 miniandum.

152 2233 313 2302 ¹)Oruiasum
327 2234 359 2284 ob
377 2236 458 2283 sintita
473 2249 580 2297 sequens
595 2234 688 2282 certi-s.
758 2229 842 2298 ³)11Tm
864 2234 889 2283 G.
919 2237 1105 2285 manumissione

151 2307 209 2356 edd.
224 2303 444 2369 (proeterStud.).
476 2303 563 2368 Neque
573 2319 632 2354 uero
643 2305 863 2355 ntunumioaionem
877 2312 902 2354 et
916 2309 983 2355 otios
997 2307 1032 2355 od
1042 2310 1105 2356 ciui·

151 2384 227 2425 tutem
237 2375 408 2438 perveniendi
420 2375 508 2424 modos
524 2374 605 2423 Gaius
619 2382 759 2438 comparat.
785 2376 823 2439 Cf.
835 2386 898 2438 1,15.
910 2389 943 2429 lu.
995 2375 1016 2443 ⁴)
1031 2377 1105 2428 Haec

151 2461 169 2496 o
181 2461 219 2496 nte
234 2461 290 2496 cum
303 2445 409 2495 Lucium.
424 2453 448 2495 et
463 2444 557 2495 Boecic.
573 2460 607 2493 ex
624 2445 655 2494 V.
671 2453 770 2495 retentu
783 2448 869 2508 firmat
883 2450 960 2496 etima
978 2448 1005 2497 V
1006 2446 1034 2497 ⁸⁸.
1049 2451 1104 2513 qui·

151 2515 198 2567 bna
212 2531 259 2567 cur
277 2530 330 2565 meo
349 2531 418 2566 more
437 2517 486 2565 nitu
505 2517 621 2564 intulisse
639 2516 717 2566 dicor
731 2533 747 2565 o
768 2516 886 2566 Goudsm.
906 2534 957 2568 non
976 2522 1103 2585 inteileyo.

152 2588 207 2651 ipse
220 2589 292 2637 uuita
307 2602 394 2636 eorum
409 2601 474 2651 quoe
487 2588 561 2650 aequi
570 2592 693 2649 poterunt
706 2589 808 2637 ratione
823 2587 911 2638 nabitu
925 2591 1036 2639 intrudit
1051 2605 1104 2640 cuna

150 2657 213 2708 liber
230 2665 278 2707 tum
298 2666 321 2707 et
339 2659 410 2707 heres
428 2657 526 2706 relictus
541 2657 572 2704 sit
592 2658 668 2706 etiam
681 2671 732 2720 per
745 2672 773 2706 se
793 2672 845 2708 non
860 2658 980 2721 serenda.
1033 2659 1054 2725 ⁶)
1073 2660 1104 2710 In

151 2729 191 2778 ed.
206 2741 226 2779 n.
241 2729 276 2778 od
291 2724 476 2791 perflandum
496 2728 663 2788 huiua§.21.
682 2731 832 2778 sententiam
851 2730 878 2777 iu
897 2732 952 2793 ipso
974 2739 1104 2792 contentu,

150 2799 253 2849 untedio
266 2798 428 2849 Bluitnu'ania
442 2801 527 2855 nisus,
545 2812 580 2846 ex
593 2800 617 2860 §-
632 2810 652 2849 2.
667 2797 689 2846 I.
705 2798 772 2863 quit.
790 2815 899 2848 aunuum.
915 2798 946 2865 (1,
960 2801 983 2866 a)
1003 2803 1105 2851 collutis

151 2870 175 2930 9.
190 2881 210 2919 7.
225 2869 247 2918 1.
263 2871 307 2933 qui
321 2876 375 2917 test.
391 2876 436 2917 tnt.
453 2867 484 2932 (1,
496 2867 531 2932 ta)
546 2867 577 2915 L.
589 2880 608 2918 5.
623 2868 648 2917 O.
663 2868 695 2916 de
709 2877 765 2917 test.
780 2877 825 2918 tut.
841 2869 872 2934 (u,
883 2869 918 2935 tn)
934 2872 1103 2934 noeoformn·

151 2954 251 2988 ueram:
277 2935 397 2987 ‘relietum
418 2952 506 2986 seruus
527 2939 656 2989 sitmiliter
676 2954 732 2987 cum
755 2939 873 2989 libertate
896 2942 970 2990 iures
991 2944 1102 3003 scriptos

152 3014 294 3057 testamento
310 3023 360 3057 non
371 3008 528 3070 praecedat,
547 3015 572 3056 et
585 3022 655 3056 nemo
670 3011 740 3058 attus
755 3014 759 3068 Ι
775 3026 810 3060 en
824 3026 853 3060 eo
868 3017 1014 3061 testamento
1028 3011 1102 3059 neres

135 3079 192 3128 'ait
222 3078 297 3142 idque
311 3078 398 3127 eodem
413 3080 468 3144 [eye
484 3079 559 3127 Aetio
573 3076 663 3127 Sentio
678 3087 780 3130 cautum
794 3089 839 3131 est.
856 3085 860 3139 Ι
876 3082 942 3130 idem
957 3081 1052 3144 fauore
1071 3082 1102 3130 tt-

151 3147 259 3197 itertotia
273 3148 305 3197 de
318 3163 348 3198 eo
361 3163 439 3199 seruo
455 3148 576 3197 Proculus
590 3151 733 3209 existimat,
750 3156 754 3210 Ι
771 3153 816 3216 qni
828 3153 884 3201 aine
898 3151 1015 3201 libertate
1029 3151 1104 3201 lieres

103 3211 110 3224 ⁶
150 3220 264 3282 scriptun
284 3214 339 3268 εἰτ’.
366 3245 396 3254 -
421 3218 568 3269 uenenum
587 3222 829 3285 reliquampartem
848 3224 976 3288 puyinae,
997 3237 1031 3271 ex
1053 3239 1105 3288 qua

153 3287 244 3339 Gn'scii.
259 3300 279 3341 t.
301 3305 406 3354 eamque
419 3298 521 3340 secutae
536 3291 594 3340 edd.
609 3293 728 3355 singulas
743 3300 838 3341 tontum
853 3308 927 3342 uoces
945 3291 1051 3357 (spurios
1071 3321 1104 3329 —

150 3394 362 3406 —nu——a

222 3445 246 3517 ξ.
258 3453 300 3501 20.
318 3450 356 3513 Cf.
371 3449 425 3513 Uip.
441 3462 462 3511 1,
477 3461 502 3501 1³
510 3466 534 3498 a.
550 3452 573 3511 ς.
588 3463 609 3500 a.
625 3451 647 3498 I.
662 3451 694 3499 de
708 3451 791 3499 libert.
807 3449 838 3514 (t.
848 3448 878 3513 n).
903 3450 1032 3516 Theophil.
1048 3466 1068 3512 1,
1083 3465 1105 3505 u.

151 3521 191 3580 ἐξ.
207 3532 227 3569 2.
241 3532 262 3569 4.
279 3533 298 3574 1.
313 3532 333 3569 u·
352 3522 375 3580 ᾖ.
391 3531 411 3568 4.
431 3519 462 3567 L.
479 3533 504 3570 att
514 3536 558 3582 pr.
574 3521 605 3569 Ι).
628 3521 659 3569 do
678 3536 784 3569 monum.
805 3521 872 3567 vind.
888 3519 933 3585 (tn,
947 3523 978 3587 a).
993 3523 1025 3572 L.
1041 3538 1061 3575 t.
1078 3524 1105 3574 0.

151 3589 206 3637 eod.
221 3587 253 3650 (7,
264 3587 294 3651 7).
314 3588 373 3636 Lex
385 3588 455 3636 Flnu.
472 3588 588 3652 Salpens.
604 3602 637 3640 78.
653 3589 685 3638 L.
700 3601 712 3640 a
723 3605 766 3652 pr.
786 3588 830 3636 Tu.
847 3589 872 3638 C.
884 3592 915 3640 de
925 3599 1002 3642 tutor.
1013 3602 1037 3643 ut
1047 3611 1103 3644 our.

151 3656 183 3721 (a,
197 3655 241 3720 77).
267 3657 349 3704 ultimo
368 3657 407 3705 die
423 3655 503 3724 com]
524 3662 569 3722 qui
587 3676 641 3709 cum
660 3666 712 3708 toto
731 3666 854 3708 conuentu
876 3662 1033 3711 adicebatur.
1064 3665 1103 3725 Cf.

149 3724 219 3775 Suet.
237 3725 309 3773 Gaio.
326 3737 358 3775 tu.
375 3726 444 3774 Ptut.
462 3728 533 3776 uoto.
548 3741 568 3779 u.
619 3725 643 3797 ξ.
659 3731 702 3779 21.
728 3728 765 3791 Cf.
782 3729 804 3788 ἓ.
820 3741 839 3778 7.
859 3729 881 3779 Ι.
900 3732 967 3794 quib.
982 3747 1017 3779 ex
1031 3747 1102 3780 caus.

149 3810 217 3845 tuan.
234 3793 265 3859 (1,
279 3794 315 3859 u):
331 3796 404 3858 infra
418 3809 439 3852 2,
455 3808 500 3847 154.
516 3810 562 3848 276.
583 3798 637 3862 un.
654 3811 722 3863 1,14.
741 3797 784 3846 Fr.
800 3799 861 3848 Dos.
878 3810 911 3850 tt.
926 3801 958 3847 L.
973 3811 1006 3851 77.
1021 3800 1054 3850 D.
1070 3802 1102 3851 de

150 3880 258 3916 manum.
273 3873 328 3915 teat.
344 3865 390 3930 (to,
402 3865 435 3932 4).
456 3867 488 3916 L.
504 3879 537 3918 oo.
559 3868 591 3917 I).
606 3869 638 3919 de
652 3870 706 3919 ier.
721 3870 780 3917 inat.
795 3866 840 3932 (sa,
855 3867 886 3934 n).
