2378 4386
210 568 654 605 scurn11sse1n1sn1rnaousssn
672 568 879 605 senonensem.
965 553 1028 618 437

65 715 157 787 potuit
177 713 365 768 hereditatem
387 712 527 768 adeundo.
565 710 646 784 idque
669 713 763 785 optimi
779 712 940 784 maximique
954 712 1029 785 prin-

66 799 141 871 cipes
155 801 249 854 nostri
269 799 483 868 rescripserunt
505 802 531 852 et
552 800 693 852 sententio
715 796 770 852 dini
787 796 910 851 Hadriani
926 797 953 852 in
969 811 1030 869 per·

65 898 133 938 sona
148 881 273 937 Cornelii
288 880 431 936 Prisciani
448 879 654 942 ‹lemonstrsuit‚

132 963 162 1022 8.
187 961 233 1039 [L.
253 969 297 1020 22.
321 966 357 1020 D.
378 967 414 1021 ae
430 966 493 1020 bon.
512 980 590 1034 poss.
606 981 631 1022 c.
647 973 665 1020 t.
683 969 729 1033 37,
748 960 781 1040 4]
812 965 947 1021 Bonorum
968 981 1031 1038 pos·

68 1052 190 1107 sessione
205 1057 300 1106 eontra
323 1049 428 1105 tabulas
444 1043 631 1122 emancipsto¹
650 1052 795 1122 praeterito
819 1048 875 1105 tilio
890 1049 951 1104 doio
966 1051 1032 1105 scri·

68 1144 132 1210 pius
148 1135 226 1190 heres
241 1134 311 1190 aiter
326 1132 408 1204 filius,
429 1135 475 1206 qui
492 1135 692 1207 possessionem
708 1135 811 1206 occepit
826 1134 871 1191 uel
886 1136 944 1189 iure
959 1133 1031 1190 ciuili

69 1226 214 1276 contentus
231 1235 285 1275 non
301 1220 414 1292 accepis,
430 1216 518 1291 legata
535 1219 679 1291 praecipua
694 1234 749 1273 non
765 1217 883 1277 hebebit.

134 1302 269 1358 PAVLVS.
305 1301 375 1375 Ergo
397 1305 424 1357 in
447 1300 519 1372 fitia,
540 1304 586 1375 qui
605 1302 725 1358 coheres
746 1306 874 1373 scriptus
893 1304 1032 1358 bonorum

66 1392 274 1460 possessionem
288 1389 377 1459 posuit
387 1395 494 1456 peiere,
507 1395 601 1442 contra
613 1385 779 1457 seruabitur,
792 1380 873 1443 ²siue
883 1388 1032 1443 hereditas

69 1473 109 1529 aa
124 1488 184 1529 eum
201 1476 343 1545 pertineat
359 1478 469 1527 tantum
485 1475 548 1527 iure
564 1474 652 1540 ciuili,
668 1474 727 1527 siue
738 1469 873 1528 bonorum
886 1474 1031 1544 possessio

69 1572 190 1630 quoque.

134 1637 163 1697 9.
187 1639 358 1713 Papinianus.
390 1638 466 1695 Filio
487 1643 516 1695 in
537 1655 616 1695 causa
639 1632 864 1720 (cons)erenaiae
883 1643 957 1698 iotis
983 1656 1032 1695 ac-

71 1733 152 1798 cepta
168 1721 301 1779 bonorum
317 1726 489 1796 possessione
505 1733 599 1781 conire
621 1725 726 1781 tabulas
741 1732 787 1780 oui
804 1725 924 1781 intestati
939 1725 1032 1781 riotem

67 1807 209 1882 fratribus
225 1798 381 1885 (con)ierre
397 1825 450 1864 non
466 1810 586 1882 cogitur.

133 1973 179 2034 10.
204 1968 252 2057 [In
276 1979 456 2049 adoptionem
482 1981 568 2034 eiaties
598 1981 677 2050 fitius
701 1978 790 2034 ireres
818 1982 978 2044 institutus,
1009 1980 1034 2033 si

71 2065 201 2120 cantino
217 2065 401 2119 institutionis
416 2066 572 2131 extitisset,
595 2066 742 2119 commisso
757 2078 813 2134 per
828 2065 915 2118 atium
930 2062 1032 2131 edicto,

72 2150 190 2205 eandem
206 2141 305 2223 quam]
324 2150 524 2218 emancipatus
539 2147 675 2203 bonorum
697 2147 897 2221 possessionem
912 2145 1033 2218 haberet,

71 2233 187 2305 ideoque
209 2233 309 2287 tiberis
325 2237 353 2287 et
365 2229 529 2302 parentibus
545 2233 632 2305 primo
649 2232 711 2289 ioco
731 2235 828 2307 tepata
845 2231 942 2288 relicta
957 2246 1033 2304 pcae-

71 2323 168 2386 siaret‚
185 2332 253 2388 quae
275 2331 330 2372 non
351 2317 506 2388 praestabit,
527 2319 553 2371 si
573 2316 698 2373 condicio
714 2319 895 2373 institutionis
912 2315 1034 2389 defecit.-

71 2409 99 2458 ct
116 2407 184 2455 tunc
197 2403 247 2472 qui
261 2401 448 2455 hereditatem
464 2399 602 2469 adierunt,
625 2401 723 2456 tabuiis
744 2419 853 2474 qumque
870 2418 924 2457 non
940 2403 1034 2476 sipon·

72 2490 119 2552 tis,
144 2489 262 2539 tuentur
269 2507 277 2546 ,·
298 2483 419 2539 defertur
434 2485 503 2538 enim
520 2502 553 2540 ne
570 2489 737 2558 nuncupatis
758 2489 869 2559 quietem
886 2489 984 2553 aliter,
1008 2495 1034 2542 et

71 2569 210 2644 possessio
223 2568 280 2623 eius
292 2567 377 2624 ualuit
389 2584 443 2623 non
456 2573 541 2642 mopis
551 2586 637 2641 quarn
650 2571 768 2640 ualeret,
784 2572 807 2626 si
821 2572 922 2643 primus
934 2569 1034 2642 gradus

72 2659 177 2725 ruptus
192 2643 292 2708 esset.³

135 2732 175 2793 11.
197 2736 234 2792 In
255 2751 287 2792 eo
307 2739 411 2810 produ,
435 2756 453 2793 o
475 2754 529 2810 quo
552 2737 732 2793 exheredatus
748 2753 802 2792 non
824 2735 884 2805 init,
907 2746 1034 2808 postumo

72 2828 177 2879 contra
199 2822 313 2878 iabutcs
334 2825 380 2879 uei
395 2824 629 2895 nuncupationem
652 2822 706 2895 peti
725 2837 806 2895 posse
823 2819 954 2875 bonorum
972 2837 1034 2893 pos·

71 2907 221 2962 sessionem
240 2907 368 2978 placuit,·
387 2909 444 2978 ispi
472 2907 600 2962 Vettaeae
620 2907 690 2962 enim
712 2922 766 2962 non
789 2904 953 2975 offenditur,
970 2921 1034 2962 cum

72 3008 129 3048 non
145 2994 191 3060 sit,
207 2997 237 3047 ut
253 2993 311 3045 eius
327 2989 444 3061 heredis,
461 2992 507 3063 qni
522 2991 609 3064 legem
626 2990 755 3062 excludit,
771 2990 991 3046 testamentario.

134 3070 177 3132 12.
201 3075 252 3130 Eoo
265 3077 325 3147 filio
340 3075 446 3131 herede
455 3075 532 3145 sacto
546 3092 630 3148 nepos
643 3075 721 3131 elium
735 3082 901 3131 extraneum
914 3091 1034 3149 sequens

71 3159 236 3217 substitutus
247 3167 341 3216 conire
354 3159 469 3215 casatas
481 3161 618 3217 bonorum
627 3163 839 3231 possessionem
851 3177 907 3216 non
918 3163 1035 3235 accipit,

71 3246 199 3319 qnoniam
211 3235 266 3322 (e)i
282 3261 338 3299 non
354 3245 477 3317 prodest,
495 3245 571 3316 quod
583 3249 677 3316 primo
688 3246 724 3300 ais
736 3263 792 3302 auo
806 3261 858 3302 suo
870 3246 1034 3318 praeteritus

71 3337 124 3400 est,
140 3344 219 3401 quem
234 3335 323 3400 poter
334 3330 488 3402 praecedit
498 3336 567 3401 post
581 3345 778 3388 successurum.

134 3409 179 3470 1³.
202 3414 274 3469 Iure
290 3417 369 3470 ciuili
383 3416 469 3484 tueri,
486 3416 532 3486 qui
549 3430 604 3470 non
621 3415 679 3469 iure
696 3414 858 3484 honorario,
875 3420 984 3486 polest,
1006 3420 1036 3468 ut

71 3501 121 3572 qui
136 3502 226 3555 uxori
240 3500 286 3555 uei
303 3499 419 3554 uxorei
435 3499 606 3553 matrimonio
622 3499 761 3554 successit.

146 3646 166 3712 ¹)
181 3649 259 3698 Hanc
273 3664 359 3699 vocem
373 3651 490 3699 omissam
504 3648 671 3711 supplendam
686 3662 754 3705 esse,
772 3655 854 3697 rnonet
869 3649 895 3695 in
903 3649 960 3767 piac
975 3655 1036 3696 nota

74 3719 178 3770 Graeca
196 3722 356 3771 correctoris
380 3721 573 3769 interlinearis:
599 3719 664 3781 Pinp.
685 3717 729 3782 (2-
749 3716 874 3783 Hipnirp)
917 3712 1036 3774 λθόντος
1054 3710 1070 3732 ’

72 3792 223 3853 emancipcio
245 3799 348 3854 psseicr.
431 3788 450 3854 ²)
466 3790 600 3839 Ileetenus
622 3788 748 3837 librarius
770 3788 849 3837 Penii
871 3795 956 3837 nctarn
973 3803 1036 3849 per·

68 3876 161 3926 perans
176 3861 214 3910 iris
228 3865 344 3925 scripsit.
418 3858 438 3924 ⁸)
455 3860 486 3908 In
502 3861 618 3924 marpinc
630 3861 732 3924 piossae
746 3859 813 3907 duee
825 3859 923 3920 pertin
938 3856 1036 3905 Graece

71 3935 188 3996 scriptae
204 3934 255 3998 tepi
270 3949 320 3982 non
332 3937 480 3995 potnerunt.
