2378 4386
154 531 195 590 66
493 541 521 577 rr.
540 540 651 575 aventes
670 539 771 578 cacano.

216 666 257 722 Μ.
280 665 364 721 letum
379 667 477 739 ipsum,
493 665 590 723 Attice.

215 749 250 804 A.
273 747 314 802 Tu
329 765 394 804 uero
410 764 471 803 eum
487 764 538 805 nee
551 749 630 803 nimis
646 747 723 804 ualde
739 765 864 821 umquam
880 765 930 805 nee
945 750 1024 805 nimis
1035 765 1115 825 saepe

153 830 321 899 laudaueris;
342 847 403 886 nam
426 831 477 887 hoe
496 830 561 886 mihi
582 832 661 887 etiam
683 833 770 888 nostri
786 831 835 902 illi,
850 833 897 904 qui
912 833 1046 888 neminem
1062 837 1113 891 nisi

153 931 232 972 suum
247 913 349 970 laudari
364 914 473 985 uolunt,
488 913 651 990 concedunt,
664 925 694 972 ut
705 931 766 971 euru
778 914 911 972 arbitratu
923 931 983 974 meo
995 916 1113 990 diligam.

211 997 253 1054 M.
276 997 346 1053 Beue
365 997 456 1056 herele
476 999 587 1054 iaciunt.
625 999 690 1072 quid
712 999 783 1056 enim
804 1008 846 1055 est
867 999 999 1073 elegantia
1014 1008 1061 1058 tua
1076 1003 1115 1057 di·

153 1081 253 1156 gniusi
274 1083 350 1138 euius
373 1090 401 1137 et
422 1083 479 1138 uita
501 1089 529 1138 et
544 1083 630 1138 oratio
645 1093 791 1139 consecuta
807 1084 873 1139 mihi
888 1084 995 1139 uidetur
1009 1085 1114 1141 diliieil·

151 1166 241 1222 limam
256 1163 328 1221 illam
344 1167 501 1222 societatem
516 1167 654 1239 gravitatis
670 1182 731 1222 eum
747 1166 921 1223 humanitate.

214 1250 249 1305 A.
272 1247 341 1304 Sane
364 1249 478 1322 gaudeo,
503 1249 576 1323 quod
599 1259 626 1306 te
648 1249 829 1323 interpellani,
852 1251 979 1324 quoniam
1004 1252 1113 1325 quidem

152 1341 207 1389 tam
222 1332 386 1407 praeclarum
399 1333 463 1389 miili
476 1332 573 1389 dedisti
585 1332 677 1391 iudicii
689 1335 729 1390 tui
742 1334 940 1402 testimonium
957 1334 1006 1389 sed
1017 1350 1114 1409 perge,

152 1427 184 1474 ut
199 1432 337 1492 coeperas.

215 1499 244 1561 2.
266 1499 306 1556 M.
330 1499 482 1556 Laudemus
497 1501 582 1574 igitur
596 1502 672 1575 prius
688 1495 908 1575 (magistratus)¹
924 1500 1013 1575 legem
1028 1501 1114 1574 ipsam

150 1587 225 1642 neris
242 1593 269 1641 et
284 1586 403 1658 propriis
419 1585 529 1658 generis
544 1587 586 1641 sui
602 1585 736 1642 laudibus.

214 1667 249 1724 A.
272 1667 339 1724 Saue
355 1667 473 1741 quidem,
490 1670 562 1726 sieut
577 1669 611 1725 de
625 1669 789 1741 religionum
804 1668 865 1743 lege
882 1668 979 1725 iecisti.

214 1751 254 1808 M.
277 1751 379 1808 Videtis
402 1752 497 1825 igitur,
521 1754 696 1825 magistratus
719 1754 789 1809 hane
804 1769 864 1808 esse
880 1754 943 1822 uim,
968 1761 998 1809 ut
1014 1756 1114 1827 praesit

150 1834 371 1910 praescribatque
392 1842 466 1891 reeta
488 1842 516 1890 et
539 1835 615 1892 utilia
637 1843 665 1891 et
687 1837 830 1892 coniuncta
852 1852 915 1892 cum
937 1834 1058 1909 legibus:
1083 1845 1114 1893 ut

150 1921 221 1976 enim
243 1917 444 1990 magistratibus
466 1918 557 1991 leges,
588 1919 625 1974 ita
650 1917 753 1992 populo
776 1928 906 1991 praesunt
927 1922 1111 1992 magistratus,

150 2018 268 2076 uereque
283 2001 336 2058 dici
348 2008 450 2075 potest,
465 2004 656 2075 magistratum
667 2001 756 2075 legem
767 2017 828 2058 esse
838 2001 1007 2074 loquentem,
1020 2002 1111 2077 legem

149 2095 238 2144 autem
257 2093 362 2143 mutum
378 2087 574 2160 magistratum.
607 2081 636 2143 8.
660 2085 727 2141 nihil
743 2101 826 2159 porro
842 2093 896 2140 tam
911 2094 1004 2158 aptum
1019 2087 1110 2143 estad

148 2173 191 2228 ius
211 2170 451 2243 condicionemque
465 2180 592 2242 naturae,
608 2170 681 2243 quod
697 2186 758 2226 eum
772 2169 851 2240 dieo,
867 2167 955 2242 legem
971 2186 986 2224 a
1001 2185 1043 2225 me
1058 2169 1110 2227 dici

149 2254 272 2329 intellegi
287 2253 368 2326 uolo,
390 2270 470 2328 quam
485 2255 642 2328 imperium,
665 2255 724 2310 sine
740 2269 794 2327 quo
813 2268 864 2310 nee
878 2252 974 2309 domus
991 2252 1045 2309 ulla
1061 2270 1112 2311 nee

149 2340 244 2395 eiuitas
265 2353 315 2394 nee
334 2353 402 2411 gens
422 2355 473 2395 uee
488 2338 626 2394 hominum
641 2339 796 2394 uniuersum
813 2353 901 2411 genus
916 2345 988 2393 stare
1003 2354 1055 2395 nec
1070 2354 1112 2395 re·

148 2437 209 2479 rum
228 2429 323 2477 natura
344 2424 432 2479 omnis
452 2439 502 2479 nee
521 2423 580 2496 ipse
600 2421 718 2479 muudus
737 2429 846 2496 potest3
869 2438 929 2479 uam
950 2429 979 2478 et
1002 2423 1045 2479 lrie
1060 2422 1111 2478 den

149 2513 224 2580 paret
236 2513 265 2561 et
279 2505 343 2562 huie
358 2504 506 2563 oboediunt
516 2507 597 2564 maria
608 2515 750 2580 terraeque
762 2514 789 2562 et
803 2507 944 2563 hominum
959 2508 1014 2562 uita
1029 2506 1112 2561 iussis

148 2607 288 2664 supremae
308 2589 377 2665 legis
392 2590 570 2665 obtemperat.
607 2592 637 2648 ll.
660 2587 691 2648 4.
708 2592 796 2666 Atque
812 2599 843 2647 ut
858 2590 890 2646 ad
906 2590 972 2648 haee
986 2591 1112 2648 citeriora
1168 2607 1170 2612 ·

149 2677 254 2731 ueniam
270 2682 297 2731 et
312 2676 420 2732 notiora
435 2677 526 2746 nobis,
542 2693 635 2733 omnes
651 2677 777 2747 antiquae
788 2682 886 2747 gentes
897 2673 1006 2747 regibus
1024 2691 1111 2748 quon·

148 2758 209 2816 dam
224 2770 387 2833 paruerunt:
403 2761 475 2833 quoti
492 2776 579 2834 genus
596 2759 701 2832 imperii
712 2758 828 2830 primurn
841 2756 873 2811 ad
885 2756 1007 2813 homines
1019 2759 1111 2814 iustis·

149 2844 237 2899 simos
256 2851 284 2897 et
306 2845 517 2915 sapientissimos
540 2840 722 2913 deserebatur,
744 2839 771 2893 id
794 2832 882 2911 quod²
904 2840 932 2894 ln
954 2857 984 2897 re
1006 2841 1110 2915 publiea

148 2932 240 2980 uestra
256 2926 369 2979 maxime
385 2924 479 2992 ualuit,
491 2919 579 2996 quoad
591 2919 726 2994 eiregalis
736 2927 858 2994 potestas
869 2923 998 2996 praeluit,
1014 2924 1111 2980 deinde

149 3008 228 3062 etiam
250 3005 377 3078 deinceps
392 3006 511 3079 posteris
525 3003 705 3078 prodebatur.
726 3005 800 3078 quod
815 3014 842 3062 et
857 3008 884 3062 in
901 3007 933 3062 iis
949 3008 1040 3076 etiam,
1062 3007 1108 3077 qui

148 3105 220 3145 nune
234 3081 408 3159 regnantur,³
423 3096 527 3151 manet;
543 3087 643 3161 quibus
658 3093 748 3144 autem
762 3090 838 3163 regia
853 3097 976 3164 potestas
986 3104 1041 3144 non
1054 3087 1109 3160 pla·

150 3173 215 3243 eult,
231 3188 287 3228 nou
302 3173 320 3227 ii
336 3172 446 3242 nemini,
460 3171 509 3228 sed
519 3187 574 3227 nou
586 3187 693 3245 semper
703 3173 750 3228 uni
761 3188 858 3246 parere
870 3172 1027 3231 uoluerunt.
1058 3187 1109 3227 uos

148 3265 250 3328 autem,
262 3256 388 3330 quonlam
399 3255 476 3329 leges
487 3254 580 3311 damus
591 3255 682 3311 liberis
693 3255 812 3328 populis,
829 3271 952 3329 quaeque
963 3253 997 3309 de
1008 3256 1109 3328 optima

148 3339 299 3414 republica
314 3340 487 3411 sentiremus,
508 3339 534 3395 in
549 3355 596 3396 sex
608 3337 685 3395 libris
701 3346 763 3394 ante
781 3338 911 3408 diximus,
926 3339 1109 3394 accommoda·

98 3460 101 3464 ›
149 3424 238 3482 bimus
261 3424 313 3480 hoe
334 3431 456 3498 tempore
471 3423 547 3497 leges
561 3423 592 3478 ad
607 3421 696 3491 illum,
719 3437 799 3494 quem
819 3419 976 3496 probamus,
991 3423 1110 3478 ciuitatis

149 3515 259 3565 statum.
288 3502 316 3564 6.
339 3507 540 3582 magistratibus
562 3508 647 3581 igitur
669 3520 738 3579 opus
760 3515 812 3578 est,
833 3506 891 3561 sine
912 3521 1028 3578 quornm
1044 3523 1109 3580 pru·

149 3591 240 3649 dantia
262 3607 293 3648 ae
309 3590 448 3665 diligentia
470 3607 530 3648 esse
551 3592 646 3649 ciuitas
668 3605 724 3646 non
747 3596 848 3664 potest,
871 3605 1042 3663 quorumque
1064 3590 1110 3646 de·

223 3780 243 3848 ¹)
260 3781 369 3831 Addidi.
408 3776 430 3846 ')
448 3780 493 3832 Er
511 3781 591 3832 Boka't‘
608 3783 641 3845 ej.
661 3780 768 3846 times*
780 3779 806 3829 Α
821 3779 873 3844 idq3
893 3786 918 3828 ul
931 3777 957 3827 B
974 3779 1044 3843 idque
1059 3775 1109 3846 [ut]

149 3855 189 3906 ed.
205 3853 236 3903 V.
276 3850 298 3920 ⁸)
312 3858 410 3916 regnant
424 3852 480 3902 AB
491 3854 549 3903 edd.
