2378 4386
112 624 153 683 28
451 633 478 667 xa.
498 632 609 669 suamve
628 632 727 668 exesso.

113 755 189 832 (que)
205 760 282 830 quasi
297 756 468 831 cognationis
483 755 665 829 domiciliique
680 757 785 829 pristini
807 763 982 829 conspectum
1003 758 1074 812 cxci·

111 843 195 908 tauit3
217 848 273 896 tum
296 841 412 914 speeiem
433 840 470 894 ita
491 838 619 895 iormauit
633 841 698 911 oris,
721 847 752 894 ut
767 841 793 893 iu
809 856 839 894 ea
855 841 962 912 penitus
977 855 1073 895 rccon·

111 924 183 979 ditos
199 940 289 980 mores
305 922 465 996 effingeret:
497 917 542 979 27.
557 939 617 978 nam
633 930 661 977 et
676 922 748 978 oculi
761 916 858 995 nimisl
870 925 970 996 arguti,
993 939 1073 994 quern

111 1007 142 1062 ad
158 1007 267 1063 modum
282 1009 370 1064 animo
387 1005 473 1063 allecti
488 1008 587 1076 simus,
608 1006 750 1077 locuntur,
766 1013 793 1060 et
807 1007 846 1077 is,
862 1007 907 1079 qui
923 1006 1073 1080 appellatur

112 1091 216 1160 uultus,
243 1093 289 1165 qui
310 1090 386 1147 nullo
407 1092 435 1146 in
457 1092 590 1146 animante
611 1105 672 1145 esse
693 1097 800 1162 praeter
821 1089 956 1145 hominem
971 1095 1089 1162 potest,¹

110 1173 209 1230 indicat
225 1191 331 1244 mores,
356 1175 452 1248 quoius
469 1175 522 1228 uim
538 1173 631 1229 Graeci
645 1180 762 1243 norunt,
778 1189 876 1228 nomen
892 1175 1002 1229 omnino
1017 1190 1072 1228 non

111 1256 220 1313 habent.
249 1260 345 1314 omitto
367 1259 583 1331 opportunitates
606 1255 810 1329 laabilitatesque
825 1256 923 1329 reliqui
938 1258 1072 1331 corporis,

110 1341 322 1397 moderationem
337 1342 424 1411 uoeis,
440 1342 569 1396 orationis
585 1342 649 1410 uim,
667 1356 735 1412 quae
745 1339 911 1395 conciliatrix
927 1348 969 1396 est
979 1341 1072 1396 buma-

111 1440 162 1481 nae
177 1427 288 1481 maxime
303 1425 456 1491 societatls3
478 1439 568 1496 neque
588 1424 659 1479 enim
675 1424 764 1479 omnia
779 1432 842 1479 sunt
858 1424 938 1480 huius
953 1423 1072 1498 disputa-

111 1510 193 1566 tionis
209 1527 239 1567 ae
254 1510 384 1581 temporis
399 1516 426 1563 et
441 1507 512 1563 hune
526 1506 616 1563 locum
632 1508 708 1577 satis,
729 1515 760 1562 nt
774 1508 838 1563 mihi
855 1507 974 1580 uidetur,
996 1509 1024 1564 in
1039 1510 1071 1563 iis

111 1592 198 1663 libris,
215 1609 283 1667 quos
299 1592 414 1664 legistis,
431 1592 566 1663 expressit
576 1590 676 1664 Scipio.
700 1607 773 1648 nunc
787 1593 913 1665 quoniam
926 1592 1071 1662 hominem,

111 1675 184 1749 quod
206 1676 364 1748 principium
384 1672 550 1747 reliquarum
570 1690 661 1731 rerum
674 1692 742 1753 'esse
762 1669 865 1746 uoluit,
883 1676 1025 1750 generauit
1045 1684 1073 1731 et

111 1761 219 1814 ornauit
234 1757 309 1826 deus,
325 1759 497 1831 perspicuum
509 1759 544 1813 slt
555 1757 633 1828 illud,
648 1775 682 1814 ne
694 1762 783 1815 omnia
794 1759 971 1830 disserantur,
986 1762 1072 1833 ipsam

111 1857 159 1916 per
179 1858 209 1898 se
230 1850 353 1897 naturam
374 1841 484 1913 longius
504 1840 649 1915 progredi,
672 1858 740 1915 quae
761 1846 839 1898 etiam
860 1844 935 1899 nullo
957 1843 1073 1899 docente

111 1926 233 2007 prolecta
248 1924 280 1980 ab
298 1926 338 1993 its,
357 1940 472 1997 quorum
488 1941 519 1980 ex
536 1926 620 1997 prima
637 1933 664 1980 et
685 1927 809 1981 inchoata
826 1926 1010 1999 intellegentia
1026 1942 1072 1999 ge·

110 2025 174 2064 uera
189 2009 330 2080 cognouit,
346 2006 487 2064 confirmat
501 2010 558 2081 ipsa
573 2023 622 2081 per
637 2023 666 2063 se
680 2010 812 2063 rationem
828 2017 856 2064 et
867 2008 981 2081 perlicit.

173 2090 203 2146 ll.
227 2087 275 2149 28.
296 2091 330 2147 A.
354 2091 585 2161 animandos,
607 2107 686 2164 quam
708 2097 737 2146 tu
758 2091 841 2165 longe
862 2093 929 2147 iuris
943 2093 1072 2166 principia

111 2177 225 2248 repetis,
247 2182 330 2249 atque
351 2177 399 2246 lta,
422 2182 452 2229 ut
474 2191 526 2247 ego
549 2190 604 2230 non
626 2173 707 2230 modo
729 2173 762 2230 ad
782 2174 827 2231 illa
846 2191 901 2231 non
917 2189 1071 2249 properem,

62 2281 65 2286 ·
110 2274 179 2332 quae
199 2257 370 2332 expectabam
391 2273 404 2312 a
419 2265 447 2313 te
462 2257 495 2313 de
509 2259 568 2312 iure
584 2258 673 2328 eiuili,
693 2258 741 2314 sed
761 2258 839 2315 laelle
859 2260 944 2332 patiar
960 2267 986 2315 tc
1001 2259 1073 2315 hunc

110 2341 180 2398 diem
201 2342 247 2397 uel
269 2348 356 2397 totum
377 2343 404 2396 in
424 2343 479 2397 lsto
500 2357 625 2397 sermone
647 2357 823 2410 consumere3
843 2352 907 2398 sunt
922 2344 992 2399 enim
1007 2343 1074 2399 haec

109 2426 221 2495 maiora,
244 2441 312 2499 quae
334 2424 448 2480 aliorum
471 2441 550 2482 causa
572 2426 688 2481 sortasse
710 2425 899 2499 complecteris,
922 2442 1000 2499 quarn
1016 2428 1073 2500 ipsa

110 2507 165 2578 illa,
181 2524 296 2581 qnorum
311 2509 377 2565 haec
391 2525 469 2566 causa
485 2517 688 2584 praeparantur.

173 2592 214 2649 M.
237 2592 306 2648 Sunt
325 2593 391 2650 haec
412 2593 521 2668 quidem
543 2609 649 2667 magna,
671 2609 739 2667 quae
759 2610 832 2650 nunc
851 2594 973 2651 breuiter
992 2594 1073 2650 attin·

111 2684 225 2749 guntur,
240 2676 288 2733 sed
304 2679 432 2742 omnium,
453 2679 562 2752 quaein
578 2678 716 2733 bominum
731 2676 873 2734 doctorum
890 2678 1074 2751 disputatione

111 2770 264 2828 uersentur,
280 2761 345 2818 nihil
361 2771 404 2818 est
418 2761 542 2836 prolecto
558 2759 744 2833 praestabilius
757 2777 837 2833 quam
849 2762 928 2835 plane
939 2761 1071 2835 intellegi,

110 2860 160 2900 nos
173 2846 205 2901 ad
219 2846 351 2902 iustitiam
367 2861 427 2900 esse
442 2853 520 2899 natos
535 2859 623 2914 neque
639 2844 781 2916 opinione,
802 2853 845 2900 set
859 2854 956 2900 natura
971 2846 1073 2901 eonsti-

111 2937 198 2984 tutum
215 2945 274 2984 esse
289 2930 341 2983 ius.
371 2928 398 2983 ld
413 2929 462 2982 lam
479 2924 594 2999 patebit,
615 2927 638 2980 sl
660 2927 798 2982 hominum
813 2929 883 2982 inter
897 2929 972 3000 ipsos
987 2928 1073 2983 socie·

112 3019 194 3066 tatem
226 3004 521 3082 coniurrctionemlque)
550 3011 728 3082 perspexeris.
772 3007 821 3069 29.
848 3009 915 3066 nihil
937 3017 980 3064 cst
1002 3011 1072 3064 enim

111 3108 194 3149 uuum
210 3095 324 3148 unitam
341 3092 437 3161 simile,
453 3100 506 3146 tam
519 3107 576 3165 par,
592 3108 671 3165 quam
687 3109 780 3149 ornnes
795 3096 866 3148 inter
877 3100 983 3147 nosmet
997 3094 1072 3164 ipsos

111 3192 215 3232 sumus.
246 3175 319 3248 quod
341 3177 364 3230 si
384 3173 541 3248 deprauatio
558 3176 794 3246 consuetudinum,
815 3178 838 3231 si
854 3177 1011 3249 opinionum
1027 3191 1072 3230 ua·

112 3262 182 3316 nitas
200 3275 256 3314 non
271 3257 471 3314 inbecillitatem
487 3261 636 3315 animorum
653 3268 795 3333 torqueret
809 3267 836 3315 et
851 3259 989 3328 flecteret,
1005 3275 1073 3332 quo·

111 3357 226 3415 cumque
242 3343 387 3415 coepisset,
402 3343 444 3397 sui
459 3359 537 3398 nemo
552 3345 610 3417 ipse
623 3351 676 3398 tam
687 3342 782 3398 similis
797 3350 870 3397 esset
884 3357 963 3414 quam
979 3358 1072 3397 omnes

111 3433 202 3483 essent
217 3426 344 3481 omnium.
375 3427 466 3499 itaque
481 3442 665 3500 quaecumque
681 3433 723 3481 est
737 3426 852 3480 bominis
868 3423 1001 3496 definitio,
1020 3443 1072 3481 unu

111 3510 139 3565 iu
156 3511 242 3565 omnis
263 3508 345 3565 ualet.
380 3505 433 3566 30.
458 3510 530 3582 quod
555 3510 706 3583 argumenti
720 3510 786 3564 satis
806 3516 859 3578 est,
880 3508 980 3564 nullam
995 3509 1073 3565 dissi·

111 3592 291 3649 militudinem
307 3595 409 3649 esseio
426 3609 543 3666 genere3
568 3608 636 3665 quae
651 3593 674 3647 si
689 3600 771 3661 esset,
788 3607 844 3647 non
859 3608 909 3647 una
926 3595 1012 3648 omnis
1028 3593 1074 3650 de·

112 3676 196 3732 tinitio
219 3678 384 3743 contineret;
408 3678 505 3731 etenim
528 3679 614 3744 ratio,
637 3691 689 3748 qua
712 3691 763 3729 una
786 3683 953 3747 praestamus
975 3676 1072 3748 beluis,

111 3777 160 3835 per
180 3776 259 3834 quam
281 3761 435 3817 coniectura
451 3760 583 3830 ualemus,
597 3765 829 3831 argumentamur,
845 3758 1003 3834 refellimus,
1019 3761 1072 3816 dis-

184 3939 204 4008 ¹)
221 3941 312 3992 libitas
327 3941 445 4005 inprimis,
460 3945 488 3988 ut
501 3934 518 4002 p
529 3953 611 4002 supra
625 3940 720 3988 lineam
733 3941 859 4004 scriptum
873 3943 1020 3993 ceciderit?
