2378 4386
699 125 719 132 ,,
737 123 743 126 .

418 545 480 583 otu
499 546 604 586 incorr.
622 527 671 583 ΙΙΙ.
689 534 798 588 te-tu.
1027 531 1091 599 295

124 698 270 764 patronum
286 688 422 746 naturales
437 687 525 762 liberi,
541 706 596 746 non
611 688 701 746 solum
718 705 787 763 quos
799 691 826 746 iu
842 697 978 764 potestate
994 692 1090 747 mortis

125 785 247 849 tempore
262 773 352 847 habet,
374 784 417 830 set
432 776 512 830 etiam
528 776 686 848 emancipati
702 783 730 830 et
745 776 772 830 iu
788 774 961 848 adoptionem
977 773 1049 847 dati,
1065 780 1092 833 si

125 858 206 915 modo
221 859 311 932 aliqua
326 875 358 915 ex
373 867 449 932 parte
465 858 578 914 heredes
593 861 688 933 scripti
704 863 771 930 sint,
788 868 839 916 aut
852 863 1010 931 praeteriti
1019 877 1089 917 con·

77 954 112 1008 :ist
127 953 166 999 tra
193 942 298 1000 tabulas
326 945 480 1000 testamenti
500 941 633 999 honorum
655 946 856 1017 possessionem
877 961 910 1000 er
931 943 1019 1002 edicto
1042 960 1089 1018 pe·

125 1021 252 1085 tierint:¹
282 1045 343 1084 nam
371 1027 528 1083 exheredati
555 1027 631 1083 nullo
661 1028 741 1084 modo
767 1029 902 1102 repellunt
931 1040 1086 1102 patronum.

123 1109 173 1170 tu.
197 1112 295 1168 Postea
318 1112 380 1187 lege
395 1111 474 1185 Papia
497 1120 574 1167 aucta
597 1119 661 1167 sunt
684 1112 743 1166 iura
757 1121 945 1185 patronorum,
967 1113 1088 1188 quodad

124 1196 318 1269 locupletiores
334 1196 448 1253 libertos
463 1197 596 1271 pertinet:
619 1204 729 1252 cautum
752 1204 794 1250 est
817 1199 886 1253 enim
909 1214 939 1252 ea
963 1198 1035 1271 lege,
1058 1207 1089 1255 ut

126 1297 157 1336 en
177 1279 253 1336 honis
275 1283 350 1350 eius,
371 1283 418 1354 qui
438 1281 628 1336 sestertiorum
649 1297 827 1336 nummorum
850 1288 963 1338 centum
983 1283 1088 1338 milium

123 1367 250 1436 plurisue
260 1367 453 1439 patrimonium
466 1365 620 1437 reliquerit,
636 1373 663 1419 et
675 1365 816 1437 pauciores
829 1382 908 1437 quam
922 1374 977 1421 tres
990 1364 1090 1422 liberos

126 1448 251 1520 habebit,
274 1451 334 1504 sine
350 1449 373 1503 is
390 1457 553 1504 testamento
569 1447 641 1503 iacto
657 1451 716 1502 siue
738 1449 867 1503 intestato
887 1450 1090 1521 montensem,

126 1534 210 1589 uirilis
229 1549 289 1606 pars
306 1540 421 1605 patrono
437 1531 581 1598 delicatum
596 1533 687 1604 itaque
702 1548 763 1586 oum
778 1547 858 1587 unuin
875 1530 958 1587 filium
976 1549 1090 1591 unamue

124 1616 208 1673 liliam
222 1616 349 1671 heredem
356 1616 498 1688 reliquerit
509 1615 631 1685 libertus,
644 1608 780 1688 'perinde²
790 1632 852 1688 pars
860 1616 968 1673 dimidia
974 1624 1089 1691 patrono

123 1702 257 1770 debetur,
280 1715 310 1755 ao
331 1701 355 1755 si
377 1701 435 1755 sine
459 1698 515 1755 ullo
538 1698 593 1756 titio
611 1698 700 1756 filiano
722 1692 895 1775 ⁸(tertatus)³
919 1710 1088 1777 moreretur3

98 1825 103 1835 ·
122 1801 185 1843 cum
203 1800 272 1841 uero
288 1783 360 1841 duos
375 1782 476 1840 duasue
491 1784 604 1840 heredes
620 1785 773 1858 reliquerit,
790 1788 869 1841 tertia
887 1785 1089 1859 persianum,

124 1872 147 1926 si
163 1878 219 1926 tres
236 1868 384 1941 relinquat,
401 1868 544 1942 repellitur
563 1878 705 1943 petronus.
742 1866 793 1927 48.
815 1870 844 1926 ln
859 1869 938 1926 bonis
954 1868 1089 1927 libertina·

125 1972 184 2010 rum
211 1953 313 2010 nullam
335 1954 458 2009 iniuriam
478 1956 589 2027 antiquo
609 1956 668 2010 iure
694 1953 865 2027 patiebantur
885 1956 1005 2028 patroni:
1029 1972 1089 2012 oum

127 2040 196 2094 enim
220 2040 270 2093 hae
293 2039 319 2093 in
342 2047 521 2111 patronorum
544 2038 664 2112 legitime
688 2040 772 2096 tutela
796 2049 903 2110 essent,
931 2057 987 2096 non
1011 2038 1090 2098 aliter

125 2121 228 2179 scilicet
252 2132 442 2178 testamentum
465 2123 554 2181 iacere
572 2131 698 2196 poterunt
721 2141 800 2199 quam
823 2135 938 2199 petrono
962 2134 1089 2189 auotorm

125 2207 215 2279 itaque
230 2208 288 2263 siue
303 2215 399 2263 auctor
414 2207 447 2263 ad
460 2216 651 2265 testamentum
664 2208 813 2266 iaciendum
826 2208 869 2284 (is)
884 2206 888 2288 l
901 2204 1001 2267 4iactus
1014 2218 1088 2282 erat,
1100 2231 1157 2282 137,

126 2299 177 2347 aut
198 2291 232 2346 de
247 2307 277 2348 se
298 2297 383 2365 queri
401 2294 520 2350 debebat
539 2294 622 2350 iteres
637 2313 655 2350 a
672 2295 776 2351 liberta
792 2312 848 2352 non
864 2300 869 2356 1
887 2295 1014 2367 relictus,
1038 2303 1089 2354 aut
1101 2299 1120 2338 t·
1133 2307 1152 2336 ¹·

124 2379 218 2447 ipsum
234 2391 272 2434 ecc
288 2384 473 2448 testamento,
496 2377 620 2434 sineres
636 2380 672 2435 ab
691 2394 726 2436 aa
747 2382 872 2443 retiletus
894 2389 967 2451 erat,
990 2397 1088 2455 seque·

125 2458 204 2516 betur
225 2456 387 2519 hereditas.⁵
414 2464 437 2517 si
461 2479 527 2518 uero
549 2472 645 2519 auctor
662 2468 666 2527 Ι
683 2466 708 2519 ei
731 2465 817 2520 iactus
840 2481 895 2520 noo
911 2475 980 2535 erat,
1003 2474 1031 2520 et
1047 2467 1088 2520 in·

199 2591 218 2660 ²)
236 2594 293 2644 Non
307 2597 373 2644 satis
386 2603 511 2646 accurate
525 2596 573 2646 hoc
588 2597 748 2654 dictumest,
768 2599 845 2659 culpa
861 2605 957 2654 tamen,
978 2604 1004 2644 ut
1019 2597 1089 2644 vide·

125 2659 359 2729 conquerenti.
392 2665 423 2714 In
442 2669 604 2730 emancipato
623 2681 702 2730 eoque
722 2669 748 2714 in
768 2667 932 2727 adoptionem
951 2667 1026 2722 dato,
1046 2668 1091 2730 qui

124 2751 218 2786 rursus
232 2739 410 2799 emancipatus
424 2745 474 2796 est,
490 2740 648 2802 requiritur,
668 2744 695 2785 ut
710 2744 755 2785 aut
773 2736 849 2785 ireres
867 2739 982 2799 scriptus
996 2739 1031 2784 sit
1045 2744 1091 2785 aut

121 2810 284 2870 praeteritus
298 2824 319 2857 c.
334 2816 350 2858 t.
365 2807 386 2858 b.
397 2810 586 2871 possessionem
600 2809 747 2871 acceperit,·
766 2808 793 2855 in
808 2822 837 2857 eo
853 2822 926 2865 uero,
942 2809 987 2870 qui
1001 2809 1028 2854 in
1043 2807 1090 2856 ad-

125 2879 229 2941 optione
242 2881 364 2928 extranei
378 2887 428 2937 est,
450 2887 478 2928 ut
490 2896 507 2928 a
524 2882 641 2928 naturali
655 2887 735 2943 patre
754 2878 829 2927 iteres
847 2881 967 2942 scriptus.
980 2879 1028 2936 sit,
1047 2880 1091 2928 cui

125 2956 150 2998 et
173 2950 225 3012 ipsi
248 2951 380 3000 commisso
401 2965 452 3012 per
475 2952 554 2998 alium
577 2951 662 2999 edicto
688 2966 708 3000 c.
728 2956 744 2999 t.
764 2948 785 2999 b.
807 2951 938 3013 possessio
962 2951 1089 3014 competit.

126 3019 248 3070 Fortasse
267 3028 349 3070 tomen
370 3023 420 3069 iam
439 3029 499 3069 ante
518 3021 691 3070 lusciniarum
706 3028 767 3084 post
787 3029 827 3069 sut
845 3022 983 3071 exciderat
1006 3035 1090 3073 rursus

125 3092 267 3154 emancipati
287 3100 317 3142 et.
406 3087 428 3156 ¹)
446 3090 492 3141 Sic
508 3091 592 3140 Instit.
612 3093 711 3155 proinde
729 3090 819 3156 Suppl.
834 3091 873 3142 St.
887 3110 914 3156 p.
932 3092 1040 3144 XXXI.
1056 3109 1090 3143 ear

124 3169 184 3212 nota
200 3162 353 3225 confusione
367 3170 487 3211 notorum
503 3165 528 3211 in
543 3163 592 3212 itae
610 3178 678 3213 noce.
703 3162 762 3226 Ipse
772 3166 921 3228 promiscue
932 3166 1019 3228 posui,
1035 3181 1091 3215 curn

125 3233 155 3282 de
174 3233 282 3282 diuersa
301 3235 493 3298 sipniflcatione
513 3234 624 3283 nondum
644 3241 747 3285 constet.
821 3232 842 3301 ⁸)
858 3235 959 3284 Addidi
979 3238 1037 3284 item
1056 3250 1091 3284 ea

125 3302 198 3353 bonis
214 3303 277 3355 Cdd.
293 3304 356 3356 Inst.
370 3312 395 3354 et
413 3303 565 3368 ilieapltito,
583 3321 727 3370 quanquam
742 3307 766 3355 is
780 3313 898 3356 testatum
913 3313 1091 3356 commemorat

124 3374 175 3423 iarn
189 3376 354 3424 antecedenti
367 3377 509 3425 enuntiato.
582 3373 603 3437 ⁴)
619 3375 753 3440 Reliquam
764 3385 866 3440 partem
880 3378 958 3425 huius
973 3379 1000 3438 §i
1014 3378 1090 3426 initio

125 3461 193 3496 nunc
207 3448 315 3495 reiectis
333 3448 379 3503 iis,
400 3463 465 3510 quae
484 3449 510 3495 in
530 3446 587 3497 edd.
602 3459 621 3497 1.
635 3460 654 3498 u.
669 3448 705 3496 ad
722 3447 810 3497 ltiatus
826 3448 969 3511 capiendos
983 3449 1090 3511 excopi-

124 3523 252 3573 taoeram,
272 3532 307 3565 ecc
330 3513 375 3565 V¹²
392 3533 408 3565 o
429 3517 552 3582 Kriipero
571 3517 641 3581 (ierit.
667 3518 799 3568 Versuclte
814 3536 841 3582 p.
857 3518 907 3582 1³1)
929 3520 1026 3575 relata,
1045 3517 1093 3566 sed

125 3586 180 3650 ipso
210 3585 255 3635 W
278 3590 382 3652 coquito
405 3591 481 3638 etiarn
507 3590 613 3638 reiectis
632 3591 767 3654 plerisque
794 3591 977 3653 supplementis
998 3588 1092 3636 lienis

124 3659 214 3721 refeci.
247 3658 286 3707 De
306 3658 402 3722 querele
421 3660 516 3722 petroni
535 3660 569 3722 cf.
590 3671 615 3723 s,
633 3672 667 3711 uo.
734 3657 756 3724 ⁶)
773 3660 939 3710 correctione
958 3672 1023 3720 opus
1039 3671 1091 3706 non

124 3736 169 3778 est.
201 3728 240 3790 Cf.
256 3729 286 3779 L.
301 3741 321 3779 8.
342 3731 364 3792 ξ.
381 3741 400 3781 5.
422 3729 611 3795 D.mand.(1't‚
627 3728 649 3794 1)
671 3730 727 3780 Gai.
741 3743 762 3793 t,
778 3744 811 3782 tt.

196 3834 222 3903 ᾗ.
242 3838 284 3885 42.
356 3838 379 3897 ξ.
397 3848 417 3886 2.
443 3835 538 3886 Leod.
566 3836 604 3899 Cf.
624 3837 657 3884 L.
677 3848 709 3887 to.
729 3835 759 3885 1).
774 3835 805 3883 de
825 3837 882 3882 iure
898 3839 968 3894 patr.
983 3830 1033 3892 (st,
1048 3827 1092 3893 tt).

126 3899 149 3971 Β.
164 3908 206 3956 to.
229 3905 266 3969 Cs.
286 3905 342 3969 Uip.
357 3918 396 3968 us,
410 3917 431 3955 e.
453 3906 496 3956 Pr,
511 3906 542 3954 de
558 3907 573 3955 i.
584 3907 646 3968 fisci
658 3909 681 3967 5.
698 3917 731 3955 tu.
750 3920 833 3967 supra
847 3916 868 3961 1,
884 3912 930 3950 1⁹2.
