2378 4386
258 560 580 598 rer.cv1rsn.1vnncous.
597 559 783 596 concremaro.
800 542 819 594 l.
835 547 915 596 t-o.
997 541 1059 607 839

110 692 287 766 proposuisti,
303 686 406 764 capite¹
423 691 501 746 inulti
524 691 610 762 pactio
633 696 662 746 et
681 698 753 745 metu
775 689 859 745 coacti
875 689 941 762 ipsis
956 686 1062 760 legibus

62 776 144 836 sorde
166 777 251 849 pactis
273 773 447 830 clamantibus
464 775 629 846 apertissime
650 771 813 829 infirmatur:
836 787 896 828 uam
919 770 1062 826 manifeste

110 860 288 917 constitutum
304 867 355 928 est,
372 874 405 913 ne
420 858 550 930 quispiam
566 857 663 929 pacisci
679 865 793 929 cogatur
811 857 923 913 inuitus.
952 851 981 913 4.
998 854 1061 911 bein

111 951 199 999 teitus
216 933 627 1012 ’memoratarum21egum’srt
644 941 776 995 eontinet:

153 1042 219 1100 quas
235 1024 319 1081 libero
336 1023 446 1079 arbitrio
462 1032 489 1078 et
506 1021 646 1078 uoluntate
662 1021 792 1079 confecit:

111 1111 171 1183 quis
186 1111 238 1166 erit
253 1117 305 1164 tam
318 1107 465 1163 destitutus
478 1107 605 1178 sapientia
616 1114 643 1161 et
654 1120 755 1162 uacum
767 1105 919 1176 intellectu,
938 1113 969 1162 ut
980 1105 1062 1175 dicat,

110 1193 182 1248 illam
204 1193 353 1266 pactionem
376 1190 474 1246 iortem
496 1198 524 1245 et
544 1187 645 1244 firmam
666 1204 726 1244 esse
741 1187 848 1253 debere,
871 1203 950 1261 quam
967 1189 1063 1244 mulier

112 1285 184 1332 metu
200 1285 293 1332 coacta
313 1274 400 1329 mariti
421 1272 582 1344 subscripsit
602 1273 731 1346 imperio,
753 1288 783 1327 ac
802 1272 825 1326 si
841 1270 950 1326 liberam
965 1271 1063 1327 uolun-

111 1368 195 1415 tatem
226 1367 253 1414 et
281 1356 420 1432 proprium
450 1353 589 1411 arbitrium
626 1371 681 1411 non
712 1354 874 1428 intelligitur
900 1347 1063 1410 babuissei⁴

109 1439 138 1498 b.
160 1446 198 1498 Ac
212 1456 261 1514 per
276 1440 329 1496 boc
343 1440 402 1513 ipso
418 1439 508 1512 legum
525 1441 621 1512 capite,
641 1441 711 1495 sicut
732 1441 879 1511 iam-supra
895 1437 995 1494 dictum
1010 1445 1064 1509 est,

113 1524 166 1580 tale
188 1533 296 1597 pactum
319 1523 417 1579 nuliius
440 1523 572 1578 iudicatur
600 1537 660 1577 esse
682 1524 820 1593 momenti,
843 1530 974 1594 quantum
989 1520 1064 1594 leges

112 1606 207 1663 subter
226 1622 343 1663 annesae
359 1615 501 1662 testantur.
537 1600 565 1661 6.
584 1603 618 1659 Er
634 1621 749 1678 corpore
765 1605 924 1678 Gregoriani
939 1603 985 1660 lib.
996 1599 1064 1660 ΙΙ.;ο

154 1690 220 1764 lmp.
237 1690 355 1746 Seuerus
370 1693 399 1748 A.
415 1690 481 1746 lulio
502 1689 704 1746 Conserturiuo.
735 1687 784 1760 Ea,
808 1704 878 1761 quae
898 1704 947 1762 per
966 1689 1020 1743 uim
1035 1697 1063 1744 et

155 1782 255 1830 metum
271 1783 346 1847 gesta
362 1782 435 1844 sunt,
453 1776 532 1829 etiam
544 1775 610 1829 citra
623 1772 767 1846 principale
779 1772 905 1828 auxillum
916 1774 992 1828 irrita
1004 1787 1065 1827 esse

155 1857 264 1928 debere,
282 1858 333 1913 iam
345 1857 446 1930 pridem
458 1857 636 1912 constitutum
650 1865 701 1911 est.
718 1858 832 1929 Accepta
845 1855 896 1910 bal.
910 1854 959 1911 lui.
968 1854 1065 1911 Dextro

155 1941 186 1998 il.
201 1950 228 1998 et
242 1933 369 1997 Ῥῑὶεοο6
383 1957 453 1997 coss.

197 2020 223 2080 7.
247 2023 312 2080 item
328 2023 378 2080 alia
393 2040 425 2080 ea
442 2038 555 2097 corpore
570 2032 598 2079 et
613 2021 682 2079 libro
697 2021 865 2096 supradicto:

156 2101 241 2182 ⁷imp.
256 2109 408 2165 Antoninus
423 2111 453 2163 A.
470 2106 551 2163 iuliae
567 2106 686 2162 basiliae.
718 2105 806 2176 Pacta,
822 2121 891 2179 quae
906 2102 938 2160 ab
958 2098 1065 2161 inuitis⁸

155 2200 249 2249 contra
272 2192 347 2265 teges
361 2192 626 2264 constitutionesque
648 2190 732 2261 fiunt,
754 2189 855 2245 nnllam
878 2191 932 2246 uim
956 2188 1065 2260 babere,

156 2273 298 2331 indubitati
314 2277 380 2331 iuris
401 2284 451 2331 est.
475 2282 508 2329 et
523 2283 585 2330 cet.
621 2273 670 2331 PP.
681 2274 710 2330 V.
726 2272 777 2330 kal.
795 2275 864 2346 Aug.
881 2275 1017 2329 Antonino
1034 2274 1066 2328 A.

156 2351 226 2414 ’th
242 2366 268 2412 et
284 2356 380 2413 Albino
395 2373 466 2419 coss.

198 2439 228 2498 8.
246 2434 342 2512 ¹⁰imp.
359 2439 509 2496 Alexander
524 2441 554 2494 A.
571 2441 708 2513 Dionysio.
737 2439 781 2494 Ad
803 2440 928 2496 locum:
946 2440 1065 2511 Pactum,

156 2523 231 2598 quod
246 2521 313 2578 mala
329 2521 381 2579 lide
396 2524 496 2580 lactum
511 2531 562 2594 est,
575 2525 680 2579 irritum
696 2539 766 2594 esse,
783 2532 816 2578 et
831 2531 953 2580 cetera.
976 2522 1066 2581 unii.

157 2607 194 2664 id.
210 2606 286 2680 Sept.
302 2605 453 2663 Alexandro
469 2610 537 2681 Aug.
554 2623 628 2666 cons.

117 2741 121 2747 .
199 2686 229 2747 9.
252 2690 318 2746 item
333 2690 385 2745 alia
400 2690 461 2746 eod.
479 2690 547 2746 libro
563 2699 590 2746 et
604 2706 733 2763 corpore:

158 2775 242 2848 lmpp.
260 2772 437 2830 Diocletianus
451 2782 480 2830 et
495 2773 667 2830 liaximianus
679 2775 732 2827 ΛΑ.
750 2771 861 2828 Aurelio
877 2770 1017 2828 lleraclidi.
1039 2771 1066 2829 Si

158 2873 213 2914 non
228 2873 261 2913 ex
276 2856 400 2912 mandato
416 2859 507 2913 uxoris
527 2866 590 2914 tuae
610 2856 764 2913 aduersario
785 2857 843 2911 eius
858 2856 1008 2912 cautionem
1025 2872 1067 2913 re·

159 2942 271 3013 misisti,
299 2939 379 3012 idque
406 2939 576 2997 euidentibus
604 2939 775 2997 documentis
798 2939 941 2995 monstrari
964 2948 1067 3013 potest,

157 3024 231 3098 quod
246 3026 311 3080 citra
324 3025 513 3080 conscientiam
533 3025 625 3080 uxoris
641 3032 703 3080 tuae
718 3032 745 3079 et
756 3038 788 3078 ea
804 3024 886 3078 inuita
898 3021 999 3080 laetum
1015 3030 1068 3096 est,

190 3252 209 3321 ¹)
224 3255 248 3303 t.
263 3270 284 3304 e.
299 3270 334 3304 ecc
344 3257 431 3318 prima
446 3270 534 3312 cauea,
545 3255 665 3318 primum.
717 3248 738 3317 ²)
754 3252 809 3301 lum
823 3252 851 3300 in
865 3252 923 3314 ipsa
938 3254 1068 3302 concutiu-

115 3328 184 3375 tione
189 3342 199 3380 ,·
213 3341 271 3374 nom
285 3326 454 3375 aduersarius
466 3325 534 3374 banc
548 3325 753 3374 constitutionem
767 3321 809 3387 (L.
820 3333 841 3374 t.
860 3320 904 3371 To.
917 3321 942 3371 0.
953 3323 985 3372 de
995 3330 1067 3387 pact.

115 3403 141 3444 et
153 3402 278 3444 truncaret.
293 3406 314 3452 ι,
329 3393 361 3459 o.)
376 3395 478 3444 uidetur
492 3410 544 3458 pro
558 3410 586 3444 ae
598 3395 747 3459 ndiepueset
766 3394 800 3455 cs.
816 3408 838 3442 c.
853 3405 864 3443 ι
877 3393 922 3454 tin.
996 3389 1018 3458 ⁸)
1033 3394 1068 3444 sic

116 3465 184 3522 edd„
198 3472 225 3513 ut
239 3480 300 3515 voce
315 3465 372 3522 Quis
386 3479 451 3515 noun
463 3466 590 3527 periodus
599 3466 716 3528 incipiat.
764 3461 784 3528 ⁴)
800 3463 867 3511 Edu.
876 3464 978 3528 siparum
988 3466 1068 3513 inter·

117 3549 173 3597 rop.
189 3542 249 3595 poet
263 3536 376 3597 imperio,
390 3534 433 3584 die
446 3537 582 3584 semicolon
600 3541 705 3595 ponunt.
780 3530 800 3596 ⁶)
816 3533 848 3581 h.
863 3546 883 3583 1.
903 3533 961 3582 Lib.
976 3533 1014 3583 11.
1029 3536 1067 3586 tit.

115 3604 148 3652 de
162 3603 203 3651 ltin
218 3619 283 3666 quae
297 3606 323 3652 υἱ
336 3611 383 3654 etc.
399 3606 425 3651 in
441 3603 563 3652 Haeneb'i
579 3602 655 3666 Grep.
672 3603 697 3654 C.
714 3617 741 3664 p.
756 3614 776 3652 9.
806 3601 853 3650 Est
871 3605 935 3652 anni
949 3616 995 3655 lto.

118 3670 140 3738 α)
154 3671 264 3736 Crispino
278 3674 336 3722 edd.
342 3691 352 3728 ,·
365 3674 416 3723 oid.
432 3672 540 3722 Huenei.
593 3668 614 3737 ⁷)
628 3672 660 3720 h.
675 3682 695 3721 t.
711 3671 744 3720 to.
760 3671 844 3720 Hcen.
859 3693 892 3714 ι-
907 3673 938 3721 h.
954 3685 974 3724 o.
996 3673 1022 3723 0.
1036 3674 1069 3722 de

113 3752 185 3807 pact.
199 3743 231 3806 (ι,
245 3742 277 3807 t).
291 3758 316 3792 n.
331 3754 379 3794 itt.
456 3740 478 3806 ⁸)
494 3742 748 3791 Excidieeetu'detur
762 3743 855 3790 autuel
869 3742 914 3790 uel.
987 3740 1069 3807 ⁹)la'oe

115 3813 188 3947 (lunt.)
198 3813 241 3868 0.,·
255 3827 301 3861 om.
319 3813 381 3862 Par.
397 3824 445 3867 an.-
460 3813 496 3861 vt.
513 3812 577 3861 Par.
591 3824 625 3864 ee
679 3808 712 3875 ¹⁰)
728 3810 765 3873 Cf.
781 3807 892 3878 L.s[s].
914 3811 939 3860 c.
954 3812 986 3860 de
996 3819 1069 3875 pact.

128 3892 148 3939 2,
163 3894 176 3933 8
189 3919 195 3930 .
210 3897 234 3930 α.
250 3892 296 3932 126.
