2378 4386
153 573 194 632 92
451 581 560 616 sanvrvs
580 579 713 616 sverrcsvs
728 579 819 615 nvrvs.

153 705 334 780 dempnabat’.
370 706 427 762 llos
447 706 489 760 ius
509 703 708 776 sponsaliorum
733 703 906 759 obseruatum
923 703 986 758 dicit
1001 702 1113 760 Seruius

153 791 184 846 ad
207 790 232 845 id
254 799 374 861 tempus,
398 804 452 862 quo
472 789 567 843 ciuitas
590 788 717 843 uniuerso
733 786 808 843 latio
829 787 891 861 lege
906 786 970 842 iulia
987 786 1045 841 data
1061 798 1111 843 est.

152 872 224 929 Haeo
239 870 331 927 eadem
346 870 470 927 Neratius
485 872 593 944 sorlpsit
609 871 635 925 in
652 869 730 942 libro,
747 887 827 944 quem
842 870 875 926 de
890 871 991 942 nuptiis
1003 886 1112 944 compo-

152 958 215 1011 suit.
235 984 271 996 -
289 953 357 1009 Geli.
373 954 402 1025 4,
417 954 448 1011 4.

421 1120 462 1177 ile
485 1122 598 1176 saeris
621 1119 848 1176 detestandis.

215 1225 244 1286 3.
267 1228 380 1285 Seruius
396 1228 531 1302 Sulpicius
546 1228 758 1299 iureconsultus,
774 1230 816 1283 uir
831 1230 925 1284 aetatis
936 1244 1001 1284 suae
1012 1228 1112 1286 doetis-

151 1313 252 1386 simus,
272 1314 300 1368 in
321 1310 389 1368 libro
412 1313 446 1369 de
469 1315 551 1370 sacris
567 1311 729 1368 detestandis
744 1310 863 1368 seeundo
880 1328 931 1385 qua
947 1315 1052 1368 ratione
1068 1314 1113 1369 ad·

152 1397 250 1454 duetus
273 1395 488 1454 ‘testamentum'
508 1396 621 1452 uerbum
637 1412 696 1451 esse
712 1394 810 1468 duplex
825 1397 980 1469 scripserit,
1001 1413 1055 1452 non
1071 1414 1113 1452 re·

151 1483 237 1554 perio.
275 1480 340 1537 Nam
356 1483 535 1553 compositum
552 1494 611 1535 esse
626 1478 691 1534 dixit
706 1480 832 1534 amentis
847 1482 1054 1536 contestatione.
1072 1510 1111 1520 —

152 1564 221 1621 osii.
238 1566 255 1622 r
272 1560 324 1639 (o),
341 1563 390 1620 12.
407 1564 455 1636 ss.
473 1565 501 1620 1.
516 1563 545 1620 2.

284 1730 586 1804 deprehensorum
609 1728 799 1786 Scaeuolae
820 1732 979 1804 capitum.

215 1837 244 1898 4.
266 1839 406 1894 Praeterea
422 1831 541 1910 de‘peuu
557 1845 608 1893 eto.
625 1864 665 1876 -
681 1837 721 1894 Cl.
738 1855 819 1911 supra
835 1838 863 1894 S.
880 1839 972 1894 Aelius
986 1839 1067 1896 Catus
1085 1840 1112 1895 1.

153 1931 180 1978 et
197 1921 227 1988 0.
246 1921 347 1977 diucius
363 1920 488 1976 Scaevola
505 1920 533 1976 1.

459 2086 502 2142 Ex
523 2087 670 2145 incertis
692 2087 803 2150 libris.
1118 2111 1164 2158 [nr]

214 2193 241 2254 ὗ.
262 2197 291 2252 ln
308 2212 362 2270 quo
379 2191 426 2268 (sc.
443 2195 526 2251 uerbo
541 2194 708 2270 postliminii)
721 2196 832 2252 Seruius
843 2205 945 2260 noster.
961 2208 992 2254 ut
1004 2199 1112 2272 opinor,

152 2279 219 2336 nihil
234 2287 313 2352 putat
329 2295 388 2335 esse
403 2280 561 2350 notandum,
577 2282 628 2337 uisi
645 2279 743 2355 ‘post’,
759 2291 786 2337 et
802 2279 955 2337 ‘liminium’
973 2281 1038 2337 iilud
1050 2300 1113 2356 pro-

152 2362 307 2419 ductionem
324 2379 384 2418 esse
400 2362 475 2419 uerbi
492 2363 561 2435 uult,
578 2373 608 2420 ut
623 2366 650 2421 ln
666 2363 802 2440 ‘finitimo,
822 2365 957 2439 legitimo,
973 2365 1111 2422 aeditimo'

152 2462 207 2501 non
222 2445 284 2519 plus
300 2440 425 2502 'inesset¹
442 2446 570 2520 ‘timum’,
587 2465 665 2521 quam
680 2450 708 2504 in
724 2447 898 2505 ‘meditullio'
915 2448 1055 2512 ‘tullium’.
1071 2480 1113 2491 —-

152 2527 206 2586 Cio.
223 2529 290 2603 lop.
307 2529 336 2591 8.
353 2530 381 2603 S.
398 2530 447 2590 36.

215 2624 244 2689 6.
266 2631 375 2687 ‘Pedem
402 2631 494 2689 struit’
517 2635 544 2689 in
565 2631 618 2692 llil.
640 2630 775 2707 signifieat
789 2633 876 2708 iugis,
898 2641 929 2689 ut
949 2635 986 2690 ait
1001 2633 1112 2691 Seruius

152 2714 297 2788 Sulpicius.
314 2746 354 2757 —
369 2716 442 2774 lest.
459 2735 484 2773 v.
500 2715 597 2773 Pedem
613 2734 639 2790 p.
655 2715 725 2773 210.

214 2811 241 2871 7.
264 2819 299 2870 At
319 2816 378 2875 Ser.
400 2816 534 2889 SulpIeius
561 2820 672 2871 nomine
697 2816 775 2870 etiam
797 2815 972 2888 singulariter
996 2818 1111 2875 formato

153 2898 295 2954 uindiciam
311 2914 372 2953 esse
386 2901 424 2954 ait
438 2892 581 2970 'dietum,²
596 2914 648 2970 qua
663 2897 697 2952 de
712 2912 742 2952 re
757 2901 943 2954 controuersia
959 2911 1011 2973 est,
1023 2900 1056 2957 ab
1068 2917 1111 2974 eo,

153 2980 227 3055 quod
241 2981 403 3036 uindicatur.
435 2975 524 3036 'iude2
540 2989 567 3035 et
583 2982 609 3034 in
624 2979 693 3036 xii:
715 2980 750 3035 ‘si
771 2981 914 3037 uindiciam
930 2983 1022 3038 laisum
1037 2983 1111 3054 tulit,

151 3065 174 3118 si
190 3061 256 3117 uelit
272 3056 320 3132 is‚³
331 3067 382 3133 qui
393 3066 473 3133 uicit,
485 3055 621 3133 praetor³
636 3062 751 3119 arbitros
768 3072 822 3120 tres
838 3065 915 3139 dato;
932 3082 1026 3123 eorum
1041 3065 1111 3120 arbi·

151 3147 205 3201 trio
233 3138 325 3200 ’reus⁴
347 3145 451 3200 fruetus
473 3145 600 3218 duplione
621 3146 746 3203 damnum
771 3148 909 3204 decidito’.
932 3179 970 3189 —
992 3146 1065 3203 test.
1087 3166 1111 3204 v.

152 3227 288 3283 Vindiciae
303 3245 331 3300 p.
348 3227 419 3284 376.

215 3325 243 3386 8.
265 3326 323 3382 Ser.
340 3326 476 3400 Sulpicius
492 3327 576 3384 Rufus
592 3371 746 3393 ........
762 3341 789 3389 et
803 3333 907 3407 Opilius
921 3333 1056 3389 Aurelius
1071 3335 1112 3390 itu

152 3414 318 3467 existiment
334 3411 384 3465 dici
401 3412 541 3469 inferioris
556 3420 771 3488 superiorisque
786 3420 845 3474 loci
857 3419 958 3478 socios,
975 3424 1006 3471 ut
1019 3416 1112 3472 l'ibur-

152 3503 192 3550 tes
209 3510 299 3566 supru
316 3494 434 3551 Remum
459 3499 605 3571 aliosque,
629 3504 678 3573 qui
698 3517 760 3555 eum
776 3500 878 3574 populo
893 3496 999 3554 Tiburti
1013 3504 1112 3558 eoniu-

153 3586 296 3634 ruuerunt
314 3582 344 3634 in
367 3596 438 3651 apro
459 3579 563 3637 Tiburti
583 3583 710 3657 idemque
733 3587 763 3639 iu
775 3585 881 3656 foedus
897 3590 924 3639 et
939 3584 1013 3638 aiios
1027 3601 1111 3656 quos·

225 3734 245 3799 ¹)
259 3739 338 3788 inesse
358 3741 414 3789 edd.
451 3739 472 3806 ⁹)
493 3743 623 3808 Suppleui.
643 3746 699 3796 Alii
718 3749 803 3796 aliter.
835 3743 919 3812 ⁹)Eoe
940 3745 1058 3795 Wetzelli
1077 3751 1112 3810 ej.

152 3806 363 3930 pruzisezml‘pui
381 3809 456 3860 utcu’
472 3814 511 3864 ed.
532 3828 551 3865 1.
567 3827 586 3865 2.
613 3816 651 3879 Cf.
669 3817 726 3866 Gui.
740 3830 762 3882 t,
777 3829 824 3869 tos.
858 3815 880 3882 4)
895 3816 940 3866 Ex
953 3816 1064 3866 Mulieri
1078 3821 1111 3881 qi.
