2378 4386
833 40 836 57 l

349 516 408 553 uun
426 516 516 552 rusrrr.
536 499 569 552 ll.
591 505 737 554 iol-166.
951 500 1017 566 259

64 648 248 722 necessarius,
261 663 315 704 non
330 649 410 703 etiam
424 663 490 703 suus
505 647 583 702 heres
597 649 648 716 sit,
664 656 798 726 tamquam
813 664 919 706 seruus.
954 646 1016 710 161.

64 732 163 799 deteri,
187 733 233 804 qui
250 734 386 787 testatoris
402 732 452 787 iuri
474 729 587 787 subiecti
603 747 658 786 non
672 738 752 801 suut,
769 735 886 788 extranei
901 732 1016 792 heredes

65 813 249 890 appellantur:
261 816 352 888 itaqua
362 815 439 871 liberi
451 831 559 887 quoque
571 816 665 884 nostri,
680 816 764 888 quiin
777 825 912 889 potestate
924 826 1017 874 nostra

65 908 212 970 nonaum,
235 898 348 956 heredes
364 916 378 954 a
396 898 472 955 nohis
490 900 607 956 instituti
624 891 720 954 'sicut¹
737 902 854 955 extranei
872 900 1016 971 uidentur3

66 999 118 1057 qna
144 982 177 1040 de
201 999 282 1040 eausa
302 992 329 1039 et
350 985 396 1056 qui
423 989 541 1039 amatre
567 982 680 1039 heredes
704 983 899 1056 Instituuntur,
922 984 1016 1041 eodem

11 1077 56 1125 1⁸²]
66 1083 179 1124 numero
200 1076 279 1138 sunt,
299 1069 360 1141 quia
380 1067 493 1122 irminae
514 1060 614 1123 liher'os
635 1069 661 1122 in
682 1075 818 1139 potestate
833 1084 887 1123 nou
907 1068 1015 1125 hahent.

66 1153 140 1208 serui
154 1167 275 1225 quoque,
286 1152 332 1224 qui
344 1167 405 1206 cnm
417 1145 545 1207 lihertuic
557 1150 670 1206 heredes
682 1152 797 1206 instituti
809 1159 874 1206 sunt
886 1160 912 1208 et
922 1161 1017 1226 postea

67 1252 82 1291 a
97 1235 204 1291 domiuo
220 1237 386 1299 manumissi,
397 1234 490 1290 eodem
502 1250 614 1290 numero
626 1234 767 1290 hahentur.
797 1231 862 1292 162.
879 1234 1015 1293 Extranets

68 1327 156 1375 autem
172 1317 315 1375 heredibus
326 1317 490 1374 deliberandi
503 1327 624 1390 potestas
636 1318 697 1374 (lata
708 1327 749 1373 est
761 1317 794 1373 de
807 1317 928 1374 adeunda
940 1319 1017 1375 herc·

67 1403 150 1459 ditate
171 1403 214 1458 uel
236 1419 291 1459 non
311 1395 444 1459 adeunda.
496 1397 559 1459 166.
589 1402 642 1457 Sed
661 1404 720 1457 siue
742 1404 781 1471 is,
802 1404 845 1457 cui
867 1403 1016 1459 abstinendi

68 1496 189 1560 potestas
205 1494 258 1558 est,
273 1488 444 1543 inmiscuerit
458 1502 488 1541 se
503 1485 581 1542 hoiris
597 1485 780 1554 hereditariis,
796 1487 854 1541 siue
869 1486 908 1557 is,
924 1487 970 1541 cui
983 1485 1017 1542 de

67 1570 188 1628 adeunda
215 1567 394 1643 (hereditate)
415 1568 561 1625 deliberare
582 1570 657 1637 licet,
685 1568 794 1639 adierit,
820 1577 916 1643 postea
936 1570 1018 1626 reliu-

68 1653 190 1728 quendae
210 1653 366 1710 hereditatis
391 1653 543 1710 facultatem
565 1651 736 1722 nonhabet,
758 1655 852 1708 nisisi
874 1656 961 1711 minor
982 1655 1018 1711 sit

69 1753 199 1794 annorum
214 1755 288 1796 xxv:
310 1754 372 1794 nam
387 1738 467 1793 huius
487 1739 582 1793 aetatis
599 1736 766 1807 hominihus,
787 1739 858 1793 sieut
878 1740 905 1793 in
921 1740 1017 1795 ceteris

69 1819 190 1879 omnibus
206 1824 294 1879 causis
310 1821 447 1894 deceptu,
463 1823 499 1876 ita
515 1823 593 1877 etiarn
609 1823 632 1876 si
648 1830 747 1876 temere
768 1819 923 1876 damnosam
938 1822 1017 1876 here·

69 1905 178 1962 dilatem
197 1907 380 1980 susceperint,
402 1913 511 1978 praetor
531 1907 672 1961 succurrit.
708 1905 765 1959 scio
782 1904 904 1977 quidem,
927 1903 1018 1960 diuum

72 1987 231 2046 Hadrianum
248 1992 327 2046 etiam
342 1991 437 2046 maiori
451 2005 512 2046 xxv
533 2004 664 2044 annorum
687 1989 792 2043 ueniam
813 1988 936 2059 dedisse,
958 2004 1018 2044 cuna

70 2080 132 2145 post
156 2073 251 2129 aditam
277 2072 452 2129 hereditatem
473 2073 575 2146 grande
599 2089 648 2127 aes
674 2071 807 2142 alienum,
834 2071 908 2145 quod
934 2071 1019 2127 aditae

70 2156 225 2212 hereditatis
240 2166 363 2231 tempore
378 2155 487 2226 latebat,
503 2158 679 2231 apparuisset.
700 2148 705 2232 Ι

136 2234 200 2297 164.
221 2239 357 2298 Extraneis
373 2238 516 2297 heredibus
531 2239 601 2296 solet
616 2243 700 2297 cretio
717 2240 782 2310 dari,
800 2239 882 2295 idest
897 2237 956 2295 linis
972 2238 1016 2297 de·
1029 2255 1071 2305 oe.

72 2318 215 2389 liberandi,
230 2333 260 2378 ut
275 2324 343 2380 intra
358 2333 462 2380 certum
480 2332 585 2397 tempus
602 2325 644 2379 uel
660 2323 757 2379 adeant
772 2323 959 2394 hereditatem,
975 2323 1019 2381 uel

71 2405 94 2459 si
111 2420 166 2460 non
181 2404 287 2475 adeant,
301 2410 430 2481 temporis
445 2405 496 2463 line
508 2416 743 2465 summoueantur:
760 2407 820 2462 ideo
833 2417 923 2464 autem
935 2410 1019 2464 cretio

70 2488 205 2562 appellata
220 2498 272 2560 est,
287 2491 349 2564 quia
363 2507 476 2548 cernere
491 2501 533 2547 est
548 2493 623 2565 quasi
639 2491 785 2547 decernere
801 2501 828 2545 et
843 2493 1018 2547 constituere.

71 2566 135 2630 166.
159 2573 223 2630 Cum
243 2589 310 2649 ergo
324 2577 362 2631 lta
376 2577 507 2646 scripturn
528 2578 577 2630 sit:
599 2589 700 2631 uenus
721 2589 826 2630 'erutus
847 2589 942 2641 uero,
966 2573 1022 2628 adi·

71 2673 130 2713 cere
145 2657 285 2716 debemus:
308 2674 507 2723 canarnouvu
529 2674 562 2714 m
581 2673 705 2714 cnurvn
726 2672 837 2712 means
860 2669 1021 2725 proxima,

74 2755 185 2804 uvravs
207 2756 295 2801 seras
317 2757 523 2806 rounrnsovn.
568 2756 685 2805 ovonnr
708 2755 762 2796 rra
784 2752 946 2808 ansverus,
968 2754 1021 2793 ux-

72 2838 171 2884 uauuu
192 2842 281 2886 earo.
326 2822 391 2885 166.
414 2826 446 2882 Et
460 2828 504 2899 qui
521 2825 560 2882 ita
583 2827 661 2881 heres
676 2825 817 2880 institutus
832 2830 886 2888 est,
910 2824 933 2877 si
957 2820 1023 2877 uelit

73 2907 152 2963 heres
166 2925 240 2975 esse,
264 2910 374 2968 dehehit
390 2912 458 2965 intra
473 2910 543 2965 diem
558 2910 685 2964 cretionis
705 2922 829 2973 cernere,
852 2906 878 2960 id
900 2914 941 2962 est
957 2906 1023 2961 haee

74 2991 153 3048 derha
168 2992 270 3052 dicere:
295 3009 379 3058 Qvoo
394 3011 437 3050 ue
458 3008 589 3050 evaurvs
606 3007 722 3050 necrus
740 3005 947 3048 rusruueuro
964 3005 1021 3049 svo

72 3090 218 3134 uenenum
233 3093 405 3147 rusmrmu,
421 3094 484 3133 nan
499 3091 724 3135 nenunrrarenr
743 3090 826 3132 aneo
843 3090 1022 3143 cannosum

144 3243 163 3310 ¹)
181 3245 212 3294 tlt
224 3247 350 3310 ploaaerna
366 3244 514 3293 Mommaem'
527 3246 681 3295 auctoritate
696 3245 780 3294 omisit
793 3243 833 3293 ed.
847 3242 919 3293 stud.

75 3360 282 3369 ..ο-...-

141 3415 167 3487 6.
183 3422 243 3471 161.
259 3441 292 3462 =
306 3422 329 3482 6.
346 3431 366 3470 a.
391 3419 466 3469 deit.
482 3421 524 3469 cit.
539 3416 570 3484 (1,
586 3418 629 3483 19).
656 3419 693 3481 Cf.
714 3419 769 3482 Uip.
783 3429 818 3480 11,
832 3429 865 3470 11.
880 3430 914 3475 11,
929 3429 949 3468 1.
968 3418 1024 3482 quia

73 3487 181 3555 reminas]
198 3491 237 3552 Cf.
252 3503 272 3548 1,
288 3502 333 3541 104.
358 3489 413 3554 Uip.
428 3501 462 3547 11,
477 3501 497 3540 1.
517 3490 579 3538 serui
595 3487 700 3556 quoque]
718 3490 844 3552 (11.1,181
899 3484 1022 3556 §5162

78 3563 131 3612 163.
147 3582 181 3602 =
195 3562 219 3622 ἕ
234 3571 255 3611 5.
276 3560 351 3609 dne
366 3561 468 3625 eih‘Cf.
485 3560 560 3609 Paul.
576 3572 596 3617 1,
610 3555 646 3608 4¹².
662 3562 685 3621 ξ.
702 3572 734 3608 11.
785 3554 811 3626 ᾗ.
828 3561 887 3609 164.
909 3559 947 3621 Os.
967 3557 1021 3619 tltp.

74 3639 153 3692 11,11.
178 3631 265 3680 Varro
279 3632 311 3679 de
326 3631 357 3682 L.
374 3630 405 3679 L.
420 3642 441 3688 1,
455 3642 475 3681 o.
490 3632 514 3692 6.
529 3641 563 3681 18.
587 3629 682 3678 [ridor.
701 3628 772 3692 Orip.
787 3640 808 3684 5,
823 3641 855 3678 11.
876 3629 915 3688 ἐξ.
932 3637 957 3677 15
971 3641 1022 3687 seq.
1081 3691 1085 3697 ‚

74 3695 98 3768 fi·
115 3704 172 3753 too.
194 3701 231 3764 Cf.
247 3703 270 3763 ξ.
287 3711 332 3750 111.
360 3699 414 3764 dep.
430 3703 445 3749 l.
462 3717 483 3750 c.
505 3700 592 3750 Varro
611 3700 642 3748 de
657 3699 688 3747 L.
704 3699 735 3748 L.
750 3711 771 3754 u,
785 3710 805 3748 1.
826 3699 850 3758 ξ.
865 3709 899 3747 81.
920 3696 972 3744 cre.
992 3696 1023 3741 de

75 3780 137 3821 orat.
153 3773 261 3833 1‚re.§.
278 3782 322 3821 ror.
409 3766 434 3837 ξ.
452 3774 510 3822 166.
536 3770 573 3832 Cf.
593 3769 648 3832 etp.
663 3780 697 3825 aa,
712 3780 745 3820 so.
761 3779 794 3818 rc.
810 3778 842 3818 aa.
865 3766 931 3814 Fert.
946 3780 984 3826 ep.
1001 3777 1023 3808 o.

76 3841 148 3892 Creui
158 3858 186 3905 p.
201 3854 234 3892 11.
257 3841 368 3890 Conanti.
383 3853 403 3898 e,
420 3853 451 3892 ie.
471 3843 494 3899 ξ.
505 3852 524 3891 1.
543 3840 562 3888 I.
578 3841 610 3888 cle
623 3840 678 3888 her.
693 3840 760 3903 qual.
776 3837 808 3901 (1,
819 3834 862 3899 ro).

778 3913 832 3972 11*
