2378 4386
442 568 644 617 PRAEFATIO.
981 572 1018 619 1x

64 740 140 803 quae
169 741 208 784 ex
237 719 390 783 librorum
412 720 607 804 argumentis
629 719 894 803 iurisprudeutiae
917 722 1016 786 vindi·

64 803 163 869 canda
192 824 260 867 esse
288 802 492 885 videbantur,
522 804 568 867 ita
589 807 697 868 tamen
720 809 771 881 ut,
798 805 825 868 ai
847 806 1018 889 scriptores

63 889 163 973 magis
194 887 257 952 alia
286 892 390 952 castra
419 892 543 951 secutos
572 908 641 952 esse
673 892 850 969 constaret,
881 890 919 953 de
946 890 1017 973 hoc,

63 972 213 1036 asterisco
235 971 356 1034 nomini
372 991 480 1035 eorum
495 972 652 1054 apposito,
673 973 789 1036 tirones
804 973 1017 1038 admonerem.

62 1054 260 1121 Nec'tamen
282 1055 329 1118 ita
350 1056 428 1118 mihi
451 1055 570 1138 placeo,
593 1059 629 1118 ut
650 1056 700 1119 vel
721 1054 804 1120 hauc
826 1057 928 1139 ipsam
944 1080 1017 1123 nor·

62 1160 145 1204 mam
168 1139 316 1202 omnibus
337 1138 450 1202 harum
472 1160 577 1202 rerum
598 1139 708 1222 peritis
723 1139 891 1222 probatum
913 1141 951 1204 iri
967 1142 1017 1206 vel

62 1223 93 1287 in
126 1222 310 1287 adhibenda
342 1243 380 1285 ea
413 1222 453 1286 ad
475 1221 618 1306 singulos
651 1224 819 1305 scriptores
852 1245 1017 1308 nunquam

62 1327 209 1391 peccasse
237 1306 403 1371 confidam.
447 1304 538 1381 Quod
565 1305 604 1370 ad
632 1310 772 1370 extrema
792 1308 917 1391 imperii
939 1313 1017 1372 tem-

62 1411 138 1473 pora
152 1391 281 1468 attinet,
305 1391 375 1472 ipsa
395 1390 476 1453 ratio
491 1390 640 1467 faciebat,
660 1394 696 1453 ut
710 1395 835 1485 praeter
850 1391 1017 1456 Consulta-

60 1475 191 1556 tionem,
216 1473 508 1537 iurisconsultorum
529 1474 773 1537 occidentalium
787 1475 897 1555 letum,
921 1477 1016 1539 etiam

80 1578 141 1621 uae
165 1578 203 1621 ex
226 1557 463 1621 commentariis
485 1556 679 1620 Graecorum
706 1557 784 1619 iuris
806 1558 1017 1641 interpretum

60 1578 239 1706 inatinieno
271 1641 377 1724 paullo
411 1640 605 1704 anteriorum
642 1660 831 1722 quamquam
862 1642 896 1704 iu
928 1641 1018 1707 libris

18 1781 20 1818 ,
60 1724 138 1791 iaris
167 1725 425 1809 postiustinianei
454 1726 640 1807 supersunt,
663 1724 737 1787 huic
760 1725 884 1807 corpori
906 1726 1017 1791 adiun-

18 1819 20 1844 ³
59 1829 178 1894 geram.
223 1808 291 1873 Nec
318 1807 523 1871 iniucundum
559 1808 610 1871 vel
645 1808 875 1871 infructuosum
911 1810 1017 1875 adole·

15 1871 19 1988 l
59 1892 223 1959 mentibus
245 1892 312 1954 tore
335 1913 436 1975 spero,
460 1892 514 1975 qui
529 1891 643 1975 amplis
658 1891 866 1957 Basilicarum
882 1894 1016 1958 volumi·

59 1977 155 2042 nibus
177 1975 328 2040 deterreri
352 1974 465 2059 solent,
494 1976 521 2039 si
542 1975 602 2040 hac
624 1977 713 2059 quasi
735 1977 929 2059 promulside
950 2000 1016 2043 mo·

56 2062 284 2126 numentorum
306 2060 383 2122 iuris
400 2059 675 2124 Graeco-Romani
696 2060 800 2124 studio
820 2062 1014 2126 imbuantur.

56 2142 85 2210 Ε
120 2143 246 2208 diverso
280 2144 376 2207 etiarn
408 2148 494 2208 reete
529 2147 623 2226 atque
656 2144 766 2207 ordine
797 2144 909 2209 fecisse
936 2146 1015 2209 mihi

55 2228 183 2305 videor,
213 2226 295 2309 quod
324 2227 567 2311 visigothorum
593 2225 896 2310 Interpretationem
924 2230 1015 2292 omisi

56 2316 90 2379 et
117 2332 160 2376 ne
182 2309 285 2374 Paulli
314 2312 440 2393 quidem
462 2310 636 2375 Sententiis
665 2310 793 2375 subieci.
838 2311 1015 2375 Nemeum

54 2396 195 2461 dicimus
228 2395 277 2457 ius
311 2394 608 2475 anteiustinianum,
646 2395 743 2457 etiam
775 2393 1016 2478 visigothorum

53 2477 341 2561 iurisprndentiam
364 2476 527 2541 excludere
548 2477 700 2558 videmur,
723 2478 868 2560 aquibus
883 2480 917 2543 in
933 2480 1016 2543 ocei-

53 2562 157 2629 deute
179 2583 245 2628 non
268 2561 372 2623 minus
394 2581 489 2644 quam
512 2559 722 2623 alustiniano
745 2562 778 2624 in
794 2562 917 2626 oriente
931 2584 1017 2626 nova

53 2648 138 2713 iuris
161 2649 194 2709 et
216 2645 356 2708 civitatis
378 2643 517 2707 conditio
539 2643 670 2724 incepit.
714 2643 765 2706 Ex
787 2642 868 2707 Gaio
890 2650 1014 2709 tantum

52 2734 90 2797 in
113 2750 231 2794 novam
253 2728 389 2791 formam
417 2728 517 2791 abiis
540 2725 668 2790 redacto
691 2724 845 2809 quaedam
867 2727 1016 2808 genuinis

52 2816 125 2881 eius
141 2811 400 2876 Institutionibus
415 2812 448 2875 in
461 2812 547 2875 notis
559 2809 688 2890 subieci,
704 2809 883 2893 spectantia
894 2810 1017 2875 scilicet

51 2898 96 2965 ad
121 2916 176 2960 eos
199 2896 293 2978 locos,
317 2896 427 2978 quiin
450 2895 556 2960 codice
578 2893 757 2958 Veronensi
779 2893 951 2977 perierunt.

144 2978 230 3055 Quae
245 2980 418 3062 receperim
434 2979 483 3042 rel
498 2999 566 3043 non
580 2979 763 3061 receperim,
786 2979 926 3062 exposui.
961 2979 1016 3044 Al-

50 3071 162 3133 terum
190 3068 272 3142 erat,
302 3067 337 3127 ut
358 3067 485 3146 recepta
507 3061 769 3146 quemadmodum
792 3062 1015 3147 ordinaverim,

51 3150 205 3216 dicerem.
245 3146 306 3211 Sed
328 3148 481 3230 temporis
503 3144 646 3210 ordiuem
661 3144 855 3229 sequendum
871 3167 948 3228 esse,
971 3148 1016 3212 ita

50 3255 105 3300 res
129 3233 201 3314 ipsa
223 3230 348 3312 elamat,
371 3235 408 3294 ut
430 3231 496 3295 eius
518 3230 676 3294 rationem
697 3230 828 3294 reddere
842 3230 1015 3314 insipidum

49 3318 148 3385 foret.
178 3312 352 3379 Difficilius
365 3317 443 3396 erat,
454 3313 644 3398 quibusdam
655 3313 862 3397 scriptoribus
876 3318 1015 3379 ceterum

49 3399 198 3489 ignotis,
227 3398 277 3462 vel
304 3399 448 3482 scriptis,
476 3419 610 3481 quorum
636 3400 782 3463 auctores
811 3398 1014 3482 ignorantur,

50 3507 112 3552 sua
141 3488 288 3565 tempora
314 3484 487 3566 assignare.
531 3480 708 3564 Scriptores
730 3480 778 3544 illi
800 3501 911 3547 omnes
933 3482 1015 3547 anti·

49 3567 177 3657 quioris
209 3565 279 3629 aevi
310 3570 403 3646 sunt;
440 3566 473 3629 in
506 3563 556 3628 his
588 3564 806 3648 ignorantiam
837 3565 1013 3650 confessus,

49 3658 164 3720 tamen
192 3648 416 3733 probabilitate
444 3648 579 3732 quadam
606 3668 681 3712 usus
703 3668 787 3729 sum,
816 3649 954 3714 maxime
976 3670 1015 3714 ex

48 3758 161 3805 rerum
195 3735 404 3797 tractatarum
436 3731 544 3796 indole
576 3731 775 3816 argumentis
808 3729 920 3795 ductis.
974 3731 1014 3795 ln

49 3819 183 3906 scriptis
206 3837 280 3881 vero
303 3837 377 3899 prae
400 3816 513 3880 ceteris
535 3835 663 3898 operam
686 3813 770 3895 dedi,
791 3817 829 3876 ut
843 3819 1014 3888 auctorem,
