2378 4386
164 612 206 672 34
431 609 432 613 ’
503 621 531 656 nr.
550 619 661 656 rmrvs
679 619 779 657 crosno.

162 755 219 804 est:
235 749 319 818 igitur
335 747 421 800 omnis
437 744 565 799 honestas
580 743 675 799 eodem
691 742 782 799 modo.
808 741 1124 801 intumuimus

61 827 65 835 '
162 829 238 898 laisa,
255 838 285 884 ut
300 829 496 899 consequentia
508 834 534 881 et
550 828 685 882 contraria
699 841 747 881 sua
762 834 870 899 sponte,
885 842 940 881 non
955 826 1040 882 aliens
1054 827 1124 883 iudi-

162 920 266 977 cantur,
290 913 329 967 sic
350 918 476 966 constans
499 916 527 964 et
546 916 677 981 perpetua
693 910 762 964 ratio
778 911 859 979 uitae,
883 924 951 981 qnae
965 911 1053 966 uirtus
1069 919 1123 980 est,

161 997 280 1067 itemque
291 994 480 1065 inconstantia,
497 991 569 1065 quod
581 1000 625 1047 est
640 994 746 1061 uitium,
762 1008 810 1048 sua
821 1000 917 1048 natura
927 1009 962 1049 *s
972 987 1122 1066 probauit,¹

162 1094 212 1135 nos
229 1077 337 1150 ingenia
352 1079 480 1132 iuuenum
495 1091 551 1131 non
565 1076 646 1130 item?
675 1070 725 1133 46.
746 1091 778 1130 nn
794 1077 900 1149 ingenio
914 1085 1018 1147 natura,
1034 1078 1122 1133 uirtu-

162 1170 203 1217 tes
226 1169 253 1216 et
275 1163 347 1222 uitia,
371 1176 439 1233 quae
461 1160 582 1237 eristunt
603 1157 635 1213 ab
657 1159 791 1231 ingeniis,
813 1159 893 1214 aliter
914 1159 1122 1217 iudicabuntur?

161 1237 251 1318 ntlsil²
266 1260 296 1299 ea
311 1260 365 1300 non
381 1233 472 1308 aliter,
497 1243 755 1314 honestaetnmpia
770 1258 826 1297 non
841 1241 874 1297 nd
889 1251 1009 1300 naturam
1025 1245 1121 1301 relerri

162 1343 273 1383 necesse
294 1327 363 1382 erit?
387 1326 459 1399 quod
481 1324 615 1382 laudabile
636 1325 737 1382 bonnm
759 1332 814 1397 est,
836 1327 864 1382 iu
885 1342 915 1382 se
937 1327 1033 1383 habeat
1048 1327 1121 1401 quod

163 1412 288 1468 laudetur
303 1427 414 1467 necesse
429 1417 485 1477 est;
507 1410 594 1484 ipsum
610 1411 680 1464 enim
696 1408 794 1465 bonnm
811 1425 866 1465 non
882 1418 924 1465 est
938 1411 1121 1483 opinionibus,

161 1495 209 1552 scd
229 1505 332 1552 natura.
361 1510 432 1564 nam,
454 1495 480 1549 ni
502 1493 537 1547 ita
553 1500 635 1563 osset,
659 1492 730 1549 beati
752 1509 861 1566 quoque
877 1495 1004 1566 opinione
1020 1503 1122 1565 essent,

162 1597 216 1653 quo
233 1579 296 1653 quid
312 1579 364 1633 dici
379 1583 470 1650 potest
485 1576 616 1632 stultius?
640 1593 691 1650 qun
711 1592 741 1632 re
756 1592 838 1650 quom
858 1583 886 1633 et
908 1577 1009 1634 bonum
1024 1586 1052 1633 et
1066 1594 1120 1633 ma·

161 1662 217 1718 lum
232 1671 328 1717 natura
342 1660 476 1716 iudicetur
491 1668 518 1716 et
533 1676 562 1715 ea
575 1662 629 1716 sint
640 1661 771 1734 prindpia
782 1668 905 1732 naturae,
921 1669 995 1718 certe
1007 1661 1121 1718 honesta

162 1761 271 1819 quoque
292 1753 320 1800 et
338 1745 429 1816 turpia
451 1743 529 1800 simili
551 1745 656 1799 ratione
672 1743 810 1800 iudicanda
825 1752 853 1801 et
867 1744 900 1800 ad
915 1753 1036 1801 naturam
1051 1745 1122 1801 rele-

161 1828 245 1885 renda
259 1837 332 1885 sunt.
362 1824 408 1884 47.
430 1826 481 1884 Sed
497 1827 637 1901 perturbat
652 1842 702 1883 nos
723 1829 881 1900 opinionum
901 1831 1018 1884 uarietas
1037 1829 1121 1885 bomi-

162 1929 281 1986 numque
296 1912 440 1981 dissensio,
456 1919 483 1967 et
498 1912 560 1983 quia
575 1909 715 1966 nunidem
730 1913 864 1984 contingit
879 1912 906 1967 in
921 1911 1055 1983 sensibus,
1071 1912 1127 1969 bos,

162 2005 257 2052 natura
272 2003 361 2051 certos
377 2002 513 2067 putamus,
529 1993 583 2064 illa,
599 2009 668 2066 quae
678 1993 736 2049 aliis
751 1994 802 2064 sic,
816 1993 875 2049 aliis
885 2010 964 2051 secus
976 2011 1026 2051 nec
1037 1993 1121 2049 isdem

162 2095 337 2152 semper-§uno
353 2078 434 2134 niodo
451 2078 588 2149 uidentur,
604 2075 665 2132 licta
680 2093 741 2131 esse
755 2075 881 2132 dicimus:
899 2077 971 2151 quod
987 2084 1029 2134 est
1039 2077 1122 2150 longe

162 2164 248 2220 aliter.
279 2178 339 2219 nam
361 2179 457 2218 sensus
480 2169 588 2216 nostros
604 2176 658 2215 non
674 2176 782 2233 parcns,
804 2176 859 2216 non
874 2163 975 2232 nutrix,
997 2177 1051 2216 non
1066 2176 1121 2216 ma·

163 2249 258 2322 gister,
275 2264 329 2303 non
345 2251 435 2320 podia,
457 2261 511 2301 non
531 2261 609 2300 scens
624 2243 767 2316 deprauat,
789 2260 843 2299 non
862 2243 1042 2300 multitudinis
1057 2259 1122 2300 con·

163 2348 258 2387 sensus
279 2330 399 2386 abducit:
421 2337 448 2384 at
468 2321 550 2384 uero³
570 2330 664 2384 animis
680 2343 773 2383 omncs
788 2326 938 2384 tenduntnr
951 2327 1063 2384 insidiae
1078 2327 1122 2383 uel

163 2413 195 2470 ab
210 2415 254 2484 iis,
270 2429 338 2487 quos
353 2412 434 2468 modo
450 2414 613 2482 enumeraui,
631 2413 676 2486 qui
691 2420 802 2469 tcneros
817 2420 846 2468 et
860 2412 939 2468 rudes
954 2427 1037 2485 quom
1049 2427 1122 2467 acce·

162 2505 271 2570 perani,
287 2495 409 2553 inficiunt
424 2505 452 2552 et
467 2497 590 2568 flectunt,
607 2503 637 2552 ut
652 2495 759 2566 uolunt,
777 2495 819 2552 uel
836 2496 867 2553 ab
879 2514 920 2569 ea,
936 2513 1005 2569 quae
1015 2497 1122 2569 penitus

162 2583 190 2636 in
206 2583 278 2637 omni
294 2597 375 2637 sensu
391 2580 513 2654 inplicata
530 2581 638 2652 insidet,
653 2581 781 2636 imitatrix
795 2578 870 2651 boni,
885 2580 1023 2655 uoluptas,
1038 2576 1121 2634 malo·

161 2681 221 2721 rum
244 2672 333 2722 autem
356 2673 443 2721 mator
465 2668 597 2733 omniurn3
621 2666 720 2738 quoius
743 2663 878 2720 blanditiis
900 2666 1032 2738 corrupti,
1054 2677 1122 2735 quaa

162 2758 257 2806 natura
279 2750 348 2807 bona
370 2758 444 2820 sunt,
466 2753 527 2824 quia
550 2749 690 2805 dulcedine
712 2746 762 2803 bac
783 2755 812 2802 et
832 2747 921 2802 scabie
943 2755 1045 2819 carent,
1065 2762 1120 2802 non

161 2843 276 2891 cernunt
290 2835 365 2890 satis.

225 2917 313 2974 xviii.
336 2914 384 2970 48.
409 2915 546 2986 Sequitur,
568 2922 600 2968 ut
620 2911 746 2968 conclusa
762 2911 825 2966 mihi
838 2913 888 2967 inm
904 2911 970 2969 haec
983 2914 1021 2969 sit
1035 2915 1122 2969 omnis

162 3002 261 3068 oratio,
282 2997 307 3053 id
330 2996 401 3070 quod
417 3006 479 3051 ante
494 2996 587 3051 oculos
603 3012 635 3051 en
650 2996 683 3050 iis
699 3001 751 3064 cst,
774 2990 927 3066 quae'dictn
941 3002 1017 3064 sunt,
1038 2998 1121 3051 etius

161 3091 190 3140 et
205 3098 284 3139 omne
299 3080 443 3135 honestum
458 3095 508 3134 sua
519 3087 617 3150 sponte
630 3093 690 3133 esse
702 3076 898 3150 expetendum
914 3079 1014 3134 etenim
1027 3093 1121 3134 omnen
1159 3089 1162 3093 ’

161 3167 212 3223 uiri
234 3165 299 3221 boni
320 3166 406 3236 ipsam
429 3163 588 3234 aequitatem
611 3171 637 3217 et
659 3163 702 3216 ius
724 3162 811 3233 ipsum
827 3169 926 3231 amant,
949 3176 998 3216 nec
1012 3169 1055 3216 est
1069 3163 1122 3216 uiri

161 3249 225 3305 boui
240 3262 330 3304 errare
345 3256 372 3302 et
388 3245 501 3317 diligere
516 3245 588 3317 quod
604 3261 654 3318 per
667 3260 697 3300 se
712 3261 766 3300 non
782 3246 819 3300 sit
832 3243 1013 3317 diligendum:
1028 3259 1077 3319 per
1091 3259 1121 3300 se

161 3333 248 3407 igitur
263 3333 304 3386 ius
327 3338 369 3385 est
390 3328 567 3402 expetendum
589 3335 617 3384 et
639 3327 798 3395 colendum;
821 3327 939 3400 quodsi
960 3329 1018 3398 ius,
1040 3329 1120 3383 etiam
1165 3386 1171 3398 ,

161 3417 279 3482 lustitia;
295 3415 337 3468 sin
352 3429 393 3485 ca,
409 3412 529 3484 reliquae
545 3428 653 3485 quoque
669 3413 783 3467 uirtutes
799 3427 848 3485 per
862 3429 892 3468 se
907 3410 1035 3467 colendae
1048 3419 1119 3466 sunt

163 3499 246 3573 quidl
266 3496 409 3554 liberalitas
431 3497 582 3570 grutuitane
603 3505 644 3552 est
664 3512 698 3551 an
713 3494 913 3551 mercennaria?
932 3496 955 3549 si
971 3496 1028 3549 sine
1043 3511 1119 3568 prae·

162 3584 215 3647 mio
231 3582 365 3653 benignus
380 3589 432 3649 est,
449 3581 581 3654 gratuita3
597 3581 688 3636 sicum
701 3577 834 3649 mercede,
850 3577 994 3636 conducta.
1019 3594 1068 3634 nec
1078 3585 1120 3635 est

235 3785 256 3853 ¹)
272 3785 302 3836 V.
312 3785 479 3850 supplendum
493 3787 638 3841 existiman
651 3791 733 3834 natura
749 3782 927 3849 (iudicabitur.
952 3799 986 3833 aa
1001 3787 1121 3850 apricoln

161 3859 263 3909 surculi
272 3858 399 3922 inperium
409 3854 515 3920 nutura)
525 3856 643 3920 probabit.
658 3855 713 3905 Pro
726 3850 907 3905 ‘iudicabitur’
915 3853 1120 3906 molim‘iudr'ca·

162 3926 227 3980 tor’.
248 3924 270 3993 ²)
285 3929 315 3977 nd
325 3926 405 3993 (corr.
416 3924 456 3991 ab)
467 3925 526 3975 Bon
535 3926 559 3974 Α
567 3927 605 3976 ed.
617 3924 647 3974 V.
669 3922 690 3989 ³)
705 3925 801 3974 abducit
811 3923 838 3992 (o
849 3923 922 3992 uero)
935 3933 960 3976 st
973 3940 1030 3977 uero
1044 3929 1076 3990 qi.
1089 3927 1119 3976 V.
