2378 4386
230 1319 255 1380 l.
279 1319 427 1394 (Perfecta
449 1322 499 1376 lex
523 1328 580 1389 est,
608 1335 682 1393 quoe
712 1326 790 1376 uetat
813 1321 923 1392 aliquid
942 1322 1023 1392 fieri,
1047 1329 1075 1377 et
1097 1327 1123 1378 si
1132 1333 1179 1382 [ets

165 1407 279 1481 sactum
301 1409 348 1475 sit,
364 1405 514 1474 rescindit,
532 1405 626 1475 qualis
641 1411 683 1460 est
696 1406 748 1459 tex
765 1443 856 1462 .....
874 1403 1052 1476 Imperfectus
1068 1406 1121 1463 tex

168 1499 220 1562 est,
236 1506 311 1564 quae
326 1494 405 1544 uetat
420 1488 529 1560 aliquid
542 1490 617 1558 fieri,
633 1495 661 1543 et
675 1487 824 1558 stinctum
841 1491 886 1556 sit,
902 1503 956 1544 nec
971 1491 1119 1562 rescindit,

167 1590 222 1630 nec
237 1589 362 1646 poenam
377 1574 497 1645 iniunpit
513 1575 551 1640 ei,
575 1574 625 1643 qui
639 1579 742 1627 eontra
757 1574 845 1645 lepem
858 1572 945 1643 fecit,
967 1574 1061 1644 qualis
1077 1581 1120 1629 est

63 1661 219 1714 lilsulen
245 1657 359 1727 Circeia,
385 1671 460 1729 quae
484 1657 550 1727 plus
572 1673 657 1727 quam
679 1657 734 1712 duo
757 1658 833 1711 milia
857 1659 964 1711 assium
986 1651 1119 1729 donaril¹

70 1740 92 1768 '
98 1730 310 1838 ²⁸·prolalbot,
332 1740 459 1811 ’exceptis
476 1732 650 1810 (ρενεοηίε)2
672 1737 828 1810 quibusdam
852 1732 969 1813 (κοῖαι)2
986 1742 1119 1814 cognatis,

131 1821 197 1881 et
212 1839 234 1880 st
249 1824 310 1898 plus
326 1823 452 1878 donatum
468 1823 512 1891 stt
535 1838 588 1876 non
611 1822 750 1878 rescindit.
795 1820 824 1879 2.
850 1822 935 1877 llinus
959 1839 1036 1894 quam
1060 1840 1120 1896 pes·

169 1908 238 1965 lecta
255 1908 296 1964 len
312 1915 370 1977 est,
393 1921 460 1978 quae
476 1913 549 1961 uotst
565 1905 664 1978 aliquid
681 1905 754 1976 ieri,
776 1915 803 1962 et
825 1908 846 1961 sl
867 1906 968 1961 luctum
990 1908 1041 1978 sit,
1065 1924 1118 1963 nou

170 1992 308 2062 rescindit,
324 1990 369 2046 sed
387 1999 497 2062 poenam
514 1989 631 2062 iniungit
647 1992 680 2061 ei,
697 1991 741 2063 qui
754 2000 847 2045 contra
858 1990 945 2064 legent
960 1991 1036 2053 lecit:
1053 2008 1118 2063 qua·

169 2076 201 2132 lis
224 2084 266 2131 est
286 2075 328 2131 len
344 2073 423 2128 Furia
446 2075 659 2143 testamentoria,
682 2090 750 2145 quoe
771 2073 831 2146 plus
856 2090 933 2146 quam
956 2074 1016 2128 utile
1033 2074 1120 2130 ’asses

168 2159 252 2232 legati
263 2150 389 2213 notnine³
402 2158 531 2211 mortisue
543 2172 621 2212 causa
633 2157 759 2230 prohibet
769 2173 864 2229 cupere
878 2167 983 2230 praeter
994 2167 1119 2231 exceptas

168 2258 308 2316 personas,
324 2249 351 2295 et
366 2239 494 2295 aduersus
511 2257 581 2310 cum,
598 2243 642 2314 qui
655 2242 716 2314 plus
729 2242 840 2314 ceperit,
852 2241 994 2314 quadrupli
1005 2258 1119 2314 poenam

169 2325 319 2380 constituit.

242 2487 262 2557 ¹)
272 2490 317 2542 Sic
324 2493 382 2556 sere
388 2492 573 2555 praeeuntibus
585 2493 690 2543 Ouiacio
700 2501 722 2542 et
730 2491 884 2558 Seditiinpio
895 2509 1009 2542 mancam
1019 2501 1118 2543 senten·

168 2563 229 2612 tiam
243 2564 425 2612 restituendam
440 2565 536 2613 censui.
565 2563 603 2613 De
617 2580 646 2613 re
661 2565 694 2626 cs.
711 2563 741 2612 L.
757 2574 769 2614 s
780 2580 823 2626 pr.
844 2563 869 2613 C.
885 2564 916 2612 de
931 2564 1004 2627 lepib.
1023 2566 1058 2628 (1,
1073 2565 1117 2628 14).

169 2632 286 2683 Macrob.
300 2633 385 2684 Sonm.
400 2633 470 2697 Scip.
485 2645 505 2692 s,
521 2646 554 2685 tt.
583 2634 621 2683 lie
635 2637 690 2699 tepe
706 2634 794 2684 Cincin
811 2634 911 2698 dlapm.
932 2634 989 2684 Vnt.
1001 2646 1039 2685 sse
1049 2649 1117 2698 seqq.

167 2703 293 2754 Summam
307 2707 362 2755 eius
376 2707 440 2770 lepis
453 2705 502 2754 lenc
517 2717 537 2756 s.
552 2706 591 2754 ed.
607 2706 707 2759 addidi,
723 2707 861 2755 coniectum
876 2703 1118 2766 exstinctiones,

168 2777 213 2839 qui
226 2776 262 2824 od
275 2787 295 2834 t,
305 2788 344 2827 ses
353 2791 404 2840 seq.
419 2783 569 2836 auctorest,
584 2791 630 2825 nec
644 2776 812 2825 histrionibus
826 2777 853 2824 in
868 2775 967 2823 theatro
978 2775 1119 2824 victoribus

169 2848 279 2908 amplius
293 2848 403 2911 quinque
418 2861 519 2903 attreos,
534 2847 578 2909 qui
592 2848 676 2895 ualent
691 2847 842 2910 quippentos
854 2847 986 2893 sestertios
999 2846 1052 2894 siue
1067 2846 1118 2894 duo

168 2918 240 2965 milia
254 2920 358 2974 assium,
368 2918 432 2965 dare
443 2918 553 2965 licuisse.
580 2916 692 2964 Ceterum
707 2915 830 2978 Ulpianus
841 2931 896 2965 cum
907 2917 947 2963 ius
957 2916 1032 2964 ciuile
1042 2918 1117 2964 etiam

168 2986 195 3035 in
210 2986 258 3036 ltoc
273 2987 339 3036 libro
353 2985 399 3049 (es.
415 2985 446 3034 L.
461 2998 481 3036 s·
496 2988 519 3046 §-
536 2999 555 3035 1.
579 2986 610 3033 D.
627 2987 657 3034 de
673 2989 752 3035 instit.
768 2984 826 3050 1,1)
846 2988 873 3034 in
890 2987 1013 3048 scriptum
1027 2993 1052 3034 et
1066 3000 1115 3034 non

168 3057 292 3117 scriptum
306 3058 443 3113 divisisset,
455 3058 566 3118 primum
580 3056 682 3104 vitietur
695 3058 788 3119 scripti
802 3058 869 3104 iuris
884 3064 975 3119 partes
988 3071 1004 3103 a
1019 3054 1116 3118 lepidus

169 3125 310 3174 exordiens
323 3141 484 3175 enumerasse
498 3124 542 3188 (=
551 3127 590 3186 §ip
601 3138 669 3176 s-s.
689 3126 710 3174 I.
726 3127 757 3175 de
772 3129 828 3175 iure
839 3134 890 3175 not.
902 3139 922 3186 1,
933 3127 968 3191 2),
983 3125 1075 3174 deinde
1085 3125 1117 3172 de

169 3201 264 3243 natura
279 3198 360 3259 tepum
374 3197 470 3258 spisse,
490 3195 526 3244 ad
538 3211 609 3258 quem
623 3199 704 3245 locum
718 3196 781 3246 llaec
795 3198 940 3259 pertinent,
962 3210 1026 3260 quae
1044 3195 1119 3245 nobis

168 3271 272 3313 seruata
285 3273 352 3312 sunt.
382 3264 469 3314 Potest
483 3273 564 3313 tartten
578 3268 661 3327 etiam,
676 3274 703 3315 ut
717 3267 759 3316 iiie
773 3269 938 3316 Iocusstatim
948 3268 1013 3330 lepis
1023 3266 1118 3328 plebis·

168 3347 217 3398 put
230 3336 291 3382 sciti
304 3335 475 3396 definitionem
489 3343 590 3384 secutus
603 3339 651 3391 sit:
670 3338 738 3400 quod
751 3340 775 3385 si
788 3339 892 3393 statuis,
908 3339 933 3385 iu
949 3339 1044 3386 ittcuna
1059 3343 1120 3399 post

169 3406 192 3465 ξ.
206 3414 227 3454 s.
255 3402 380 3468 Ulpianus
397 3403 470 3461 Scis,
492 3408 682 3457 constitutionis
697 3409 857 3470 principum,
878 3408 1020 3456 edictorum
1038 3408 1119 3471 rrtopi·

168 3480 294 3523 stratuum
308 3483 332 3524 et
351 3490 530 3538 responsorum
545 3478 710 3540 prudentium
730 3478 892 3527 brevissimas
910 3478 1071 3538 definitiones
1085 3491 1119 3525 ex

172 3542 228 3596 aas.
240 3557 259 3601 1,
270 3557 338 3596 t-n.
355 3547 474 3596 retulisse
488 3555 512 3596 et
527 3549 563 3596 ita
579 3551 635 3597 iure
648 3550 747 3610 scripto
762 3547 877 3597 absoluto
892 3547 928 3596 ad
942 3549 982 3595 ius
993 3562 1042 3595 non
1053 3549 1118 3596 scri·

165 3622 247 3678 ptum,
262 3617 377 3680 quodem
391 3617 503 3667 moribus
517 3621 609 3676 ueniat,
624 3621 760 3668 transitum
771 3620 867 3681 secisse
880 3617 1006 3666 dicendus
1019 3618 1078 3667 erit.

171 3681 192 3748 ²)
208 3685 360 3736 Necessario
374 3690 503 3751 supplevi,
523 3704 579 3738 cum
593 3704 643 3738 non
658 3696 753 3738 tantum
773 3689 875 3752 quidam
893 3689 998 3751 copnoti
1015 3688 1120 3753 excepti

166 3755 276 3819 suerint.
306 3758 344 3821 Cf.
365 3758 408 3807 Fr.
432 3756 490 3808 Vct.
509 3770 631 3810 uso-ios.
655 3759 800 3808 Exarmum
818 3760 878 3808 olim
894 3759 992 3820 suerit:
1015 3758 1119 3821 exceptis

169 3827 220 3892 p’sis
234 3829 343 3892 quibusd.
359 3837 397 3880 illl.
446 3825 465 3893 ⁸)
481 3830 569 3878 ossium
584 3830 661 3890 legnttl
676 3828 734 3877 Vat.
745 3827 857 3892 (factum
872 3826 938 3876 iilud
948 3834 1013 3889 puto
1027 3842 1120 3887 eacus.;

169 3914 228 3947 nam
242 3906 267 3948 et
280 3901 347 3949 alias
361 3915 396 3948 ex
409 3900 460 3961 lege
473 3913 499 3948 ss
511 3920 544 3940 ι-
554 3899 603 3960 lege
615 3899 673 3947 selis
684 3900 758 3947 sentin
770 3898 895 3947 librarius
906 3898 970 3959 feeit
981 3898 1031 3958 lege
1042 3898 1120 3957 ascis3

59 4006 99 4072 Ι
