2378 4386
712 79 731 87 μ
750 77 755 80 .

399 532 425 567 ιι.
445 529 573 567 vasnarvs
591 530 698 567 eaoavs.
970 520 1027 578 131

74 650 178 714 autem
191 649 315 703 Probum
332 648 409 718 prins
427 651 556 704 notarum
571 665 661 719 genus
671 665 728 703 non
740 647 853 718 proprie
871 647 924 701 hoc
934 647 1032 701 libello

74 717 250 785 spectavisse.
292 715 400 770 Paucas
427 718 536 771 tantum
563 717 646 771 buius
673 717 785 785 generis
810 718 977 784 tantumque
1002 716 1032 767 in

73 784 247 852 praefatione
270 783 397 851 opusculi
419 784 518 850 refert,
545 788 574 839 et
595 785 624 837 in
647 784 702 838 fine
725 783 805 836 addit
828 795 854 837 et
869 789 972 848 similla,
991 785 1031 846 ut,

75 851 184 904 etiarnsi
202 851 311 914 demus,
329 851 404 919 quod
427 851 525 904 saltem
547 853 576 905 in
596 852 695 905 ceteris
713 856 753 915 §is
771 849 894 903 dandum
913 852 968 913 est,
988 849 1033 902 hic

74 933 186 985 quoqne
199 917 346 971 nonnullas
358 918 438 971 notae
455 918 631 973 librariorum
643 918 688 972 cul
710 935 727 971 a
743 916 925 981 intercidisse,
939 932 1032 970 exem·

73 984 122 1103 pla
138 987 249 1037 tantum
268 1000 302 1038 ex
320 985 373 1037 hoc
391 1000 494 1062 genere
512 987 636 1053 posuisse
654 936 790 1039 visieatur.
818 985 943 1050 Accedit,
956 983 1032 1052 quod
1119 1030 1142 1051 ,,

94 1068 108 1105 e
126 1051 181 1105 illis
204 1052 286 1104 huius
309 1067 420 1120 genens
442 1053 529 1116 notis,
553 1069 623 1121 quas
644 1052 673 1104 in
696 1052 752 1104 line
775 1053 801 1116 §i
819 1057 843 1105 2.
861 1052 1031 1105 diversarum

74 1118 148 1171 vitae
165 1119 254 1172 civilis
268 1119 390 1186 partium
404 1118 445 1171 ibi
459 1122 739 1173 commemoratarum
784 1124 872 1186 aprica
885 1118 961 1182 dicit,
974 1134 1032 1171 om·

73 1184 139 1238 nino
160 1201 218 1238 esse
239 1185 375 1238 eiusmodi
388 1187 470 1239 notes
484 1185 576 1239 dicere
591 1185 657 1239 satis
670 1185 765 1249 habe,
782 1185 857 1253 ipsas
873 1201 929 1238 nou
943 1184 1032 1249 affert,

74 1250 149 1305 haud
163 1253 279 1305 obscure
294 1251 462 1320 significans,
477 1269 524 1306 eas
542 1252 595 1305 sibi
608 1268 707 1320 parurn
720 1266 802 1305 curae
815 1268 884 1316 esse,
899 1253 1032 1319 quoniam

74 1317 208 1373 videlicet
224 1318 377 1387 pleraeque
395 1335 452 1373 nou
470 1321 502 1371 nt
519 1321 627 1386 priores
645 1318 712 1371 illae
731 1333 890 1370 communes
907 1323 936 1370 iu
953 1318 1033 1371 libris

74 1385 197 1454 vulgaris
210 1386 384 1439 eruditorum
396 1385 534 1451 lectionis,
546 1401 616 1451 quos
625 1384 732 1437 Probus
744 1385 863 1459 marimo
876 1383 1033 1451 spectabat,

75 1452 153 1506 velut
170 1453 317 1515 historicis,
335 1452 555 1519 usurpabautnr,
575 1451 669 1505 sedin
687 1449 920 1503 reconditioribus
936 1466 1033 1503 monu-

27 1520 177 1574 [armentis
190 1517 401 1570 delitescebant.
429 1518 475 1569 'At
490 1517 560 1569 haec
577 1518 639 1585 ipsa
655 1515 741 1569 Probi
759 1515 846 1568 verba
861 1515 935 1569 male
953 1516 1034 1571 intel-

73 1585 148 1640 lecta
169 1600 226 1637 non
250 1584 348 1636 dubito
370 1582 462 1635 fraudi
485 1583 569 1635 fuisse
592 1582 658 1636 viris
683 1581 771 1635 doctis
799 1582 881 1635 medii
907 1583 984 1650 aevi,
1002 1586 1036 1637 nt

72 1650 318 1706 Pseudo-Probum
336 1649 382 1702 hic
404 1648 587 1706 intruderent.
624 1649 697 1702 Dum
718 1649 791 1702 enim
810 1664 843 1702 ea
860 1650 953 1716 verba,
972 1652 1034 1719 qni·

71 1721 127 1772 bus
145 1716 254 1769 Probus
271 1717 350 1783 quasi
369 1718 496 1781 excusat,
519 1717 635 1770 curbae
656 1719 739 1770 notas
781 1722 883 1783 ropriur
901 1718 1033 1786 opusculo

72 1801 123 1839 suo
153 1799 210 1838 non
234 1783 350 1845 inserat,
372 1784 507 1860 tanquam
528 1800 629 1838 novam
657 1737 861 1852 praesagouem
885 1786 1033 1852 accipiunt,

72 1869 157 1930 qnam
176 1850 306 1904 similiter
323 1851 355 1903 ut
371 1849 451 1904 initio
469 1851 496 1915 §i
513 1857 537 1910 2,
555 1854 685 1905 notarum
703 1850 803 1905 seriem
820 1851 875 1905 huc
913 1852 1034 1905 ertinen·

73 1924 144 1972 trum
163 1917 242 1986 sequi
256 1919 394 1984 oporteat,
408 1933 469 1970 eam
487 1935 549 1971 cum
567 1934 622 1972 non
635 1918 803 1983 invenirent,
823 1919 882 1972 exei
904 1919 959 1973 isse
971 1919 1034 1985 rati,

74 1986 121 2039 alii
142 1985 308 2053 opusculum
328 1985 374 2038 hic
391 1984 544 2038 finiverunt
562 1988 591 2039 et
602 1987 751 2054 sequentes
768 1987 863 2054 partes
881 1987 974 2041 denuo
990 1987 1033 2040 in·

74 2052 177 2120 scripto
195 2051 280 2106 Probi
303 2052 415 2105 nomine
439 2052 582 2122 sigillatim
606 2053 826 2121 descripserunt,
850 2053 898 2106 alii
921 2054 1033 2109 aliunde

74 2120 284 2189 suppleverunt,
303 2120 352 2172 ubi
365 2121 446 2173 notas
458 2119 512 2173 huc
523 2120 660 2174 iacientes
671 2119 749 2172 nullo
767 2120 900 2188 inscripto
913 2123 1035 2175 auctoris

74 2186 1035 2255 uomiueinvenerant.Lougameamseriemeseeoportere,persnade·

75 2253 177 2316 batiis,
194 2254 266 2319 quod
285 2253 392 2306 Probus
405 2255 520 2323 longum
534 2254 614 2306 illum
629 2254 749 2308 indicem
759 2260 899 2319 ruariorum,
918 2257 1033 2320 imbuam,

76 2325 239 2384 comitiorum,
264 2327 464 2375 sacerdotiorum
496 2323 526 2374 et
553 2323 711 2376 ceterorum
742 2321 977 2389 praescripsisset;
1006 2325 1035 2375 et

76 2386 255 2440 memorabile
278 2387 349 2441 illud
373 2388 521 2441 discrimen
545 2388 696 2442 intercedit
717 2389 791 2441 iuter
814 2389 888 2441 hunc
911 2389 1032 2442 Pseudo·

75 2452 197 2507 Probum
210 2457 238 2507 et
250 2458 357 2508 ceteras
369 2455 474 2507 similes
485 2457 615 2506 notarum
629 2455 809 2508 collectiones
821 2455 900 2508 velut
914 2455 1034 2508 Linden-

76 2521 230 2591 brogicam,
254 2521 329 2589 quod
352 2521 401 2574 illo
424 2522 549 2572 omnium
572 2520 644 2583 iere,
668 2537 737 2598 quas
758 2521 843 2573 index
865 2522 914 2573 ille
938 2524 1033 2585 refert,

76 2603 167 2642 rerum
185 2589 269 2642 notae
294 2588 482 2653 continentur,
500 2587 553 2640 hae
572 2588 739 2663 praeprimis
757 2586 792 2638 ad
812 2587 896 2638 libros
913 2587 981 2638 iuris
998 2589 1035 2639 ci-

77 2654 139 2708 vilis
155 2656 292 2723 spectant.
328 2655 397 2709 Cum
416 2656 510 2708 tamen
529 2654 614 2706 etiam
637 2670 665 2705 ιιι
689 2652 870 2718 subpositicia
891 2651 941 2703 illa
964 2653 1035 2705 serie

76 2725 203 2775 notarum
221 2737 353 2792 magnam
375 2723 485 2791 partem
509 2737 542 2774 ex
560 2720 620 2772 iure
644 2719 721 2772 civili
738 2718 857 2787 petitam
881 2734 941 2771 esse
959 2717 1035 2772 vide-

77 2789 146 2851 rent,
164 2788 334 2843 addiderunt
350 2789 436 2842 indici
449 2788 537 2842 verba
545 2794 609 2842 iaris
621 2793 709 2850 circite,
729 2801 801 2854 quae
814 2784 964 2839 subditicia
976 2801 1035 2840 esse

78 2854 161 2907 etiam
178 2855 353 2910 Momseunm
371 2871 426 2909 non
444 2856 526 2925 fugit,

126 2921 251 2976 Alterum
270 2940 367 2992 genus,
387 2939 455 2991 quaa
474 2939 557 2991 snpra
573 2923 655 2977 notas
667 2920 799 2975 iuridicas
818 2919 889 2985 dixi,
903 2922 988 2975 etiam
1001 2938 1035 2976 eo

77 2989 195 3058 apriore
208 2989 355 3044 differebat
367 2993 512 3067 artemque
521 2989 662 3058 quandam
675 2989 821 3057 prodebat,
834 2989 909 3066 quod
921 2990 1034 3058 proprie

76 3058 183 3111 tantum
196 3073 231 3111 ex
248 3056 437 3126 singularibus
453 3057 555 3110 litteris
572 3057 719 3110 constabat
735 3062 769 3120 (t.
782 3063 805 3110 3.
819 3055 873 3111 Cic.
886 3056 903 3109 l.
919 3062 963 3120 c).
999 3056 1036 3110 Et

76 3122 127 3178 hoc
145 3124 259 3192 quidem
278 3140 367 3202 genus
384 3124 504 3178 maxime
515 3124 637 3177 Probum
657 3123 825 3192 spectavisse
844 3124 874 3201 et
885 3126 1034 3203 executum

76 3191 356 3312 retinebere:
379 3190 1036 3327 sublevere]risibiles,illle

77 3332 200 3380 aotmum’
219 3324 265 3377 vel
284 3331 358 3377 ‘iuris
376 3334 510 3378 aaronem&
547 3324 652 3379 Vereor
674 3329 769 3378 tamen
792 3325 821 3377 in
839 3326 891 3376 hac
909 3324 1036 3391 opusculi

76 3394 153 3458 parte
172 3407 228 3445 non
247 3391 336 3445 solnm
355 3391 479 3460 singulas
500 3394 581 3444 notas
598 3392 672 3444 baud
698 3407 800 3460 paucas
819 3390 967 3451 excidisse,
986 3389 1036 3444 sed

78 3462 105 3512 et
119 3459 189 3513 alias
206 3460 215 3511 i
238 3475 296 3512 sam
315 3474 377 3512 eam
395 3461 506 3526 partem
524 3474 574 3511 uos
587 3459 728 3526 integram
746 3475 801 3510 non
819 3457 932 3511 babere.
963 3458 1036 3510 Nam

76 3525 97 3577 si
108 3531 140 3591 §o
151 3535 174 3580 1.
193 3527 219 3579 al
252 3543 314 3578 rum
331 3527 383 3578 hoc
396 3542 484 3604 genus
497 3526 589 3578 verbis
605 3532 630 3577 in
643 3530 737 3590 lepibua
749 3532 860 3592 iurisque
874 3531 955 3578 ciuilis
964 3529 1037 3578 libris

77 3592 260 3663 significatum
284 3595 358 3657 erat,
384 3592 466 3646 video
489 3592 603 3660 quidem
626 3591 662 3644 ad
681 3599 749 3659 lepre
771 3593 904 3658 tanquam
927 3591 1034 3644 fontem

76 3657 140 3714 iuris
160 3660 252 3716 civilis
274 3663 388 3713 cunctas
404 3662 485 3713 notas
502 3660 541 3723 §is
557 3666 581 3713 3.
599 3665 623 3711 4.
637 3660 666 3711 et
678 3666 701 3711 5.
721 3659 879 3725 propositas
897 3659 973 3710 recte
992 3673 1034 3732 rc3

76 3724 153 3792 ferri,
176 3745 239 3782 cum
263 3725 334 3793 legis
362 3727 485 3780 actiones
513 3729 542 3779 et
565 3725 657 3779 edicta
684 3729 821 3791 perpetua
846 3726 955 3776 tautum
982 3723 1036 3774 rivi

78 3794 187 3859 quidam
205 3793 251 3849 vel
274 3794 443 3863 propagines
468 3795 590 3862 ipsarum
614 3791 710 3860 legum
733 3792 796 3847 sint.
832 3789 887 3842 Sed
910 3789 992 3840 notes
1011 3794 1035 3838 ιἰι

837 3873 874 3924 9*
