2378 4386
789 117 810 125 ,.
828 116 836 120 .

405 540 441 575 ns
459 539 571 575 moinus
589 540 668 576 nmen
680 540 721 576 m.
1004 535 1042 592 77

78 668 152 724 enlm
169 673 274 722 tantum
289 665 353 722 meli
364 673 406 722 est
418 681 530 740 peccare
541 667 688 740 principes,
701 683 862 742 quamquam
869 674 1044 741 estmagnum

77 752 132 808 boc
149 766 202 824 per
213 765 243 805 se
255 751 344 824 ipsum
355 749 464 817 malum,
483 758 613 823 quantum
631 750 707 821 illud,
725 753 798 827 quod
815 751 942 826 permulti
959 754 1044 809 imita·

78 843 155 891 tores
171 835 324 908 principum
340 835 469 891 existunt.
498 851 559 890 nam
574 834 638 890 licet
652 835 761 908 uidero,
786 839 809 893 si
824 837 893 892 uelis
913 835 1044 909 replicare

79 919 239 975 memoriam
262 926 425 990 temporum,
446 916 656 992 qualescumque
675 922 773 976 summi
787 921 905 977 ciuitatis
920 921 971 975 uiri
986 920 1044 976 iue-

80 1004 152 1073 rint,
174 1001 256 1058 talem
277 1002 416 1058 ciuitatem
440 1001 539 1071 luisse3
559 1019 745 1076 quaecumque
767 1005 880 1061 mutatio
897 1019 1002 1060 morum
1017 1006 1044 1059 in

79 1084 248 1159 principibus
272 1085 408 1155 extiterit,
429 1086 541 1141 eandem
563 1087 591 1142 ln
613 1087 716 1159 populo
731 1097 859 1145 secutam.
889 1085 940 1146 82.
962 1088 1045 1161 idque

79 1169 186 1226 Platoni
207 1176 305 1224 nostro
327 1169 415 1242 placet
435 1163 475 1224 et¹
498 1169 570 1226 baud
590 1170 671 1243 paulo
692 1183 735 1228 est
756 1175 847 1228 uerius
868 1189 949 1246 qnam
970 1172 1044 1245 quod

80 1254 246 1309 musicorum
267 1251 391 1309 cautibus
412 1255 448 1309 eit
469 1255 580 1310 mutatis
595 1257 694 1309 mutari
710 1257 849 1313 ciuitatum
865 1265 968 1323 slatus3
991 1273 1044 1330 ego

81 1345 172 1394 antem
192 1335 324 1394 nobilium
346 1337 402 1392 uita
423 1338 552 1410 uictuque
567 1346 671 1394 mutato
686 1355 775 1394 mores
791 1341 887 1394 mutari
903 1340 1044 1395 ciuitatum

80 1429 160 1495 puto.
191 1436 247 1494 quo
268 1421 449 1493 perniciosius
470 1419 503 1476 de
518 1437 548 1476 rc
564 1419 669 1493 publica
684 1429 823 1478 merentur
837 1423 931 1478 uitiosi
946 1423 1045 1494 prlncl·

80 1521 140 1578 pes,
159 1504 232 1577 quod
249 1519 304 1559 non
323 1504 413 1560 solum
430 1505 494 1560 uitia
507 1506 663 1577 concipiunt
680 1507 744 1578 ipsi,
760 1505 807 1560 sed
819 1521 848 1559 ee
860 1504 1007 1559 infundunt
1017 1506 1045 1561 in

80 1589 228 1658 ciuitatem,
253 1602 342 1661 neque
357 1587 446 1644 solum
463 1586 572 1657 obsunt,
597 1588 669 1660 quod
692 1590 744 1661 ipsi
759 1595 981 1660 corrumpuntur,
997 1588 1045 1644 sed

80 1673 163 1728 ctiam
183 1670 256 1742 quod
267 1679 444 1744 corrumpunt
456 1671 572 1744 plusque
584 1671 707 1744 exemplo
719 1687 797 1744 quam
809 1679 920 1744 peccato
936 1680 1043 1729 nocent.

80 1764 169 1827 atque
183 1753 249 1810 baec
262 1753 315 1826 lex,
330 1755 440 1811 dilatata
455 1756 482 1810 io
496 1754 618 1811 ordinem
631 1763 768 1826 cunctum,
780 1758 953 1829 coangustari
964 1758 1044 1812 etiam

80 1845 192 1912 potest;
209 1840 286 1912 pauci
304 1839 375 1895 enim
391 1847 473 1912 atque
489 1838 631 1895 admodum
650 1841 727 1912 pauci
739 1840 843 1895 honore
854 1848 883 1895 et
894 1840 981 1914 gloria
991 1857 1045 1895 am·

80 1920 192 1996 plilicati
213 1921 258 1978 uel
273 1938 447 1995 corrumpere
462 1938 552 1978 mores
568 1924 684 1980 ciuitatis
700 1922 744 1980 uel
760 1925 898 1999 corrigere
914 1934 1043 1998 possunt:

85 2104 137 2162 qua
153 2105 183 2145 ro
197 2089 351 2163 ad'reliqua
366 2091 514 2146 ueniamus.

145 2173 199 2229 llll.
221 2168 446 2231 suerranum
468 2182 559 2230 autem
579 2181 622 2229 est
641 2175 674 2230 dc
696 2174 849 2249 suffragiis,
872 2192 942 2249 quae
961 2174 1044 2232 iubeo

83 2264 149 2311 nota
163 2273 224 2313 esse
238 2257 425 2332 optimatibus,
440 2257 544 2330 populo
560 2256 653 2317 libera.

147 2341 182 2397 A.
196 2340 234 2396 lta
248 2357 291 2398 mc
306 2341 416 2398 hercule
432 2340 534 2396 attendi
555 2357 606 2397 nec
621 2342 686 2397 satis
702 2342 833 2413 intellexi,
856 2343 921 2416 quid
936 2341 987 2398 sibi
1001 2341 1045 2398 len

83 2431 130 2479 aut
146 2423 211 2496 qnid
227 2424 310 2480 uerba
324 2424 376 2481 istd
392 2425 503 2481 uellent.

144 2508 186 2565 M.
207 2507 307 2579 Dicam,
329 2509 398 2579 Tite,
421 2517 449 2564 et
472 2506 602 2564 uersabor
624 2508 650 2563 in
673 2525 703 2564 re
726 2507 830 2564 diilloili
846 2525 876 2565 ec
887 2510 1001 2565 multum
1018 2519 1045 2566 et

82 2608 162 2666 saepe
185 2593 317 2665 quaesite,
339 2592 467 2665 suffragia
488 2594 516 2647 in
539 2593 698 2663 magistratu
720 2592 870 2646 mandando
893 2609 924 2648 ac
946 2592 979 2647 de
996 2608 1044 2647 reo

81 2675 224 2733 iudicando
241 2669 453 2751 (iubendolque²
474 2677 503 2731 in
523 2674 584 2747 leqc
605 2681 652 2729 aut
666 2676 809 2747 rogatione
827 2674 895 2730 olam
911 2690 943 2728 an
957 2674 1045 2746 polam

83 2759 149 2814 iorri
163 2757 258 2815 melius
272 2769 354 2816 esset.

149 2842 182 2910 Q.
203 2844 244 2897 Au
258 2845 338 2901 etlam
352 2844 380 2900 id
395 2842 506 2898 dubium
527 2842 588 2898 esti
610 2858 718 2912 uereor,
739 2857 774 2897 ne
795 2859 809 2897 a
830 2849 857 2897 te
877 2856 972 2897 rursus
992 2841 1046 2898 dis·

82 2927 207 2982 sentiam.

144 3010 186 3068 M.
208 3010 268 3068 lion
286 3011 386 3082 iacies,
401 3008 512 3077 Quinte.
543 3027 603 3065 nam
624 3027 676 3083 ego
699 3011 727 3066 in
747 3012 799 3067 ista
820 3026 880 3066 sum
902 3013 1045 3080 sententia,

83 3110 135 3167 qua
155 3102 183 3151 to
203 3094 291 3151 luisse
310 3111 419 3169 semper
441 3096 509 3165 scio,
529 3094 594 3149 nibil
618 3102 649 3148 ut
668 3094 751 3150 luerit
772 3096 799 3151 iu
819 3094 955 3168 suffragiis
978 3111 1046 3152 uoce

83 3178 195 3249 melius3
210 3178 259 3236 scd
276 3180 393 3253 optineri
405 3195 437 3235 en
453 3179 542 3251 possit
558 3177 701 3234 uidendum
717 3187 768 3235 est.

144 3258 193 3322 84.
214 3261 250 3339 Q,
271 3263 369 3336 Atqui,
390 3262 489 3332 frater,
511 3260 580 3316 bona
603 3269 648 3317 tue
669 3264 747 3318 uenia
766 3263 892 3334 dixerim,
914 3264 965 3318 ista
986 3279 1046 3318 sen·

84 3348 167 3404 tentia
182 3346 297 3403 mammo
312 3356 340 3402 et
356 3345 424 3402 lallit
439 3347 579 3421 imperitos
594 3353 622 3401 et
637 3345 715 3402 obest
730 3348 888 3419 saepissime
903 3348 942 3401 rei
957 3345 1046 3418 publi·

83 3447 139 3503 cae,
160 3447 222 3487 curn
242 3429 344 3504 aliquid
366 3446 461 3486 uerum
483 3439 511 3486 et
532 3437 636 3485 rectum
652 3446 712 3485 esse
728 3430 835 3505 dicitur,
856 3429 904 3485 sed
920 3431 1046 3502 optineri,

84 3514 110 3568 id
127 3523 170 3570 est
187 3514 283 3570 obsisti
304 3530 388 3589 posse
404 3513 506 3587 populo
522 3521 646 3585 negatur.
677 3515 793 3586 primum
809 3515 879 3568 enim
896 3511 1046 3585 obsistitur,

157 3717 177 3785 ¹)
192 3718 279 3769 Verba
293 3719 384 3769 Platoni
398 3728 480 3769 nostro
495 3720 573 3783 placet
587 3718 681 3784 absque
697 3715 755 3780 ‘et’,
770 3718 840 3782 quod
848 3717 949 3777 addidi,
964 3724 988 3765 et
1002 3716 1047 3765 od·

83 3789 138 3840 diro
149 3790 198 3854 qul,
213 3791 283 3854 qnod
295 3791 387 3851 delevi,
403 3798 464 3854 post
482 3789 560 3839 uerbo
574 3805 644 3853 qoam
659 3790 722 3853 quod
737 3790 763 3836 in
779 3788 834 3837 AB
846 3787 904 3836 edd.
919 3789 1047 3850 loquutur.

87 3854 107 3924 ²)
124 3856 259 3910 ‘iubenda'
278 3860 373 3922 eddidi;
389 3861 571 3923 sciscendoque
586 3860 626 3910 ed.
637 3860 668 3910 V.
