2378 4386
481 503 516 540 or
534 503 695 541 vsvrrtvcrv.
817 568 820 573 Ι
998 484 1058 549 743

109 632 224 691 heredes
238 648 292 690 uon
309 632 419 691 hebere:
443 649 504 690 uam
523 632 608 691 uideri
630 631 828 690 usumfructum
849 623 1060 703 ’coustitutum,¹

109 733 164 773 nou
180 731 229 789 per
243 732 403 774 concursum
421 716 546 776 diuisum.

171 795 218 856 79.
251 792 371 877 ²(ltcm)
394 794 537 857 Neratius³
565 809 659 874 putat,
687 816 792 857 cessare
815 802 857 856 ius
880 797 1061 868 adcrescentii,

108 882 154 940 iib.
171 882 190 938 Ι.
206 882 299 956 Resp,
323 878 390 941 ’cui⁴
404 886 554 941 sententiae
569 886 695 957 congruit
711 886 779 939 ratio
795 883 864 940 Celsi
880 884 1005 953 dicentis,
1022 890 1061 938 to·

109 970 178 1023 tiens
193 968 236 1023 ius
259 966 429 1024 adcresceudi
452 984 525 1033 esse,
549 970 675 1040 quotiens
690 968 718 1023 fu
733 965 853 1037 duobus,
876 969 922 1040 qui
945 965 1062 1023 solidum

109 1050 271 1120 imbuerunt,
286 1066 421 1108 coucursu
437 1050 541 1106 diuisus
563 1058 616 1107 est.

172 1129 222 1192 80.
246 1129 339 1190 ⁵Uude
354 1133 447 1190 Celsus
462 1132 508 1190 lib.
524 1133 611 1189 iiiiii.
632 1125 794 1209 '(scrfbit),⁶
815 1135 838 1188 si
853 1133 907 1187 duo
924 1132 998 1188 iuudi
1014 1131 1061 1189 do·

109 1219 174 1273 mini
204 1216 320 1274 deducto
352 1216 495 1273 usufructu
524 1218 715 1290 proprietatem
746 1216 970 1289 maucipoueriut,
1003 1225 1063 1272 uter

109 1317 203 1357 eorum
219 1302 337 1357 amiserit
351 1300 561 1368 usumfructum,
576 1300 607 1354 ad
624 1300 816 1372 proprietatem
829 1297 930 1354 redire:
946 1298 994 1354 sed
1008 1315 1063 1355 nou

109 1383 143 1441 ad
159 1392 254 1452 totam,
277 1382 325 1438 sed
341 1386 471 1456 cuiusque
487 1383 684 1439 usumfructum
700 1384 724 1438 ei
744 1383 814 1455 parti
829 1380 968 1451 accedere,
984 1396 1061 1453 quam

109 1469 169 1539 ipse
185 1467 396 1537 mancipaucrit:
420 1466 451 1521 sd
468 1482 524 1522 eom
546 1467 615 1522 euim
638 1474 741 1539 partem
764 1464 852 1522 redire
868 1462 957 1535 debet,
980 1479 1062 1537 aqua

109 1549 186 1603 initio
210 1547 313 1604 diuisus
336 1559 386 1605 est.
432 1548 559 1619 ‘Plane’,
581 1551 677 1621 iuquit,
703 1547 743 1605 ‘si
765 1557 868 1623 partem
892 1547 1062 1603 ususfructus

110 1629 219 1700 habeas,
235 1637 263 1687 ct
278 1647 331 1704 ego
347 1641 430 1689 totam
446 1633 639 1706 proprietatem
654 1649 714 1689 com
730 1634 816 1706 partis
832 1631 985 1701 usufructu,
1007 1645 1061 1686 nou

111 1713 233 1787 ’possum
248 1708 320 1770 eam⁷
337 1725 441 1788 partem
458 1715 504 1772 titt
520 1717 683 1789 mancipare,
698 1732 766 1789 quae
781 1724 822 1771 est
837 1716 895 1770 sine
909 1716 1061 1784 usufructu,

111 1799 237 1869 quoniam
259 1798 359 1854 nulium
387 1807 489 1872 partem
518 1798 617 1869 habeo,
646 1801 673 1855 iu
695 1815 746 1872 qua
768 1815 822 1855 uou
844 1807 887 1854 est
909 1796 956 1854 tibi
984 1815 1061 1854 usus·

110 1879 237 1936 fructus!
283 1874 354 1957 [δὲ]
376 1882 559 1954 Papinianus
589 1898 695 1956 quoque
722 1881 790 1938 fibro
813 1880 899 1937 XViii.
924 1880 1063 1948 Quaestio·

110 1980 173 2019 num
189 1966 349 2020 seutentiam
364 1963 466 2022 Neratii
479 1964 587 2038 probat,
602 1982 669 2038 quae
684 1981 739 2021 non
755 1967 868 2022 estsine
884 1966 999 2021 ratioue.

53 2043 99 2093 3⁴⁸]
173 2041 223 2104 82.
245 2047 349 2105 Poterit
363 2051 463 2122 quseri,
487 2048 522 2119 si,
541 2047 645 2105 duobus
660 2051 745 2105 seruis
761 2046 905 2105 heredibus
921 2048 1062 2121 institutis,

110 2129 224 2188 deducto
245 2131 389 2188 usufructu
410 2130 566 2205 proprietas
588 2134 623 2189 sit
644 2132 749 2206 legam,
772 2149 805 2188 au
826 2132 912 2189 altero
935 2130 1062 2188 defuneto

110 2215 280 2271 ususfructus
302 2217 461 2288 proprietati
483 2213 638 2272 adcrescat?
669 2232 729 2271 uam
752 2215 816 2272 iliud
839 2223 961 2287 constat,
984 2223 1013 2271 ut
1036 2224 1064 2271 et

110 2297 228 2354 lulianus
248 2297 294 2358 iib.
310 2298 408 2356 XXXV.
424 2297 531 2369 scribit,
554 2306 581 2354 et
595 2297 760 2372 Pomponius
781 2299 827 2357 tto.
844 2299 896 2355 vti.
912 2315 944 2356 ex
958 2297 1062 2356 Plautio

111 2396 166 2438 nou
188 2380 327 2454 reprobat,
349 2385 372 2439 si
395 2381 501 2440 duobus
522 2384 610 2438 seruis
625 2384 691 2439 meis
712 2383 883 2440 ususfructus
898 2383 1014 2457 legetur,
1036 2390 1063 2438 ct

111 2464 178 2520 aiter
193 2464 352 2536 decesserit,
376 2483 435 2523 cum
452 2482 501 2539 per
515 2474 658 2539 utrumque
673 2469 838 2538 quaesissem
853 2456 1063 2536 usumfructum,

110 2549 152 2604 fus
167 2546 339 2605 adcrescendi
354 2566 396 2606 me
412 2548 525 2617 hebere;
547 2565 617 2619 cum,
633 2550 657 2604 si
671 2549 783 2606 alterius
798 2552 905 2605 nomine
927 2549 1063 2621 repudias·

110 2648 178 2703 sem,
194 2631 305 2689 alterius
317 2635 489 2705 quaesissem,
506 2631 629 2689 iiaherem
641 2632 747 2704 quidem
762 2632 959 2688 usumfructum
976 2641 1063 2688 totum

111 2717 170 2772 iure
186 2715 366 2784 adcresceudi,
383 2716 431 2772 sed
447 2733 478 2772 er
494 2716 579 2772 soiius
595 2731 710 2789 persona
722 2717 883 2772 amitterem.
917 2716 944 2770 iu
963 2730 1062 2788 propo·

110 2800 163 2854 sito
187 2807 292 2870 sutem,
315 2800 447 2872 siquidem
470 2815 536 2873 pure
557 2801 656 2856 fuudus
673 2793 696 2876 [.
715 2840 722 2855 .
739 2794 752 2833 ⁸
767 2840 773 2854 .
791 2793 812 2875 .]
830 2813 884 2854 nou
900 2813 932 2853 es
948 2813 1063 2871 persona

185 2927 206 2995 ¹)
220 2932 236 2981 i.
247 2947 269 2982 s.
280 2938 399 2996 tunquam
414 2933 577 2982 constitutum
591 2947 611 2984 s.
627 2934 684 2996 ipso
695 2934 876 2982 constitutione
885 2929 952 2996 (curn
963 2931 1063 2982 desedi·

109 3002 172 3051 tutis
185 3003 226 3061 sit,
241 3017 306 3066 quoe
321 3004 422 3066 utrique
433 3018 485 3066 pro
496 3010 574 3065 purte
587 3003 649 3052 duta
664 3001 720 3066 est).
773 2997 794 3066 ¹)
810 3000 857 3050 Est
866 3001 898 3050 L.
909 3013 921 3052 t
927 3018 971 3065 pr.
989 3003 1021 3051 Ι).
1032 3004 1064 3052 de

111 3072 196 3133 usufr.
211 3087 281 3122 ocor.
293 3070 323 3137 (t,
335 3070 366 3137 e).
413 3069 434 3136 ⁸)
449 3073 512 3122 idem
524 3073 633 3122 Neratius
644 3073 703 3139 usp.
752 3071 773 3136 ⁶)
784 3072 843 3136 Dip.
854 3072 921 3121 cuius
937 3072 994 3122 Vnt.
1005 3074 1063 3122 edd.

111 3138 133 3206 ὅ)
148 3142 230 3192 Prior
240 3157 306 3205 pars
319 3149 406 3191 exstat
419 3142 451 3191 L.
465 3154 486 3194 s.
501 3145 524 3205 ὅ.
540 3157 560 3194 1.
576 3143 608 3192 Ι).
623 3142 656 3194 id.
722 3139 743 3207 ο)
757 3141 802 3192 Ex
816 3143 876 3207 Dip.
890 3145 1014 3206 suppieoi.

112 3208 132 3275 ⁷)
148 3227 257 3274 posseme
268 3227 344 3261 meam
359 3212 417 3261 Vct.
433 3228 504 3276 posse
515 3228 552 3263 me
563 3229 614 3263 erm
624 3213 683 3263 Soc.
695 3216 727 3277 qf.
739 3213 778 3262 ed.
791 3212 883 3262 Hoiiw.
931 3209 952 3278 ⁸)
965 3211 1063 3263 Omissa

109 3297 126 3330 a
137 3281 247 3332 librario
258 3285 327 3332 nulfo
337 3284 453 3333 indicato
463 3284 542 3333 niatu.
568 3284 611 3333 Ad
619 3287 770 3335 sententiam
781 3282 926 3333 Heimsoetd
936 3284 968 3332 ds
979 3285 1062 3347 usufr.

109 3367 181 3401 acer.
193 3368 221 3416 p.
236 3365 262 3402 tu
276 3361 345 3403 recte
358 3356 473 3416 supplet:
494 3352 604 3419 ‘tepotnr
617 3357 664 3413 sit,
680 3358 720 3405 ius
735 3353 903 3403 accrescendi
917 3355 998 3403 iocum
1013 3370 1063 3404 non

110 3421 185 3470 iudet
199 3422 244 3487 (cf.
260 3424 348 3487 ἕλω),
362 3424 445 3473 sicud
461 3426 607 3474 conditione
622 3427 732 3489 tepidus,
748 3426 801 3473 aiio
816 3440 851 3473 ex
866 3438 945 3473 causo
961 3440 1011 3473 non
1026 3433 1064 3474 est

111 3493 151 3538 ius
165 3494 345 3550 accrescendi,
365 3496 425 3557 quia
439 3495 603 3556 ususfructus
617 3504 697 3544 morte
709 3497 782 3544 serui
801 3510 850 3543 non
866 3496 950 3557 perit,
971 3496 1017 3558 qui
1030 3510 1065 3544 eo:

109 3561 208 3610 domini
217 3577 332 3624 persono
346 3564 499 3613 constitutus
512 3561 560 3612 est'
572 3571 620 3612 etc.
644 3564 696 3613 Sed
705 3567 803 3612 mutin:
818 3562 930 3628 ‘topatus
944 3565 986 3621 sit,
996 3567 1064 3614 sicut

110 3630 200 3679 liberis
208 3631 351 3682 dominibus
357 3631 495 3681 heredibus
503 3635 618 3695 scriptis,
627 3641 710 3682 cessat
720 3637 760 3682 ius
767 3635 942 3690 accrescendi,
951 3636 991 3682 sin
1000 3649 1064 3684 uero

108 3700 156 3750 sub
166 3702 327 3763 condicione,
338 3717 384 3750 nec
390 3703 461 3764 perit
467 3703 539 3750 serui
548 3709 627 3750 morte
639 3704 810 3765 ususfructus,
820 3705 913 3766 quippe
923 3719 958 3752 ex
966 3703 1065 3753 domini

110 3771 214 3820 heredis
224 3773 294 3834 faeti
303 3786 417 3834 persono
432 3768 595 3820 constitutus’
612 3778 659 3820 etc.
681 3773 774 3830 fundus,
790 3787 835 3821 uon
850 3772 897 3821 sub
911 3774 1064 3823 condicione

110 3841 210 3903 ieputus
223 3844 265 3899 sit,
280 3842 446 3890 constituitur
461 3841 626 3902 ususfructus
640 3856 667 3889 ex
682 3857 783 3904 persona
799 3843 864 3891 serui
879 3841 992 3892 Mormns.
1008 3842 1048 3891 ed.
