2378 4386
81 39 1167 287 u

425 551 692 589 murcomannum.
711 533 745 589 11.
765 541 789 588 li.
1015 536 1082 601 473

81 690 116 741 tt]
130 692 155 738 te
177 681 220 738 ’de
243 675 401 738 uendenda¹
423 684 535 756 rogaui,
558 699 618 740 meo
633 681 754 757 periculo
769 682 834 746 erit;
857 684 881 739 st
901 690 931 738 tu
951 682 1002 741 ’me
1017 700 1080 758 pro-

129 759 258 835 uocasti,²
274 775 321 821 too
338 767 458 839 periculo
474 768 535 823 erit.

257 843 303 925 [L.
321 849 381 906 223
396 869 445 922 pr.
469 850 505 905 D.
520 852 556 907 de
571 851 649 910 nerlu.
665 852 763 925 siqnif.
781 848 845 924 (50,
863 845 940 928 16).]

407 1002 471 1041 '1'1'1'0
486 1003 516 1044 V·
546 1002 588 1042 DE
604 1001 802 1045 PIGNORIBVS·

192 1087 217 1145 1.
243 1081 386 1143 ⁴Creditor
400 1088 423 1142 si
439 1087 595 1160 simpliciter
610 1086 659 1143 sibi
674 1090 773 1160 pignos
788 1083 970 1162 'depositum⁶
984 1090 1080 1147 distra-

129 1172 194 1228 here
210 1171 293 1242 uelit,
310 1179 427 1226 teranto
444 1170 603 1227 denuntiare
618 1170 733 1226 debitori
753 1187 804 1227 suo
819 1170 914 1245 debet,
936 1182 966 1230 ot
981 1176 1081 1248 pignos

128 1256 196 1326 luat,
211 1272 245 1311 ne
260 1272 275 1311 a
290 1271 319 1310 se
335 1255 513 1310 distrahatur.
545 1251 575 1312 2.
592 1247 675 1310 team
689 1254 800 1311 debitor
812 1260 941 1327 pratuita
954 1262 1080 1326 pecunia

129 1346 238 1408 utatur,
257 1345 354 1410 potest
370 1340 498 1394 creditor
511 1338 708 1409 detractibus
723 1340 768 1394 rei
787 1339 841 1394 ridi
857 1343 1028 1411 piqnsratae
1043 1342 1083 1396 ad

128 1425 238 1481 madum
253 1425 406 1494 tepitimum
422 1414 606 1476 ’usurarum'
623 1424 766 1492 retinere;
786 1418 856 1495 (sed)
873 1421 946 1477 ietos
963 1423 1007 1478 oei
1021 1439 1081 1497 par·

131 1516 174 1562 tos
189 1508 248 1562 eius
265 1507 320 1574 rei,
335 1520 404 1575 quae
418 1506 527 1576 pignori
542 1505 602 1559 tiata
618 1513 675 1575 est,
690 1506 814 1578 pignoris
828 1504 897 1560 ’iore
912 1521 967 1560 non
981 1507 1081 1562 retine·

129 1583 204 1659 tor,⁸
224 1589 274 1642 nto
290 1587 343 1642 troc
364 1589 435 1642 inter
455 1588 645 1644 contrahentes
666 1589 832 1645 conuenerit.
876 1584 906 1644 8.
931 1583 1081 1663 ⁹Compen-

128 1675 199 1728 satio
212 1669 294 1724 debiti
305 1669 385 1742 'paris
396 1672 495 1743 speciei
507 1680 533 1727 et
544 1687 664 1728 excausa
675 1671 775 1744 dispari
786 1667 981 1729 admittiturs¹⁰
995 1674 1081 1745 oeiot,

128 1757 150 1811 si
167 1754 306 1828 pecuniata
324 1752 371 1808 tibi
387 1752 497 1810 debeam
513 1762 540 1810 et
556 1761 585 1810 to
600 1755 665 1811 milti
681 1756 818 1828 pecuniam
833 1754 947 1825 debeas,
963 1766 1009 1813 aot
1023 1756 1080 1813 iro·

128 1849 248 1895 mentum
274 1845 321 1893 aut
348 1845 437 1894 cetera
462 1837 631 1910 huiusmodi,
659 1839 722 1895 lieet
743 1855 775 1894 ex
797 1839 906 1897 diuerso
928 1849 1081 1912 contractu,

201 1986 222 2054 ¹)
237 1988 310 2037 Ilaec
325 1987 401 2037 uerba
418 1990 445 2037 in
461 1988 522 2038 Cdd.
538 1996 562 2039 et
576 1989 633 2039 edd.
649 1991 808 2052 transposita
822 1997 883 2053 post
897 1991 917 2039 si
932 1998 958 2040 tu
975 1990 1026 2040 duc
1040 2006 1081 2040 re·

128 2061 225 2110 uocaui.
292 2055 312 2121 ¹)
327 2059 356 2107 de
371 2058 493 2108 uendenda
508 2057 566 2125 (sed
580 2061 699 2124 plerique
715 2059 792 2111 Cdd.:
811 2059 970 2126 defendenda)
990 2061 1081 2124 promi·

128 2131 181 2179 sisti
197 2129 259 2180 Cdd.
275 2129 333 2178 edd.
362 2129 486 2192 Apparet,
501 2129 579 2179 verda
594 2130 622 2179 de
638 2130 760 2179 oendenda
775 2133 875 2194 scripta
890 2131 1042 2180 deoeodenda
1057 2139 1082 2181 et

128 2201 297 2248 indemutata
313 2201 339 2248 in
355 2199 514 2260 defendenda,
536 2216 592 2250 cum
607 2202 689 2250 lacum
702 2209 854 2260 mutassent,
869 2209 895 2250 et
907 2209 936 2251 ut
949 2203 1080 2265 promisisti

128 2268 295 2326 scriberetur,
309 2277 334 2318 et
348 2277 426 2318 utone
441 2272 588 2332 eiiceretur,
602 2272 726 2334 effecisse.
780 2267 801 2338 ⁸)
816 2272 848 2320 A.
864 2272 903 2322 ed.
919 2272 943 2322 li.
960 2275 976 2322 l.
992 2275 1081 2324 retulit

129 2339 165 2387 ad
177 2351 198 2397 s,
213 2351 238 2389 rs
263 2341 285 2401 ξ.
300 2343 345 2390 ot.

203 2338 261 2459 lta(
271 2410 302 2458 V.
327 2339 361 2476 )⁴)
378 2410 415 2473 Os.
431 2410 462 2459 L.
477 2422 498 2460 t.
518 2410 550 2458 tt.
561 2411 592 2459 de
602 2413 676 2475 piqn.
687 2418 736 2460 acl.
748 2410 793 2476 (ta,
803 2412 842 2478 t),·
856 2414 930 2476 infra
944 2425 965 2471 a,
976 2426 1009 2465 ts.
1025 2416 1048 2476 ἓ.
1059 2425 1079 2465 5.

128 2480 160 2529 1..
176 2491 209 2531 aa.
229 2480 260 2528 D.
276 2481 308 2530 de
319 2481 385 2543 furt.
401 2478 445 2544 (st,
459 2479 490 2545 u).
549 2478 570 2544 ⁶)
585 2480 674 2529 Malim
689 2482 804 2543 positonu
825 2498 883 2530 nam
897 2484 995 2532 dicitur
1008 2485 1082 2543 apud

129 2553 237 2616 aliquem
251 2552 346 2614 deponi
356 2553 460 2614 piqnur.
481 2549 518 2612 Cf.
531 2549 562 2598 Ι..
573 2561 607 2601 tt.
623 2550 654 2598 D.
666 2552 697 2599 de
707 2553 781 2601 cond.
794 2551 944 2616 ind.(1s,a).
996 2549 1018 2617 0)
1033 2552 1081 2601 Est

128 2619 159 2670 L.
174 2634 195 2673 s.
211 2619 243 2672 I).
263 2622 290 2669 in
305 2621 372 2684 quid.
388 2635 457 2669 caus.
469 2622 543 2684 piqn.
559 2627 608 2669 tac.
620 2620 663 2684 (so,
674 2618 705 2684 s),
720 2636 794 2683 quam
805 2636 860 2669 cum
870 2621 953 2683 daeg.
963 2632 984 2670 s.
999 2623 1079 2670 inler-

124 2693 210 2755 posita
221 2698 317 2740 tantum
327 2706 380 2740 aroc.
391 2690 432 2738 sed
442 2692 561 2752 primitus
571 2689 714 2739 cohaesisse
723 2687 779 2754 (sed
786 2697 937 2753 sequentem,
946 2705 1001 2739 eum
1012 2707 1081 2741 nuno

124 2763 213 2825 potius
229 2762 404 2824 praecessisse
422 2759 550 2826 uideatur)
569 2763 716 2823 suspicatus
736 2774 791 2808 sum
811 2755 930 2809 ‘Studien
946 2760 971 2808 d.
987 2758 1018 2808 tt.
1035 2757 1077 2811 ta’

124 2846 151 2896 p.
167 2843 214 2882 stt.
238 2832 390 2894 Plerumque
406 2833 651 2894 locaturpostu,1s.
666 2833 688 2893 5.
700 2843 720 2880 t.
768 2827 788 2896 7)
805 2826 920 2879 ‘usuras'
933 2827 996 2895 (pra
1008 2827 1080 2878 ‘uru-

130 2899 209 2966 rar.’)
225 2903 283 2967 Dip.
301 2901 362 2950 cao.
383 2908 408 2950 et
425 2901 482 2949 edd.
548 2899 569 2965 ⁸)
583 2899 685 2965 Scripsi
699 2903 726 2949 in
743 2898 861 2949 ‘Studien
876 2900 901 2948 d.
919 2899 949 2949 tt.
966 2896 1008 2948 R.'
1025 2901 1040 2948 l.
1056 2915 1079 2949 c.

129 2985 158 3021 eo
171 2986 256 3029 amau,
271 2987 321 3036 qua
336 2973 515 3034 interpretatio
529 2972 553 3020 lt.
569 2974 585 3020 l.
601 2974 669 3035 cepit
683 2970 751 3037 (nam
766 2973 802 3020 ila
817 2972 922 3034 cepisse,
936 2972 1007 3020 nulla
1021 2971 1079 3020 iure

128 3050 204 3108 neqat
220 3043 320 3091 Puclita
336 3042 419 3090 Pand.
435 3044 458 3104 δ.
469 3053 516 3093 tos.
532 3048 582 3091 not.
595 3041 624 3106 s)
639 3049 664 3091 et
676 3043 800 3091 suadente
814 3056 883 3091 nemu
897 3041 1010 3102 datius&
1023 3057 1084 3096 cum,

127 3115 250 3177 sequenti.
275 3112 391 3176 Denique
405 3114 444 3161 sic
458 3114 555 3161 vitatur
570 3115 711 3163 antinomia
725 3113 756 3161 L.
767 3125 801 3164 stt.
815 3114 838 3174 ἕ.
850 3124 869 3162 1.
886 3112 916 3160 L.
927 3123 960 3162 ta.
977 3113 999 3174 ἕ.
1010 3123 1030 3163 t.
1046 3112 1079 3161 1).

128 3184 159 3232 de
169 3185 243 3248 piqu.
260 3181 305 3246 (uo,
315 3182 347 3247 t).
362 3183 394 3231 L.
409 3194 428 3233 tt.
446 3182 471 3231 0.
487 3182 595 3247 inquid.
612 3200 632 3232 e.
646 3186 719 3248 piqn.
735 3183 766 3249 (s,
777 3182 821 3249 to).
841 3182 872 3231 L.
884 3195 903 3233 t.
920 3182 946 3232 0.
961 3182 993 3231 de
999 3190 1080 3246 partu

125 3255 198 3319 pipn.
215 3252 245 3318 (s,
260 3252 311 3318 uo),
326 3269 373 3302 nea
387 3255 467 3316 plane
481 3253 652 3318 resraqantur
667 3254 728 3303 Cdd.
760 3253 823 3303 Nam
839 3255 889 3302 iore
904 3254 1019 3302 retinetur
1032 3269 1081 3302 sex

130 3322 191 3373 cad.
206 3325 258 3372 iore
273 3324 423 3372 eontinentur
439 3323 483 3372 Cd.
497 3336 518 3374 4.
548 3325 598 3372 iore
618 3339 664 3372 non
683 3331 779 3373 tenetur
792 3323 842 3389 (oei
856 3323 975 3390 tenentur)
990 3325 1079 3381 ceteri,

128 3394 184 3443 edd.
213 3393 278 3443 Vide
293 3401 384 3451 tamen,
398 3409 430 3442 ne
440 3394 503 3443 daec
513 3396 571 3457 ipsa
579 3396 728 3457 scripturae
737 3395 915 3457 discrepantia
922 3395 1079 3458 frequentis-

127 3465 190 3514 sima
204 3479 296 3514 errore
312 3465 443 3513 indenata
452 3466 494 3522 sit,
506 3466 574 3527 quod
583 3466 657 3513 initia
670 3464 768 3526 fuerit:
781 3465 887 3527 pignoris
898 3465 949 3513 iore
960 3462 1079 3529 (tenetur,

128 3533 236 3584 dominii
246 3536 303 3583 iure
313 3549 362 3584 non
374 3534 509 3599 re)tinetor.
534 3534 572 3583 De
582 3537 693 3584 aliorum
702 3536 835 3583 sententiis
843 3534 893 3583 oid.
905 3533 936 3582 L.
954 3534 1080 3598 Wittpen·

128 3607 193 3653 stein
213 3612 313 3669 quaten.
334 3608 374 3654 rei
388 3607 462 3669 pipu.
480 3605 517 3667 fr.
537 3605 606 3654 cred.
626 3611 675 3652 len.
695 3603 782 3653 Berol.
799 3615 857 3655 tuoe.
873 3619 901 3667 p.
916 3615 942 3655 m
955 3619 1008 3666 seq.

129 3670 204 3738 ⁷)Gs.
223 3675 279 3724 Gai.
294 3687 315 3733 4,
329 3686 355 3726 et
369 3690 421 3740 seq.
436 3677 459 3736 §-
474 3686 507 3725 ao.
528 3673 595 3723 lde
610 3682 659 3723 act.
675 3671 706 3738 (4,
721 3673 752 3738 a).
773 3672 803 3721 L.
818 3685 839 3723 t.
859 3673 891 3721 D.
907 3674 939 3722 de
953 3688 1078 3736 campens.

127 3741 171 3808 (ts,
186 3744 218 3811 u).
267 3742 300 3811 10)
315 3760 342 3794 ex
357 3747 408 3808 pari
423 3745 504 3809 specie
514 3750 537 3791 et
547 3759 617 3791 cansa
628 3744 718 3806 dispari
729 3742 860 3791 admittitor
870 3741 909 3806 (ud
920 3743 995 3803 legent
1006 3744 1078 3790 mitti·

127 3820 165 3863 tur
180 3816 224 3865 Cd.
235 3813 268 3880 a.)
293 3815 356 3864 Cdd.
371 3817 441 3872 edd..
457 3812 500 3862 ubi
514 3827 541 3860 ex
555 3815 737 3876 transpositum
742 3828 753 3866 ,·
768 3813 884 3875 sortasse
897 3813 973 3860 etiam
989 3824 1040 3873 pra
1056 3817 1080 3858 et

127 3885 259 3949 dependam
273 3886 338 3943 licet,
352 3885 421 3950 quod
434 3886 461 3932 in
475 3883 549 3944 legem
560 3890 644 3945 pateat
657 3882 759 3932 adiisse.
