2378 4386
264 589 323 626 rsr.
335 588 440 626 curan.
454 588 539 625 issac.
554 587 737 625 cousvnrsnro.
750 569 796 625 tx.
811 576 889 627 6-8.
987 570 1047 638 Θὸἵ

142 727 214 776 tasse
234 720 400 790 constiterit,
416 728 508 776 rector
529 719 684 792 prouinciae
699 717 831 788 bominis,
854 718 901 791 qui
916 734 966 776 nec
981 721 1052 793 paci·

141 802 232 861 scendi
255 818 305 859 nec
319 800 493 876 colloquendi
515 801 548 858 de
563 804 675 876 negotio
691 800 869 859 substantiam
885 801 987 867 babuit,
1004 804 1052 858 im·

141 885 296 961 punientiam
316 894 501 956 summumst,
521 884 652 958 reddique
666 884 761 957 ludat,
784 885 911 959 quicquid
926 884 1053 942 claruerit

141 977 314 1044 usurpatum:
329 985 380 1025 nec
394 967 560 1042 impudentia
575 967 703 1037 uindicet,
724 968 798 1041 quod
813 969 962 1026 concedere
976 969 1053 1042 leges

140 1063 168 1111 et
183 1054 241 1110 iura
256 1069 311 1110 non
327 1059 457 1125 possunt:
474 1052 586 1107 marimo
604 1066 664 1107 cum
680 1066 823 1121 memores,
843 1046 946 1109 'uec¹a
968 1055 1052 1127 prima

139 1138 278 1212 pactione,
295 1151 364 1208 quae
378 1133 554 1191 substantiam
575 1148 631 1190 non
646 1132 774 1202 babebat,
796 1135 914 1192 secunda
934 1152 1052 1194 conuen-

142 1223 214 1278 tione
229 1220 386 1287 discessum,
401 1217 459 1274 ‘sed
474 1211 574 1274 etiam²
585 1218 701 1273 inaniter
712 1212 790 1291 '(res)
799 1212 812 1251 ³
822 1217 965 1289 resedisse,
979 1219 1052 1290 quod

141 1320 197 1362 nou
212 1306 263 1361 ism
276 1303 375 1377 pactio,
391 1300 439 1357 sed
452 1299 582 1373 quaedam
594 1300 764 1372 usurpaticiis
775 1315 830 1357 non
844 1298 1053 1357 subsistentibus

140 1388 228 1445 causis
254 1384 440 1442 immoderatio
465 1384 604 1441 doceatur.
646 1384 702 1439 θαι.
719 1382 761 1440 ΙΙΙ.
776 1382 881 1440 kalend.
903 1384 973 1457 Aug.
998 1383 1051 1441 lle·

141 1469 252 1539 dicioni,
267 1470 333 1541 ipsis
348 1469 404 1524 itu.
421 1483 492 1524 coss.

185 1547 213 1608 6.
231 1551 314 1624 impp.
327 1550 422 1607 Valens
435 1560 462 1607 et
474 1548 673 1606 Valentinianus
687 1552 741 1605 iii.
753 1548 900 1623 impellas.
926 1549 973 1618 Ea,
985 1566 1053 1623 quae

141 1632 256 1691 heredes
284 1636 354 1691 inter
388 1650 418 1691 se
446 1635 627 1691 transactione
654 1633 814 1706 interposita
841 1635 1053 1707 composuerint,

143 1716 217 1775 lirmu
233 1716 386 1792 illibataque
407 1717 630 1792 perseuerabunt.
667 1715 700 1773 lit
719 1716 781 1773 ideo
802 1716 951 1774 secundum
973 1716 1053 1774 iidem

143 1804 315 1860 instrumenti
341 1811 498 1877 competens
526 1800 573 1858 tibi
600 1802 692 1876 portio
719 1816 732 1855 a
760 1800 964 1874 possessoribus
992 1817 1053 1859 cum

143 1884 275 1942 fructibus
290 1887 451 1942 restituetur
466 1900 514 1958 per
529 1887 616 1941 uirum
641 1884 816 1941 clarissimum
834 1879 1053 1956 proconsulem*

142 1968 256 2041 Africae,
272 1970 384 2025 amicum
400 1976 540 2038 nostrum,
561 1966 613 2024 lide
628 1975 769 2042 gestorum
784 1961 907 2040 diligenti
923 1969 1053 2024 examina·

145 2053 218 2115 tione
233 2049 416 2126 comprobata.
452 2050 508 2108 θαι.
524 2050 568 2108 ill.
584 2067 649 2113 non.
665 2049 714 2107 lui.
732 2049 846 2116 Sirmio,
861 2050 926 2107 diuo
942 2051 1052 2107 iouiauo

143 2146 171 2194 et
186 2136 297 2193 Varron.
314 2128 401 2193 coss.⁶

185 2215 210 2276 7.
234 2220 317 2294 impp.
334 2218 509 2279 Valentinian.
525 2226 553 2274 et
568 2217 661 2276 Valens
676 2219 732 2273 tii.
745 2216 826 2274 Felici
842 2216 977 2276 consulari
992 2217 1052 2274 ’iia-

143 2296 296 2360 οιαθοιθαα.ὓ
338 2302 431 2360 inter
454 2310 570 2359 cetera
593 2312 626 2358 et
647 2300 686 2358 ad
706 2301 833 2359 locum:
856 2300 883 2357 Si
908 2301 1053 2358 seruilibus

144 2386 328 2442 contuberniis
343 2401 404 2442 sese
418 2384 545 2440 mulieres
568 2383 702 2459 quondam
723 2386 856 2459 ingenuae
875 2383 1053 2456 subdiderint,

144 2478 171 2525 et
186 2484 258 2525 nunc
277 2476 482 2524 contemnentes
498 2467 636 2523 dominum
652 2469 762 2524 minoris
778 2470 888 2537 aetatis,
911 2471 1054 2526 seruitutis

143 2552 237 2625 iugum
259 2560 391 2608 conantur
413 2550 550 2624 elingere,
571 2552 691 2624 grauitas
713 2556 759 2607 tua
786 2551 843 2621 bis,
870 2544 968 2623 ‘quae⁷
996 2568 1053 2608 ser·

145 2634 225 2692 uilem
253 2633 437 2693 condicionem
465 2649 520 2691 nou
547 2635 637 2690 statim
665 2634 692 2690 ln
720 2633 786 2707 ipsis
806 2628 1054 2691 ‘coniunctionum⁸

145 2717 299 2791 primordiis
322 2712 509 2793 resugeruut‚⁹
531 2718 718 2775 necessitatem
740 2715 895 2773 subeundae
912 2718 1055 2775 seruitutis

144 2804 276 2875 imponat.
323 2800 378 2857 θαι.
400 2800 462 2857 liiii.
492 2800 597 2857 kalend.
626 2802 696 2874 Aug.
725 2798 882 2870 lledioiani,
910 2801 976 2873 ipsis
1000 2803 1052 2858 iri.

145 2901 215 2945 coss.

185 2967 216 3027 8.
239 2967 275 3025 lix
291 2983 406 3044 corpore
422 2967 605 3042 Gregorinnos

148 3046 242 3129 ¹⁰imp.
265 3055 420 3111 Antoninus
441 3054 472 3109 Α.
495 3051 632 3109 Priscinno
655 3049 743 3108 militi.
791 3048 899 3107 Summa
920 3054 1056 3108 sententia

145 3137 348 3213 comprehensa,
364 3153 454 3212 quam,
470 3135 639 3194 cessantibus
653 3133 824 3192 curatoribus
840 3133 975 3207 quondam
992 3137 1054 3206 tuis,

144 3223 223 3279 iudex
238 3230 347 3279 secutus
368 3220 539 3279 iurisiurandi
559 3237 574 3277 α
589 3228 617 3277 te
634 3217 730 3294 perlati
751 3217 928 3292 religionem,
948 3219 1055 3276 incon·

177 3412 196 3480 ¹)
214 3416 329 3466 i’ueritir
346 3432 369 3466 m
383 3420 432 3466 de.
448 3416 584 3468 nonmodo.
632 3409 687 3479 1)οι
699 3413 815 3475 Gnidosr.
865 3408 1056 3479 ³>destinando

102 3485 185 3531 restit.
236 3483 257 3548 ⁴)
273 3487 313 3534 Ita
331 3487 447 3549 Gotlofr,
463 3486 657 3549 proconsularem
671 3485 729 3534 edd.
782 3482 802 3549 ⁵)
817 3496 899 3536 auec
951 3481 1054 3551 ⁶)Cum

102 3553 187 3617 punine
202 3552 223 3601 I.
241 3554 357 3617 Gotdofr.
372 3558 399 3603 in
414 3555 445 3603 L.
460 3567 480 3607 o.
505 3556 548 3605 ru.
567 3556 592 3605 C.
608 3555 650 3604 od.
664 3554 712 3606 SC.
729 3555 818 3605 Claud.
833 3554 864 3619 (t,
879 3557 910 3620 s).
975 3553 995 3621 ²)
1011 3556 1057 3607 Ex

102 3622 246 3687 Scdnltinp.
262 3626 294 3686 ej.
310 3625 350 3686 qui
363 3625 421 3675 edd.
480 3621 658 3689 ⁸)Scluliinp.
673 3628 706 3688 ci.
721 3627 910 3674 coniunctionem
926 3626 983 3677 edd.
998 3643 1054 3677 con·

102 3694 231 3745 iunctionis
248 3693 364 3757 Gothosr.
429 3690 451 3758 ο)
463 3694 630 3756 paciscendo,
645 3701 672 3742 αι
686 3694 782 3742 liberas
797 3701 929 3742 manerent
942 3693 987 3759 (cs.
1003 3705 1055 3747 not.

102 3765 138 3815 ad
158 3762 215 3814 Gai.
231 3778 251 3817 1.
265 3775 299 3815 si.
325 3763 435 3814 Paeto
458 3761 676 3826 li.r,1o.§.s.);
696 3764 762 3811 unde
782 3764 832 3811 ium
850 3772 972 3826 apparet,
992 3766 1058 3827 guid

102 3837 246 3893 attinuerit,
260 3835 328 3883 lanc
342 3835 548 3885 constitutionem
561 3834 604 3883 dic
616 3832 774 3882 subnectere.
835 3828 867 3898 ιο)
881 3833 913 3882 L·
930 3847 949 3884 ι.
967 3833 1012 3883 Gr.
1029 3834 1055 3885 O.

103 3906 135 3954 de
149 3913 272 3956 mansori.
288 3904 319 3970 (1,
334 3905 369 3969 ιι)
381 3922 408 3968 p.
423 3918 443 3960 s.
458 3902 544 3956 Haeo.
566 3903 604 3967 Cf.
619 3901 651 3951 L.
666 3913 687 3954 s.
709 3901 734 3953 G.
749 3902 781 3951 de
795 3904 822 3951 in
837 3904 874 3953 iit.
891 3906 941 3953 isar.
956 3902 992 3967 (t,
1010 3903 1056 3969 bt).
