2378 4386
292 546 350 585 tros.
369 548 402 583 nn
419 547 480 586 nort.
499 547 589 584 ueris
607 548 712 585 concur.
731 528 803 584 XIV.
824 535 899 585 1-8.
1008 530 1070 598 689

121 695 170 752 per
192 679 370 752 ignorantiam
393 686 439 734 aut
461 677 576 734 iortuito
593 675 695 751 lapides
711 693 777 734 usus
800 692 880 734 causa
904 677 984 735 iurati
999 687 1073 750 sunt,

122 760 225 819 suificit
239 778 287 819 eos
301 760 458 818 uerberibus
475 758 615 818 coercerl.'

368 842 471 906 Explicit
484 841 565 892 titulus
580 841 609 891 de
624 843 725 891 termino
740 849 826 892 amoto.

548 1029 646 1068 lucrm

379 1117 467 1202 (νιν.)
482 1141 545 1182 xiv.
575 1138 617 1182 nn
632 1139 824 1183 nunciamus.

186 1238 253 1312 llap.
275 1237 295 1294 1.
338 1235 472 1308 Moyses
504 1227 622 1290 dicit:¹
670 1230 694 1289 1.
726 1231 884 1306 Quicunque
917 1233 1078 1310 plaglauerit

124 1337 284 1395 quemquam
300 1321 327 1376 iu
343 1319 437 1390 lsrael,
453 1326 481 1374 et
496 1316 649 1374 uendiderit
664 1332 734 1382 eum,
750 1324 838 1374 morte
853 1321 993 1376 moriatur.

186 1403 299 1478 liapll.
329 1400 1077 1460 Pauluslibrosententiarumv.aubiitulo

124 1487 162 1543 ad
184 1488 295 1559 legem
311 1484 451 1542 Fabiam.
494 1481 519 1540 1.
542 1482 614 1556 Lege
630 1480 707 1538 rabia
725 1491 848 1554 tenetur,
865 1486 909 1556 qui
924 1486 1011 1541 ciuem
1026 1483 1078 1542 lio·

125 1562 246 1626 manum²
268 1570 424 1641 ingenuum,
447 1565 609 1631 libertinum,
635 1580 780 1622 seruumuc
803 1565 917 1623 alienum
939 1567 1079 1643 celauerit,

75 1665 113 1714 os]
127 1651 289 1720 uendiderit‚
305 1652 432 1717 ninnertt,
449 1650 655 1724 comparauerlt.
691 1645 720 1707 2.
736 1643 783 1706 ³Et
798 1650 861 1707 oiim
874 1651 982 1726 quidem
999 1653 1079 1709 buius

126 1736 195 1810 legis
210 1750 297 1808 poena
314 1735 461 1791 nummaria
476 1734 541 1791 luit:
562 1732 610 1790 sed
626 1732 754 1789 translata
769 1742 810 1791 est
824 1738 946 1808 cognitio
961 1737 989 1791 in
1004 1753 1079 1810 prae·

126 1820 212 1877 lectos
228 1812 328 1890 urbis,⁴
348 1820 467 1892 itemque
483 1817 612 1892 praesidis
626 1819 782 1890 prouinciae
797 1826 872 1874 extra
887 1819 1009 1876 ordinem
1024 1837 1079 1876 me·

126 1904 181 1960 ruit
202 1902 470 1959 animaduersionem.
514 1900 630 1975 ideoque
652 1900 809 1958 humiliores
826 1911 872 1959 aut
894 1904 921 1959 in
943 1902 1080 1959 metalium

126 1988 239 2058 dantur,¹
258 1995 304 2042 ant
318 1987 346 2041 in
361 2000 468 2041 crucem
490 1983 637 2041 tolluntur:
660 1983 830 2043 honestiores
852 1985 957 2043 ademta
973 1986 1080 2043 dimidia

126 2079 201 2146 parte
213 2069 347 2127 bonorum
358 2069 385 2125 in
397 2077 558 2143 perpetuum
573 2062 758 2143 relegantur.⁵
782 2065 810 2127 8.
826 2069 853 2127 Si
865 2086 960 2127 seruus
976 2071 1080 2128 sciente

126 2155 236 2210 domino
252 2153 368 2211 alienum
382 2168 491 2210 sernum
507 2153 684 2220 subtraxerit,
707 2152 868 2224 uendiderit,
892 2153 1030 2226 celauerlt‚
1052 2155 1105 2239 iu'

127 2240 216 2313 ipsum
231 2236 369 2294 domiuum
389 2235 626 2294 animaduertitur:
649 2235 746 2311 quodsi
763 2237 791 2293 id
806 2238 916 2295 domino
937 2240 1081 2313 ignorante

126 2322 302 2392 commiserit,
316 2323 344 2377 in
359 2320 495 2377 metalium
510 2320 598 2381 datur.

191 2404 256 2479 llap.
272 2404 314 2461 lll.
352 2402 518 2478 Ulpianus
540 2403 632 2461 iibro
655 2421 695 2463 nv.
718 2405 758 2461 de
781 2406 908 2463 oiiicio
929 2422 1081 2480 procon-

129 2489 234 2562 sulis,
257 2487 317 2545 sub
339 2486 444 2545 titulo
466 2487 504 2544 ad
526 2488 637 2561 legem
657 2488 798 2545 Fabiam.
839 2485 864 2545 1.
888 2489 1025 2564 Frequens
1040 2499 1082 2547 cst

129 2576 208 2631 etiarn
223 2573 293 2647 legis
309 2570 403 2628 Fabiae
423 2574 544 2646 cognitio
560 2575 587 2627 in
603 2570 779 2627 tribunalibus
799 2572 966 2645 praesidum:
991 2590 1081 2647 qnam·

128 2673 210 2731 qnam
231 2648 360 2733 ’(ειιηι)6
389 2654 497 2728 quidam
519 2663 711 2730 procuratores
734 2654 852 2713 Caesaris
879 2658 1082 2730 usurpauerint,
1135 2693 1138 2701 ,

127 2732 239 2816 'quum'
263 2738 361 2796 Romae
388 2732 480 2796 'tnm⁸
508 2740 535 2794 in
557 2740 713 2813 prouinciis.
756 2733 784 2796 2.
807 2738 860 2796 Sed
883 2740 952 2796 enim
975 2742 1027 2796 iem
1048 2755 1081 2796 eo

130 2831 291 2898 peruentum
313 2831 355 2879 est
377 2822 628 2896 constitutionibus,
649 2820 790 2879 niliomae
806 2821 914 2897 quidem
929 2823 1082 2896 praelectus

130 2905 204 2964 urbis
219 2905 295 2963 solus
313 2921 396 2980 super
410 2923 442 2963 ca
456 2922 485 2962 re
506 2914 669 2980 cognoscat,
691 2907 714 2961 ai
736 2909 806 2963 intra
828 2904 970 2963 miliarium
992 2916 1082 2965 cente·

129 2992 225 3047 simum
241 2989 278 3045 sit
299 2988 335 3046 ’in
352 2988 455 3046 Fabiam
473 2983 672 3050 commissum.⁹
708 2988 851 3047 Enimuero
867 2991 889 3046 si
905 2990 975 3046 ultra
991 2998 1082 3048 cente·

203 3173 222 3239 ¹)
237 3174 323 3225 Emori.
338 3186 372 3232 rt,
387 3187 420 3226 16.
442 3175 481 3238 Cs.
495 3176 634 3227 Deuteron.
649 3186 710 3232 sisti
779 3171 800 3240 ¹)
814 3173 940 3238 Suspicor
954 3177 1083 3228 excidisse

129 3247 250 3305 Latinum
263 3246 314 3294 oid.
329 3258 363 3303 14,
373 3257 424 3306 mc
452 3246 595 3297 Praeterea
608 3246 643 3310 cf.
660 3246 712 3295 Cic.
723 3260 775 3309 pro
792 3245 817 3294 C.
834 3244 925 3296 Rodio,
936 3248 1013 3310 perd.
1028 3260 1049 3306 a,
1061 3260 1082 3301 a.

132 3317 208 3366 Paul.
223 3314 250 3365 S.
267 3314 298 3364 lt.
313 3326 334 3372 t,
350 3326 369 3366 t.
389 3316 412 3376 §-
427 3326 459 3364 ti.
479 3315 511 3363 L.
527 3329 546 3367 1.
566 3316 598 3365 L.
613 3328 633 3367 o.
648 3318 671 3378 §-
686 3326 707 3366 a.
730 3315 762 3365 Ι).
782 3315 814 3366 de
834 3318 882 3382 leg.
899 3316 960 3367 Fut.
975 3317 1024 3383 (48,
1039 3320 1082 3385 it).

129 3388 162 3436 L.
177 3399 197 3437 9.
214 3397 246 3437 15.
268 3386 294 3435 G.
309 3385 346 3434 ad
359 3387 407 3449 leg.
424 3384 485 3434 Fan:
500 3384 531 3450 (9,
546 3384 591 3449 io).
606 3387 670 3449 infr.
685 3398 710 3446 a,
724 3398 745 3439 i.
759 3396 780 3439 o.
846 3383 921 3451 ¹)Gs.
938 3387 1012 3441 Pnul.
1028 3392 1044 3439 l.
1060 3405 1082 3440 c,

130 3458 162 3506 L.
178 3469 198 3507 a.
217 3457 249 3504 Ι).
264 3456 289 3504 u.
304 3463 322 3504 t.
338 3455 401 3516 infr.
415 3466 437 3512 s,
454 3466 521 3506 1-s.
591 3452 613 3519 ⁴)
629 3456 667 3519 Cs.
683 3458 762 3506 inser.
777 3454 809 3505 L.
824 3467 845 3508 r.
866 3457 892 3507 c.
907 3458 944 3507 ad
956 3461 1004 3524 leg.
1021 3459 1081 3510 Fab.

129 3527 163 3591 (o,
177 3525 222 3591 so),
278 3523 300 3590 ⁶)
316 3524 354 3587 Cs.
370 3524 392 3573 1.
409 3522 527 3587 Gothosr.
542 3525 578 3574 ud
590 3524 621 3573 h.
638 3541 680 3578 un.
699 3525 743 3574 To.
760 3526 786 3574 0.
801 3526 837 3576 ud
850 3529 898 3592 leg.
915 3527 975 3577 rao.
991 3528 1023 3592 (a,
1038 3528 1083 3595 18).

130 3594 154 3664 ⁶)
167 3595 305 3659 Suppleoi:
318 3595 444 3656 seriptum
454 3594 539 3656 scisse
548 3601 614 3656 puta
629 3609 721 3658 quamq.
733 3609 792 3644 eam.
841 3592 862 3662 7)
876 3611 946 3660 quam
958 3598 1019 3648 cdd.
1036 3606 1083 3649 tum

128 3683 164 3717 ex
181 3667 268 3715 Cuiac.
284 3667 316 3727 cj.
332 3663 372 3713 ed.
386 3663 427 3712 Bi.
485 3660 507 3727 ⁸)
521 3671 568 3712 tam
582 3663 613 3712 B.
633 3664 674 3712 Vi.
694 3665 765 3714 eiiam
784 3664 829 3714 Ve.
844 3680 915 3730 qnam
928 3668 969 3718 ed,
984 3667 1024 3718 Bi.

131 3734 154 3801 'l
170 3737 209 3799 Cf.
225 3735 256 3784 L.
272 3747 305 3785 nr.
322 3735 345 3795 ἕ.
356 3745 389 3784 to.
413 3732 445 3781 D.
460 3733 492 3782 de
505 3738 572 3796 capi.
588 3731 637 3797 (te,
652 3732 695 3797 tt).
715 3733 746 3782 L.
762 3746 783 3786 a.
802 3736 826 3796 5.
841 3747 861 3785 ι.
882 3736 915 3785 Ι).
930 3736 955 3786 b.
969 3744 987 3787 t.
1007 3739 1030 3787 in
1044 3741 1083 3789 nis

128 3807 258 3855 commissa
280 3804 342 3853 cad.
357 3803 428 3860 edd,
448 3802 516 3866 quod
533 3816 580 3851 nec
598 3817 633 3851 ear
645 3801 715 3852 auec.
734 3803 801 3869 Aug.
820 3814 854 3855 ts.
873 3809 976 3856 servari
988 3815 1083 3871 potest.

129 3875 217 3924 iniuria
232 3874 360 3922 commisse
373 3871 443 3921 Scnl.
457 3877 483 3919 et
497 3870 566 3920 Ptin.
581 3874 614 3933 φ’.

188 3968 291 4000 rmum
304 3967 387 3998 uun
400 3967 454 3997 m.
472 3966 510 3998 sn.
535 3967 557 3997 n.
674 3998 688 4007 ,,
702 3995 706 3999 ,
840 3958 876 4004 44
