2378 4386
412 584 448 620 ΒΕ
464 584 577 621 HGIBV!
596 585 675 620 mn
693 586 724 623 n.
1010 578 1051 636 47

86 725 164 767 arne
184 709 303 766 edentur
322 725 377 766 uon
400 709 545 782 perlectae,
566 726 628 765 nana
650 720 722 767 esset
744 708 888 781 infinitum,
909 709 958 766 sed
978 712 1052 784 ipsae

86 810 207 850 summae
222 810 314 849 rernm
329 801 413 867 atque
427 794 586 849 sententiae.

150 878 184 946 Q.
206 876 245 933 ita
261 893 327 933 uero
343 892 456 934 necesoe
471 885 529 942 ειη
544 893 597 950 qua
613 893 643 933 re
657 876 806 933 audiamus.

149 960 214 1016 vill.
238 956 283 1020 10,
310 961 350 1017 M.
380 959 425 1014 Ad
453 960 551 1016 diuos
575 959 726 1017 adeunto
751 968 862 1031 caste,
887 961 1051 1033 pietatem

87 1043 289 1115 adhibento,
313 1059 398 1117 opes
420 1054 616 1101 amoneuto.
648 1045 708 1118 qni
729 1043 947 1108 secus-laxit,
969 1044 1051 1102 deus

89 1131 163 1202 ipsc
185 1128 309 1184 uindex
330 1130 426 1184 erit.

151 1210 341 1285 Separatim
379 1227 476 1267 nemo
513 1209 670 1267 habessit
699 1209 786 1266 (loos
818 1227 906 1268 neue
938 1228 1051 1268 nouos

87 1309 174 1351 neue
207 1296 357 1351 aduenas
393 1296 462 1351 nisl
498 1293 638 1368 publice
674 1292 843 1359 adscitos;
886 1297 1051 1370 priuatim

87 1377 251 1450 colunto,
280 1394 369 1452 quos
395 1377 465 1434 rite
494 1393 510 1432 a
537 1375 701 1451 patribus
736 1372 870 1450 (cultos
898 1394 1049 1451 occepe-

88 1465 171 1518 rint.
954 1472 956 1475 ’

150 1546 193 1602 ln
218 1539 385 1619 ortibus)
407 1535 567 1600 delubra¹
590 1542 755 1600 habento:
783 1541 877 1599 lucos
900 1545 932 1599 in
957 1547 1050 1616 agris

87 1628 240 1685 habento
261 1633 297 1681 et
319 1624 439 1681 Lunum
460 1626 569 1682 sedes.
610 1629 702 1683 ritus
725 1625 875 1683 familiae
896 1635 1050 1700 patrum·

86 1726 154 1785 que
176 1715 359 1764 seruante.

152 1794 256 1849 [liuos
282 1799 316 1847 et
349 1807 423 1861 eos,
458 1792 515 1865 qul
549 1792 722 1852 caelestes
754 1809 891 1866 semper
923 1793 1049 1872 habiti,

86 1877 249 1946 colunto,
277 1882 311 1932 et
333 1874 438 1946 ollos,
465 1891 552 1949 quos
580 1877 666 1932 endo
689 1877 787 1933 caelo
810 1878 935 1933 merita
956 1877 1050 1935 loca·

87 1963 221 2031 norint,
244 1957 440 2030 Herculem,
460 1958 635 2029 Liberum,
655 1960 915 2035 Aesculapium,
930 1960 1048 2018 Gesto-

86 2059 171 2114 rem,
190 2042 385 2113 Pollucem,
405 2040 598 2114 Quirinum,
619 2051 673 2100 ast
694 2043 778 2119 olla,
800 2054 944 2119 propter
964 2063 1049 2119 quae

87 2128 190 2183 detur
217 2125 348 2182 hominl
376 2142 540 2182 ascensus
569 2127 601 2182 in
630 2126 1049 2200 caelum,i1eutern,Vir·

88 2218 211 2280 tutem,
239 2209 422 2280 Pietatem,
450 2208 577 2266 Fidem:
614 2226 796 2283 earumque
823 2210 964 2268 laudum
992 2213 1048 2268 de·

87 2293 186 2350 lutra
207 2301 325 2363 sunto,
347 2309 387 2350 ne
409 2293 536 2350 nucula
559 2293 736 2350 uitiorum.

153 2375 254 2433 Sacra
278 2376 461 2433 sollemnia
489 2375 653 2436 obeunto.
694 2378 794 2434 leriis
822 2379 937 2452 iurgia
959 2394 1049 2437 amo·

87 2469 202 2517 uento
229 2475 354 2534 sasque
388 2462 423 2517 ln
451 2460 587 2517 lentulis
620 2459 784 2534 operibus
811 2465 961 2535 patratis
990 2465 1048 2520 ha·

87 2543 209 2607 bento;
237 2544 359 2618 itaque
387 2552 425 2600 ut
450 2547 497 2600 ita
523 2537 643 2601 cadat²
672 2545 703 2598 ln
732 2547 855 2601 annuis
878 2546 1048 2603 aniraoti·

86 2627 479 2700 busdescriptumesto.
514 2635 703 2697 certasque
724 2626 1048 2701 frugescertesque
1089 2662 1094 2671 ·

87 2710 185 2768 bacas
207 2711 412 2768 sacerdotes
433 2709 571 2785 publice
592 2708 743 2764 libanio:
768 2709 831 2764 hoc
859 2712 968 2766 certis
997 2727 1049 2766 sa·

87 2794 435 2865 criticilsacdlebus‚
458 2791 511 2852 20.
531 2796 683 2864 itemque
699 2790 838 2848 aliosad
854 2792 928 2848 dies
944 2791 1048 2848 uber-

87 2886 194 2935 tatem
214 2877 319 2936 lactis
341 2878 548 2951 loturaeque
570 2883 753 2944 seruato,
776 2874 878 2949 ldque
900 2893 937 2933 no
960 2893 1048 2933 oom-

87 2963 181 3019 mitti
208 2965 338 3036 possit,
360 2962 397 3018 ad
419 2978 487 3019 eam
508 2977 575 3017 rem
596 2953 749 3016 ratione³
770 2975 891 3017 cursus
914 2977 1048 3020 annuos

86 3045 294 3104 sacerdotes
323 3045 491 3118 linlnnto,
518 3060 672 3119 quaeque
702 3047 854 3117 quoique
882 3045 965 3101 diuo
993 3046 1048 3102 de·

86 3146 190 3188 corae
211 3137 401 3204 grataeque
423 3131 494 3185 sint
517 3129 655 3184 hostiae
677 3128 901 3201 prouidento.
938 3129 1048 3187 diuis-

87 3230 151 3287 que
180 3213 262 3270 aliis
290 3208 375 3287 (oliui
404 3212 623 3282 sacerdotes,
653 3211 811 3268 omnibns
839 3214 1048 3287 pantitices,

87 3297 244 3373 cingulis
265 3295 419 3353 llamlnis
441 3304 564 3365 sunto;
587 3297 818 3369 uirginesque
840 3295 993 3353 Vestalis
1015 3300 1049 3353 in

86 3378 1048 3454 urbecustodluntoignemlocipuhliolsemplternom.

151 3464 296 3538 Quoque
324 3466 406 3522 haec
433 3465 596 3539 priuatim
619 3472 652 3520 et
673 3462 811 3535 publice
834 3462 936 3519 modo
958 3464 1050 3519 ritu·

87 3567 152 3624 que
181 3550 286 3615 liant,
317 3548 480 3605 discunto
506 3549 621 3622 ignari
642 3563 657 3601 a
678 3547 832 3619 publicis
854 3547 1050 3603 sacerdoti·

86 3634 157 3692 hus.
210 3648 327 3689 eorum
364 3639 476 3688 autem
512 3647 636 3704 genera
668 3640 771 3688 sunto
811 3631 893 3703 trie,
932 3645 1050 3700 unum,

161 3820 182 3889 ¹)
198 3823 301 3873 Partim
315 3820 478 3885 Modnipium
492 3828 595 3870 secutus
608 3821 730 3883 supplevi.
758 3830 794 3869 *aa
807 3817 950 3865 Delubra
964 3815 1003 3864 ed.
1019 3814 1049 3863 V.

88 3892 218 3962 ’lMals'm
232 3901 259 3943 ut
278 3893 323 3943 rite
343 3891 457 3940 latentur.
494 3886 516 3954 ³)
534 3889 580 3938 Ex
597 3888 709 3938 Turneti
721 3890 753 3950 qi.
768 3888 883 3936 rationem
898 3884 949 3932 AB
960 3885 999 3932 ed.
1020 3883 1050 3931 V.
