2378 4386
486 559 513 596 ii.
532 558 660 595 varamus
677 558 784 595 raonis.
1052 549 1114 607 133

154 676 209 729 vol.
231 675 292 734 IIII.
311 694 338 745 p.
356 681 406 730 26⁷
428 692 486 746 seq.
506 676 656 730 ‘Natarum
677 675 807 730 laterculi
830 675 933 729 edente
955 674 1008 729 Th.
1027 674 1115 729 Mom-

155 743 290 863 {titt
306 744 411 863 illi?
422 742 736 864 il‘lttsbtttttt
757 741 1024 864 sustulit
1040 743 1116 865 tlt·

156 893 219 930 cum
237 827 419 945 opepeditus,
443 893 499 930 ηοη
521 877 658 955 estquod
675 828 778 942 dirisi,
801 892 876 931 nora
898 851 969 930 ha'cc
991 878 1118 931 subsidia

157 943 242 997 etiam
260 960 278 997 a
294 960 339 998 me
357 945 386 997 in
403 945 513 998 iteratis
535 960 609 999 curis
630 944 722 998 Probo
745 945 781 998 iiii
805 944 878 999 sniis
900 943 1028 998 adhibita
1045 960 1115 999 esse.

156 1011 168 1064 1
219 1027 254 1064 ue
272 1027 384 1079 prorsus
402 1013 582 1065 retractatam
605 1011 707 1079 accipis
724 962 809 1065 ercii
826 1010 991 1071 editionem,
1010 1012 1040 1065 iii
1060 1027 1117 1080 qua

155 1077 202 1130 lan
224 1078 262 1131 ati
275 1078 384 1132 codices
395 1078 431 1131 ad
447 1095 538 1148 nuper
550 1095 686 1143 excussos,
705 1084 745 1132 ed.
763 1080 806 1145 (-
823 1079 913 1146 editio]
930 1077 967 1132 ad
978 1078 1116 1132 Momseni

156 1160 259 1198 novam
276 1145 418 1198 referendi
430 1148 502 1199 sunt
537 1146 668 1199 Ceterum
680 1146 709 1197 in
721 1145 772 1209 his,
790 1160 863 1212 quas
881 1150 966 1199 antea
983 1146 1116 1199 exhibue·

157 1227 259 1279 ramus,
277 1228 334 1266 ηοη
352 1212 505 1266 admodum
517 1212 608 1265 multa
619 1211 756 1265 mutanda
766 1211 888 1265 fuerunt.
912 1212 1037 1266 Accessit
1048 1228 1115 1266 sero

157 1278 201 1331 liis
213 1281 397 1349 augmentum
409 1295 461 1332 nec
473 1279 581 1332 ambitu
594 1279 726 1348 exiguum
739 1278 769 1331 ct
780 1294 811 1332 ar
850 1281 945 1331 mento
957 1279 1060 1341 nobile,
1073 1280 1115 1332 iii·

158 1345 290 1415 signitum
303 1346 331 1398 iii
349 1346 402 1399 hac
419 1361 494 1398 noia
511 1345 635 1399 editione
652 1361 729 1398 num.
748 1351 785 1408 6,,
823 1360 839 1397 e
857 1360 913 1411 quo
929 1361 1003 1397 nnnc
1021 1345 1118 1413 aliqua

109 1413 313 1481 iuitprcefanda
330 1414 403 1469 sunt,
439 1412 528 1465 Citius
546 1412 635 1471 enim,
658 1427 742 1478 quam
760 1416 988 1479 exspectaveram
1005 1411 1065 1475 vol,
1084 1413 1118 1465 ut

156 1481 250 1533 verius
268 1478 368 1536 dicam.
381 1480 496 1545 praeter
507 1493 587 1546 spem
599 1476 794 1531 confirmatum
806 1478 850 1530 est
865 1475 896 1529 id
907 1477 983 1544 quod
994 1477 1024 1530 iii
1035 1494 1116 1546 sups-

155 1547 229 1600 riore
277 1545 431 1597 metatione
458 1543 494 1596 de
516 1543 614 1596 avulsa
637 1545 666 1595 et
689 1543 801 1611 perdita
827 1543 953 1596 extrema
974 1542 1118 1598 Valeriani

155 1564 284 1682 opusculi
301 1612 382 1678 parte
399 1610 582 1673 conieceram,
618 1610 756 1662 nanctae
775 1624 809 1662 ex
827 1609 906 1662 ‘iuris
921 1609 1010 1664 civilis
1027 1610 1116 1665 libris’

155 1679 265 1749 petitae
279 1676 498 1753 comprehensae
510 1626 631 1753 inermi·
653 1674 768 1729 Scilicet
777 1675 807 1729 in
819 1676 1017 1731 membranisa
1028 1677 1116 1732 Mom-

90 1766 95 1777 ·
154 1761 224 1799 sono
237 1743 372 1796 adhibitis
389 1745 433 1797 est
450 1742 537 1797 codex
556 1742 745 1808 Einsidlensis,
763 1742 870 1797 saeculi
886 1741 920 1809 X,
939 1743 1116 1813 alphabetico

154 1812 254 1866 ordine
274 1810 399 1880 digestus
416 1812 447 1864 et
468 1811 562 1864 cetera
584 1810 698 1878 quidem
716 1826 734 1866 a
750 1809 890 1879 Papiana,
914 1827 986 1878 quae
1004 1810 1114 1878 dicitur,

153 1883 286 1958 notarum
304 1877 414 1946 sylloge
430 1893 486 1930 ηοη
504 1877 642 1944 diversus,
661 1876 711 1931 sed
730 1877 897 1956 quibusdam
915 1877 1116 1955 additamentis

155 1944 596 2091 uetustissimis:
609 1944 1118 2092 ,titbtnttlu‘tttlttttct

178 2080 311 2134 robianae
325 2079 470 2132 exordium
482 2077 656 2133 Momsenum
669 2080 773 2133 docuit
802 2079 838 2133 Et
849 2096 921 2148 qnae
943 2096 988 2133 aiii
1001 2082 1116 2148 qiiidern

155 2147 255 2201 harum
271 2148 402 2201 notarum
425 2148 596 2200 conveniunt
618 2163 682 2199 cuin
704 2146 845 2224 hisquae
866 2148 921 2200 iam
938 2162 1114 2215 noveramus,

156 2217 189 2266 ut
204 2214 315 2267 tantum
327 2212 509 2267 emendandis
526 2214 560 2267 iis
570 2213 706 2267 inservire
717 2215 841 2281 possint3
861 2213 933 2267 aliae
946 2229 1012 2266 vero
1024 2229 1115 2268 novas

158 2281 230 2335 sunt.
264 2279 322 2334 Has
339 2279 499 2334 Momsenus
543 2286 617 2336 ,275
634 2295 692 2345 seq.
710 2279 803 2334 soluto
821 2279 918 2334 ordine
937 2280 1115 2348 alphabetico

156 2347 320 2468 iiiut
336 2347 484 2468 ἕποιο
502 2296 1114 2482 altstetemetretum

240 2431 276 2479 1,
353 2431 416 2466 rui.
488 2431 623 2478 ,uus
689 2431 715 2477 r,
862 2431 1114 2469 nsine

156 2480 257 2536 ductus
282 2431 337 2544 esi,
358 2480 497 2549 quaedam
526 2481 609 2534 notae
624 2431 714 2533 1iliter
739 2479 875 2534 locandae
903 2483 990 2539 erant.
1030 2482 1115 2535 Nolui

155 2549 250 2602 tamen
279 2548 308 2602 in
332 2564 361 2602 re
384 2549 442 2600 tam
465 2546 531 2601 exili
554 2546 589 2599 ab
613 2546 714 2600 ordine
736 2547 823 2599 semel
846 2549 951 2600 statuto
973 2548 1115 2614 recedere,

155 2618 275 2669 maxime
294 2631 358 2669 oiim
375 2617 411 2677 is,
430 2629 486 2681 quo
504 2613 611 2665 Probus
629 2629 695 2665 usus
717 2613 771 2670 est,
799 2613 910 2665 restitui
931 2612 1009 2666 nullo
1031 2614 1115 2666 modo

154 2683 251 2750 possit
288 2681 359 2736 Nam
377 2682 488 2735 etiamsi
519 2696 644 2743 onumus,
656 2680 748 2746 ipsum
762 2676 885 2730 Probum
897 2678 970 2731 hanc
987 2682 1116 2734 notarum

154 2751 265 2868 iiim
282 2749 435 2803 secundum
453 2699 638 2816 alphabetum
656 2745 807 2821 ordinasse.
827 2746 903 2822 certe
921 2745 945 2821 is
962 2747 1031 2798 ordo
1044 2745 1116 2801 alius

188 2817 218 2878 't,
236 2831 269 2870 ao
286 2831 341 2884 quo
359 2833 426 2869 usus
444 2818 487 2868 est
498 2815 551 2868 scri
573 2817 617 2866 tor
635 2813 696 2866 cod.
709 2811 893 2866 Einsidlensis
906 2827 1001 2866 eiusve
1020 2813 1115 2868 arche·

155 2881 329 3003 tymnm
347 2882 422 2935 enim
439 2832 632 2958 appamenus
645 2880 756 2957 tantum
774 2880 921 2957 continuas
932 2879 1020 2958 ipsius
1031 2880 1116 2936 Probi

154 2965 191 3003 no
296 2949 429 3003 formulas
446 2964 497 3017 pro
510 2949 627 3002 arbitrio
644 2965 674 3000 iii
686 2946 845 3016 complures
863 2947 1050 3016 discerpsisse,
1064 2948 1114 3004 sed

155 3017 241 3070 etiam
258 3033 294 3070 ex
312 3015 420 3081 eadem,
438 3032 494 3069 una
511 3015 635 3069 alterave
651 3016 763 3068 tantuin
776 3014 873 3068 littera
891 3015 999 3077 omissa,
1016 3016 1113 3085 plures

155 3083 262 3149 secisse,
281 3084 362 3137 velut
378 3087 444 3137 Dolo
466 3086 504 3135 Ve
522 3086 594 3136 Muto
615 3084 669 3136 Tuo
692 3084 721 3135 et
738 3086 804 3136 Dolo
826 3087 864 3136 Ve
883 3086 964 3149 Malo,
983 3088 1115 3138 Familiam

158 3155 313 3205 Testamenti
331 3154 414 3204 Causa
432 3151 463 3203 et
487 3153 640 3203 Testamenti
662 3153 758 3215 Causa,
777 3152 807 3203 et
824 3149 959 3217 quasdam
982 3150 1115 3204 formulas

154 3217 224 3273 adeo
243 3216 395 3283 mutilasse,
413 3218 446 3269 ut
462 3233 543 3270 sensu
561 3217 683 3279 careant,
701 3216 780 3269 velut
792 3221 863 3270 Moto
879 3221 932 3272 Tuo
949 3222 1053 3272 Factum
1066 3223 1116 3271 Est

155 3289 288 3339 Possessio
307 3289 376 3337 Dato
394 3287 453 3348 Est,
471 3287 553 3338 liebus
571 3287 648 3337 Recte
666 3288 807 3340 haectori.

219 3351 294 3414 Dixi,
311 3351 362 3404 has
378 3366 466 3404 novas
484 3352 564 3404 notas
577 3366 611 3402 ex
628 3357 692 3404 taric
715 3357 796 3404 ciuilis
814 3355 886 3404 tibris
904 3353 1029 3417 sumptas
1047 3366 1113 3405 esse.

154 3417 233 3483 Quod
263 3419 387 3486 probant
412 3417 534 3485 exempli
556 3416 649 3494 gratia
671 3417 807 3470 eiusmodi
830 3420 913 3471 notae
941 3421 1007 3470 Mitt
1028 3422 1114 3472 Heres

154 3489 222 3550 Erit,
242 3487 425 3548 HeredemQue
439 3488 522 3537 Meam
540 3483 700 3552 similesque
718 3484 895 3538 testamentis
907 3483 951 3537 vel
963 3484 1113 3538 contracti-

153 3550 204 3605 bus
221 3550 364 3630 propriae,
383 3551 484 3618 quibus
502 3566 553 3604 nec
571 3551 600 3603 in
618 3549 735 3620 legibus,
753 3567 804 3604 nec
822 3552 851 3603 iii
869 3550 940 3619 legis
957 3550 1114 3603 actionibus

154 3634 203 3673 nec
221 3636 250 3671 iii
269 3618 368 3672 edictis
390 3618 534 3686 perpetuis
556 3617 633 3670 locus
657 3620 725 3670 crat.
761 3618 820 3670 Nec
841 3617 906 3669 huic
930 3616 1114 3669 adversantur

153 3686 258 3740 multae
277 3685 363 3750 aliae,
385 3701 457 3752 queo
479 3700 644 3805 fluusquam
666 3685 788 3752 primum
810 3685 840 3736 in
862 3683 935 3752 legis
958 3684 1114 3736 actionibus

154 3753 343 3828 ponebantur,
367 3751 447 3804 velut
468 3751 478 3804 i
501 3767 530 3815 a,
556 3755 591 3803 'I'e
614 3755 680 3803 Milli
702 3757 773 3804 Dure
791 3755 889 3825 Facere
911 3753 1048 3825 oportere,
1067 3745 1114 3799 vel

154 3834 180 3870 in
193 3819 301 3883 edictis,
314 3820 347 3871 ut
358 3819 510 3887 pleraeque
528 3819 648 3881 ceterae,
660 3819 755 3870 tumen
772 3832 806 3869 ex
818 3817 861 3867 his
879 3818 965 3868 etiam
981 3830 1010 3866 in
1027 3815 1114 3866 libros
