2378 4386
153 524 217 591 374
449 538 510 576 ean
527 538 627 575 unsrun.
646 518 694 574 1v.
714 526 822 575 75-78.

216 672 1117 752 wdmfflfflfflfflmmfflmwwmmmmmi

153 767 257 824 turtum
282 766 397 822 fecerint
424 773 470 821 aut
495 764 618 821 iniuriam
639 765 837 834 commiserint,
861 763 971 820 noxales
998 767 1118 822 actiones

153 850 367 926 probibemus,
388 849 429 905 uti
443 848 540 906 boaret
559 849 631 922 patui
645 847 791 904 domiuoue
806 858 852 905 aut
874 848 930 905 litis
951 850 1118 907 aestimatio·

151 952 214 993 nem
227 934 345 991 suii'erre
360 942 407 991 aut
421 948 508 990 norae
523 933 635 989 dedere:
652 941 711 989 erat
726 934 796 989 enim
810 934 947 1007 iniquum,
970 935 1118 1008 nequitiam

152 1035 247 1077 eorum
263 1019 335 1075 ultra
349 1021 472 1094 ipsorum
487 1033 602 1091 corpora
617 1016 775 1091 pareatibus
793 1018 946 1075 dominisue
962 1019 1117 1077 damnosam

152 1120 223 1162 csse.
258 1099 307 1161 76.
330 1103 501 1159 Constitutae
521 1110 587 1158 suut
607 1111 698 1158 autem
720 1102 829 1158 noxales
845 1104 966 1159 actiones
982 1113 1029 1160 aut
1050 1104 1116 1179 iegi-

151 1186 204 1246 bus
218 1196 266 1244 aut
282 1187 372 1245 edicto
390 1187 540 1261 praetoris:
563 1186 688 1260 iegibus,
703 1187 780 1243 uelut
795 1186 862 1243 iurti
878 1186 939 1261 iege
952 1204 1000 1244 ιιι
1014 1188 1117 1245 tabula·

151 1288 222 1343 rum,
243 1273 333 1330 damni
351 1272 464 1328 iniuriae
483 1270 545 1344 iege
560 1270 680 1345 dquiiim
701 1271 791 1328 edicto
808 1274 955 1345 praetoris,
980 1272 1055 1329 uelut
1077 1275 1117 1329 iu·

151 1357 280 1414 lunarum
296 1365 324 1414 et
339 1357 368 1413 ui
383 1355 517 1413 bonorum
532 1364 682 1430 raptorum.
718 1350 761 1414 77.
784 1354 884 1412 Omnes
899 1366 989 1413 autem
1005 1356 1116 1413 uenales

151 1443 272 1510 acssoass
287 1450 369 1516 eaput
383 1448 550 1514 sequuntur:
573 1456 634 1496 nem
653 1442 678 1497 si
700 1437 772 1496 fliius
795 1450 858 1497 tuus
873 1456 1004 1497 seruusue
1019 1457 1116 1497 ueram

151 1527 326 1596 commiserit,
342 1525 469 1600 quamdiu
483 1525 511 1581 iu
526 1532 574 1581 tua
588 1533 725 1597 potestate
740 1534 797 1593 est,
820 1534 910 1582 tecum
925 1533 968 1583 est
981 1525 1070 1594 actio;
1092 1527 1116 1580 si

150 1612 178 1667 iu
193 1611 305 1667 alterius
319 1617 484 1686 potestatem
499 1611 673 1683 peruenerit,
696 1626 757 1666 cum
779 1609 828 1666 illo
843 1611 939 1684 incipit
954 1611 1023 1666 actio
1038 1625 1115 1677 esse;

151 1696 175 1750 ai
189 1697 233 1751 sui
247 1696 315 1751 iuris
328 1695 450 1769 coeperit
467 1709 543 1763 esse,
559 1692 661 1750 directa
676 1695 746 1751 actio
761 1695 899 1768 cumipse
915 1704 972 1764 est,
987 1703 1015 1752 et
1030 1710 1116 1751 norae

151 1777 255 1836 deditio
276 1780 454 1854 extinguitur.
491 1793 525 1833 en
544 1776 655 1833 diuerso
677 1794 786 1852 quoque
807 1779 909 1836 directa
926 1781 996 1835 aetio
1012 1779 1116 1835 noraiis

151 1879 212 1920 esse
237 1864 346 1939 incipit:
369 1879 430 1919 uam
457 1863 480 1917 si
508 1862 699 1934 paterfamilias
718 1879 817 1920 noxam
838 1864 1020 1932 commiserit,
1044 1872 1072 1919 et
1093 1865 1115 1918 is

151 1964 182 2004 se
196 1949 225 2004 iu
239 1946 446 2023 adrogatiouem
461 1947 509 2002 tibi
527 1944 633 2002 dederit
648 1957 695 2003 aut
709 1963 807 2004 aereus
823 1956 887 2003 tuus
903 1963 963 2003 csse
982 1949 1115 2020 eoeperit,

152 2030 252 2107 (quod)
267 2030 428 2106 quibusdam
443 2028 548 2087 casibus
564 2030 685 2088 accidere
706 2032 793 2105 primo
815 2032 1008 2088 commentario
1032 2028 1115 2086 tradi-

152 2116 250 2186 dimus,
266 2117 361 2192 incipit
375 2123 465 2172 tecum
482 2113 585 2172 nonalis
600 2117 670 2173 actio
686 2132 756 2186 esse,
774 2131 842 2188 quae
856 2123 919 2171 aute
932 2115 1035 2170 directa
1051 2114 1113 2170 iuit.

151 2196 198 2257 78.
218 2200 271 2257 Sed
290 2202 313 2256 si
333 2199 405 2255 fliius
425 2200 495 2273 patri
517 2209 564 2257 aut
584 2216 682 2257 seruus
703 2199 813 2257 domiuo
828 2215 924 2255 noram
938 2200 1115 2271 commiserit,

152 2284 227 2341 uuila
242 2286 312 2341 actio
327 2286 462 2341 nascitur:
484 2284 559 2342 nulia
576 2287 646 2341 euim
662 2286 772 2342 omuino
787 2285 858 2341 inter
873 2300 916 2340 me
930 2292 959 2340 et
973 2299 1054 2355 eum,
1070 2286 1115 2358 qui

151 2372 179 2425 in
195 2375 331 2443 potestate
345 2385 404 2425 mea
418 2377 475 2433 est,
499 2368 628 2444 obligatio
650 2370 723 2427 nasci
744 2378 850 2444 petest3
870 2369 987 2443 ideoque
1007 2378 1035 2425 et
1050 2370 1074 2425 si
1089 2371 1116 2425 iu

80 2461 139 2513 118.
152 2453 263 2511 alienam
287 2446 290 2531 (
315 2461 478 2528 potestatem
501 2456 658 2529 peruenerit
680 2463 728 2511 aut
746 2456 790 2511 sui
811 2454 878 2510 iuris
901 2470 962 2511 asse
984 2456 1114 2528 coeperit,

149 2554 240 2613 nsque
261 2555 321 2596 cum
341 2541 400 2616 ipso
420 2556 510 2614 neque
524 2556 586 2596 cum
601 2555 650 2610 eo,
671 2540 749 2596 cuius
764 2555 837 2596 nunc
856 2540 883 2594 in
904 2547 1041 2612 potestate
1063 2548 1115 2612 est,

150 2625 194 2699 agi
214 2633 317 2700 potest.
347 2623 418 2681 unde
439 2625 591 2700 quaeritur,
613 2625 636 2680 si
652 2623 756 2680 alienus
776 2640 875 2680 seruus
898 2622 1004 2680 iiliusuc
1020 2640 1114 2681 noxam

149 2710 315 2768 commiserit
330 2711 411 2787 mibi,
436 2718 464 2767 et
483 2712 505 2766 is
528 2718 624 2783 postea
638 2710 666 2766 in
681 2724 741 2765 mea
755 2724 817 2765 esse
831 2708 953 2782 coeperit
968 2718 1113 2782 potestate,
1124 2721 1176 2777 (999)

150 2803 242 2852 uuum
256 2794 401 2854 intercidat
415 2796 496 2866 actio,
512 2810 545 2849 ao
562 2794 697 2867 quiescet:
721 2793 808 2849 nostri
825 2800 1016 2866 praeceptores
1031 2793 1115 2849 iuter·

149 2879 239 2937 cidere
254 2888 366 2955 putant,
388 2881 450 2953 quia
465 2880 493 2934 iu
508 2894 570 2934 cum
585 2894 676 2933 casum
692 2877 808 2934 deducta
823 2879 876 2948 sit,
899 2878 927 2933 iu
942 2894 997 2951 quo
1012 2871 1115 2934 'initio²

148 2965 299 3019 consistere
310 2980 366 3020 nou
378 2964 510 3037 potuerit,
525 2961 651 3035 ideoque,
667 2962 731 3018 iicet
742 2963 838 3018 exierit
851 2962 885 3019 de
896 2978 954 3018 mea
967 2970 1113 3035 potestate,

149 3061 232 3120 agere
247 3063 290 3103 me
305 3063 360 3103 non
382 3062 479 3121 posse3
502 3045 626 3102 diuersae
645 3046 756 3103 scholae
775 3056 916 3111 auctores,
938 3043 1063 3120 quamdiu
1085 3045 1111 3099 in

149 3144 207 3186 mea
222 3138 359 3203 potestate
374 3132 421 3199 sit,
436 3131 576 3203 quiescere
589 3130 723 3187 actionem
736 3139 843 3204 putant,
859 3136 927 3203 qaia
937 3132 996 3204 ipse
1007 3144 1113 3185 mecum

222 3267 242 3334 ¹)
256 3272 380 3321 maleficiis
399 3272 485 3322 Instit.
506 3273 549 3323 iaie
567 3279 592 3322 et
610 3275 633 3336 ς.
648 3285 695 3324 119.
719 3275 766 3324 aed
782 3274 900 3323 maleficio
919 3272 1114 3324 9916999999.-

149 3341 182 3391 L.
196 3354 218 3396 s.
237 3341 269 3390 D.
285 3342 317 3392 de
331 3342 378 3393 obi.
394 3351 418 3393 et
432 3351 482 3393 act.
499 3342 545 3406 (ts,
559 3342 591 3408 t).
648 3341 670 3410 ²)
685 3344 730 3394 Ex
748 3344 849 3394 Blubm.
869 3344 977 3403 Sebed,
996 3343 1042 3393 sebi
1054 3351 1114 3393 cute

148 3420 262 3463 notatum
276 3413 309 3463 tio
323 3415 463 3463 accusandum
479 3410 528 3463 1²¹²
536 3418 687 3478 corruptela
701 3418 847 3465 litterarum
861 3416 894 3464 ini
905 3416 991 3479 fuisse
1003 3416 1113 3464 videtur.

150 3484 190 3547 Cf.
205 3485 241 3534 ed
254 3487 277 3548 ξ.
293 3497 313 3537 a.
334 3484 355 3534 I.
371 3486 403 3534 de
422 3487 507 3536 instit.
525 3486 691 3552 91ἰρ.(9,19)
710 3504 726 3537 a
742 3487 893 3537 Scbradero
911 3488 1034 3553 cliepote.
1062 3480 1113 3535 Om.

148 3553 235 3606 Iussit.
250 3557 290 3606 ed.
304 3555 378 3607 send.
397 3557 460 3607 actio
475 3564 552 3607 antea
566 3557 699 3608 edebatur.

220 3678 245 3751 ἦ.
260 3683 302 3733 'ib-
318 3702 352 3723 =
362 3696 407 3743 pr.
422 3681 445 3744 fi.
461 3682 531 3744 afin.
551 3681 573 3730 I.
589 3682 620 3731 de
635 3685 725 3732 nexui.
740 3689 790 3732 eci.
806 3681 837 3747 (s,
852 3681 884 3745 9).
906 3682 944 3745 Cf.
957 3682 1033 3731 Paul.
1049 3693 1114 3744 9,91.

149 3753 175 3814 §·
189 3765 210 3805 t.
229 3768 310 3816 supra
325 3765 346 3814 1,
361 3762 408 3803 149.
463 3748 489 3820 §
505 3754 633 3815 Ηυξ.
646 3765 667 3804 t.
688 3753 710 3805 I.
726 3753 759 3803 ib.
815 3749 841 3822 §
857 3755 987 3815 ii.=§.
1002 3764 1023 3804 n.
1044 3753 1066 3801 I.
1081 3751 1113 3801 ib.

150 3822 190 3885 Os.
207 3822 283 3872 Post.
298 3835 319 3885 9,
333 3835 367 3875 aa.
387 3823 428 3885 §b-
447 3835 466 3875 9.
485 3835 506 3875 9.
529 3824 608 3888 primo
627 3821 726 3893 comm]
744 3825 768 3886 5.
789 3837 835 3877 uso.
891 3820 916 3892 §-
938 3827 979 3876 78.
1002 3824 1041 3886 Cs.
1056 3825 1080 3885 ξ.
1095 3835 1114 3873 s.

148 3892 171 3943 1.
187 3893 219 3943 ib.
240 3893 271 3942 L.
288 3906 320 3947 19.
335 3908 369 3948 ts.
390 3893 422 3943 D.
437 3896 469 3945 de
481 3895 548 3957 sart.
564 3893 609 3959 (tt,
623 3895 656 3961 9).
675 3894 707 3944 L.
722 3907 756 3948 tt.
776 3895 809 3946 Ι).
824 3896 856 3945 de
871 3896 960 3946 nexui.
973 3902 1025 3943 eet.
1036 3894 1068 3960 (9,
1082 3892 1114 3958 t).
