2378 4386
63 39 1188 327 m

182 583 244 649 734
381 652 387 666 0
415 602 511 637 ruem
531 601 584 637 run.
602 569 663 636 sorr.
684 600 770 636 verre.
790 588 904 636 st-ot.

181 748 245 788 cusu
262 730 349 786 ualeat
372 723 573 802 ’(ειίριιῐιιιίο),ι
596 733 663 803 quio
678 745 710 785 er
725 729 860 802 praesenti
882 729 957 784 uires
980 730 1084 803 accipit
1101 734 1152 787 sti·

182 815 299 887 pulsetis,
328 815 450 886 quemuis
472 814 570 886 petitio
593 829 625 868 er
648 829 678 869 en
701 828 832 886 suspensa
854 813 898 872 sit.
945 807 1051 890 [titt.]²
1082 813 1151 871 item

181 889 277 953 seruo³
298 898 342 952 uie
362 897 495 952 inutiliter
516 897 638 971 legatum
661 895 806 970 stipulatur
829 904 919 952 autem
944 911 1005 952 eam
1031 898 1149 968 utiliter,

180 982 203 1037 sl
218 979 344 1036 domiuus
359 979 473 1036 fundum
487 979 590 1038 habeat.

243 1059 288 1123 57.
314 1057 508 1121 ⁴Ususfructus
530 1062 583 1120 ‘do
599 1061 680 1136 fego'
703 1079 783 1118 seruo
806 1063 913 1136 legatus
929 1072 1024 1120 morte
1039 1074 1069 1121 et
1085 1065 1149 1122 alie·

181 1149 290 1205 uitione
311 1148 384 1204 serui
407 1149 492 1221 perit;
515 1149 537 1203 si
552 1147 713 1220 stipuletur,
736 1162 790 1203 nou
811 1149 894 1219 perit:
918 1149 1007 1220 igitur
1030 1157 1060 1204 et
1083 1157 1148 1222 post

181 1241 296 1289 mortem
319 1248 407 1303 suem,
437 1232 507 1288 stcut
529 1240 633 1300 cetera,
661 1229 859 1286 usumfructum
887 1247 988 1287 seruus
1017 1233 1146 1306 stipulari

181 1323 288 1392 putest;
312 1315 384 1389 quod
400 1316 478 1371 aliter
493 1316 578 1370 estin
592 1314 699 1387 legatis.

243 1397 293 1456 te.
316 1393 364 1455 ⁶Si
385 1400 463 1455 heres
480 1398 563 1469 fundi,
586 1399 662 1454 cuius
682 1397 852 1454 ususfructus
874 1395 985 1471 abipso
1002 1399 1056 1455 sub
1079 1417 1145 1457 oon·

77 1479 296 1552 [rolesbutctonc
313 1482 419 1556 legatus
435 1476 439 1558 Ι
456 1485 501 1547 sit,
525 1482 721 1538 usumfructum
738 1482 873 1554 legsuerit
886 1497 980 1552 pure,
1006 1485 1062 1539 sod
1074 1500 1145 1556 pen·

89 1554 161 1621 ivi·
182 1570 265 1625 olente
276 1570 326 1623 illc
340 1568 514 1636 coriuicione,
528 1570 586 1635 olii,
601 1570 791 1635 existentem,
803 1564 902 1620 desiuit
912 1564 945 1620 ad
958 1569 1145 1638 posteriorem

183 1652 322 1724 pertinere
338 1656 366 1706 ot
384 1654 479 1720 priori
498 1652 677 1722 acquiritur;
698 1665 752 1704 nec
768 1653 795 1704 si
808 1653 833 1705 is
847 1656 950 1721 posteo
966 1649 1085 1706 desierit
1100 1651 1144 1707 lm·

182 1733 245 1789 bere
261 1733 477 1804 usumfructum,
499 1735 539 1789 oei
550 1736 745 1802 posteriorem,
762 1734 814 1788 scd
826 1734 866 1788 od
879 1735 1024 1790 dominum
1041 1750 1144 1791 reuer-

182 1821 268 1874 titur.-
290 1819 353 1872 item
370 1834 400 1872 ac
415 1818 438 1871 si
454 1818 514 1887 quis
531 1815 727 1871 usumfructum
747 1819 887 1889 teqouerit
903 1815 1023 1873 ffouiue
1044 1822 1144 1887 uxori,

181 1905 277 1959 sinon
292 1905 435 1972 nupserit,
453 1901 535 1970 Titio,
550 1903 572 1954 si
585 1915 615 1953 ca
628 1901 760 1971 nupserit,
776 1898 892 1955 nubente
905 1916 935 1955 en
952 1903 1145 1971 ususfructus

185 1986 256 2042 Titio
276 1987 425 2056 quaesitus
445 2002 502 2041 nun
523 1984 563 2039 ccl
576 1983 699 2038 Meuium
717 1988 861 2053 pertinet,
884 1987 948 2039 siis
964 2001 1029 2040 eum
1045 1984 1144 2041 deinde

182 2071 303 2136 amittet3
323 2070 345 2124 si
361 2071 494 2123 iurauerit
510 2083 589 2130 uero,
605 2082 670 2121 cum
685 2068 814 2135 nuberet,
828 2074 942 2140 purtem
958 2075 1073 2125 tontum
1090 2070 1146 2126 sibi

182 2153 327 2214 seruabit‚·
347 2153 419 2224 legis
435 2153 504 2206 euim
520 2149 694 2219 beneficium,
717 2159 852 2223 quatenus
872 2154 928 2220 ipsi
944 2154 1070 2224 leporium
1086 2160 1142 2221 est,

183 2252 240 2292 non
263 2236 386 2304 amplius
408 2235 502 2290 nubet.
548 2233 606 2291 Soti
627 2237 780 2300 uideamus,
803 2233 867 2307 quitl
883 2234 1030 2291 dicentium
1047 2235 1096 2305 sit,
1119 2237 1143 2291 si

183 2319 270 2372 'fitius
285 2319 408 2389 leporum
427 2318 626 2387 repudinuerit
641 2324 668 2373 et
683 2320 784 2375 deinde
803 2322 899 2389 cupite
919 2319 1074 2375 diminutus
1090 2321 1142 2384 sit;

167 2380 248 2456 'nihil
264 2401 334 2455 euim
350 2399 452 2471 habuit,
468 2402 541 2473 quoti
553 2402 701 2458 amitteret.
728 2404 847 2459 scrineo
864 2410 930 2457 tunc
946 2411 1143 2475 consequetur

183 2484 291 2554 Meuia,
307 2485 384 2556 quoti
396 2486 494 2541 dotum
510 2493 551 2541 est
566 2486 652 2558 Titi03
668 2501 698 2541 ac
713 2487 735 2541 si
753 2486 778 2541 id
795 2489 882 2559 ipsum
899 2493 1017 2542 testator
1028 2503 1142 2560 expres·
1152 2493 1188 2543 [su

182 2571 269 2638 serit,
297 2572 347 2639 qui
365 2573 489 2640 primum
518 2577 603 2626 totum
632 2569 843 2640 usumfructum
864 2571 1002 2642 tequuerit
1027 2570 1141 2641 lfeuire,

183 2652 278 2710 deinde
290 2653 360 2708 Titio
374 2662 488 2726 purtem
503 2656 546 2711 iffi
560 2656 719 2726 ademptum
735 2656 933 2725 adscripserit.
1117 2644 1121 2651 ⁴

85 2724 173 2804 cviiii.
246 2732 293 2796 59.
318 2730 398 2811 ⁶Ulp.
413 2737 459 2794 lili.
472 2737 546 2794 lfl'll.
559 2738 590 2793 orl
603 2737 737 2793 Sabinum.
777 2738 879 2794 Verum
895 2744 948 2808 ost,
965 2738 1039 2793 eliern
1054 2741 1144 2813 lequti

79 2810 110 2847 ‘¹'
121 2809 173 2847 ³⁴⁸·
185 2822 376 2894 ususfructus
396 2826 481 2879 senet
503 2829 611 2878 tontum
629 2820 737 2881 cedere:
762 2820 929 2893 'quamquem
953 2813 1040 2875 enimi
1063 2838 1142 2877 usus·

185 2905 289 2962 fructus
307 2921 346 2962 ecc
358 2906 486 2977 furiendo
503 2909 654 2975 consistet,
678 2905 708 2958 iti
720 2911 763 2959 est
775 2904 859 2975 facto
875 2905 969 2974 aliquo
990 2908 1068 2975 eius,
1094 2908 1144 2979 qui

182 2989 298 3060 fruitur
314 2997 340 3046 et
357 2992 450 3061 utitur,
468 2999 554 3046 tamen
570 2990 594 3044 ei
610 2986 692 3044 semel
709 2987 779 3044 cetlit
794 2989 863 3043 elios.

260 3164 280 3230 ¹)
293 3166 386 3230 Supptr
394 3183 428 3216 esc
438 3168 497 3231 usp.
551 3162 571 3229 ἵ)
583 3165 620 3226 Cf.
632 3164 663 3212 L.
672 3176 691 3215 5.
703 3176 722 3214 2.
738 3165 769 3213 t).
781 3165 812 3212 eie
821 3179 886 3213 sero.
898 3166 945 3229 leq.
958 3163 1003 3229 (stt,
1013 3157 1048 3222 ³)·
1064 3165 1096 3214 h.
1107 3176 1142 3216 st.

186 3242 208 3301 ς.
219 3249 240 3286 1.
256 3235 287 3283 D.
298 3236 329 3284 de
339 3239 387 3300 leq.
398 3248 418 3286 8.
433 3235 465 3283 L.
481 3247 513 3285 rt.
533 3236 566 3283 D.
581 3236 612 3283 de
626 3238 685 3297 stip.
700 3250 766 3283 seru.
782 3233 826 3298 (⁴5,
836 3235 867 3301 s).
887 3234 919 3283 L.
931 3247 962 3285 te.
983 3235 1014 3282 D.
1026 3236 1059 3284 dc
1073 3251 1141 3284 reru.

181 3326 208 3372 p.
224 3321 246 3353 r.
262 3305 293 3367 (8,
308 3307 338 3366 a).
404 3302 424 3368 ⁸)
440 3306 505 3353 ltem.
526 3306 601 3353 Seruo
611 3306 668 3352 erfrf.
688 3303 740 3353 Sed
750 3307 806 3354 ltem
823 3308 847 3353 iu
863 3307 935 3354 nouis
949 3306 1084 3367 speciebus
1099 3307 1142 3355 ftic

185 3377 275 3436 ubique
290 3376 423 3431 omittitur,
438 3382 463 3422 et
477 3376 627 3437 aequiperat
637 3375 713 3423 ICtus
727 3378 805 3424 ulium
820 3391 905 3425 cusum
916 3377 1016 3423 inutilis
1027 3378 1055 3424 in
1065 3390 1142 3425 seruo

184 3445 271 3510 teperti,
287 3446 357 3491 utilis
371 3446 554 3506 stipulationis.
620 3441 641 3509 ⁴)
658 3445 695 3507 Cf.
711 3446 741 3493 L.
758 3457 790 3495 ll.
807 3457 839 3497 15.
861 3446 886 3494 C.
902 3446 933 3494 ric
948 3447 1031 3508 usufr.
1048 3445 1081 3510 (3,
1095 3447 1141 3511 ³8).

186 3515 206 3580 ὓ)
223 3512 261 3573 Cf.
277 3513 307 3561 L.
324 3526 357 3563 16.
382 3515 412 3562 D.
428 3514 495 3578 quib.
511 3515 576 3564 ruod.
597 3517 692 3577 ususfr.
712 3532 759 3563 orn.
775 3515 807 3581 (t,
821 3514 844 3579 t)
860 3515 927 3580 (eum
942 3515 972 3563 L.
990 3528 1036 3566 105.
1063 3517 1094 3564 D.
1110 3518 1142 3565 de

185 3586 259 3636 cond.
278 3592 303 3633 et
321 3585 384 3633 dem.
400 3596 438 3645 ³5,
456 3584 478 3648 1)
498 3592 522 3634 et
540 3587 576 3634 uel
592 3587 762 3649 posteriorem
778 3593 878 3648 partem
894 3583 974 3649 (‘item
990 3583 1042 3647 uc')
1062 3589 1142 3651 leqem

186 3657 278 3706 Iulium
290 3657 428 3704 miscellam
442 3655 517 3718 (ll'oo.
533 3667 566 3707 22.
582 3672 603 3705 e.
618 3655 664 3719 4³.)
678 3663 710 3717 et,
725 3671 789 3719 quoe
804 3658 962 3705 eontrarium
978 3658 1038 3716 fere
1054 3672 1144 3706 cusum

133 3760 137 3769 ·
186 3728 310 3782 continet,
331 3726 361 3775 h,
377 3738 410 3779 tt.
427 3728 457 3775 D.
469 3727 501 3777 eie
515 3727 588 3777 couri.
604 3726 804 3790 eidem.(35,1).
829 3725 926 3775 Eurum
941 3726 976 3774 od
989 3729 1144 3775 sententium

185 3800 294 3847 lucunas
309 3799 418 3861 espleoi.
471 3795 492 3862 ⁶)
508 3797 555 3846 Est
566 3797 595 3845 L.
608 3810 618 3847 ι
629 3812 673 3860 pr.
694 3797 724 3844 D.
736 3797 838 3860 quondo
848 3797 904 3845 dies
919 3811 955 3845 us.
967 3794 998 3861 (t,
1008 3796 1032 3860 s)
1047 3799 1143 3847 omisso

182 3869 331 3932 principio,
346 3869 414 3937 quod
427 3870 543 3932 supplevi
556 3866 649 3931 (poulo
664 3869 785 3916 aliterue
802 3865 935 3931 Munus).
995 3862 1015 3929 7)
1030 3866 1073 3916 Itu
1092 3866 1119 3914 V
1120 3865 1142 3915 ⁴.

188 3938 302 3990 Monns.
318 3940 357 3989 ed.
375 3938 472 3988 (initur
490 3938 548 3988 Vos.
