2378 4386
487 533 617 570 navares
636 533 752 570 ansanus.
1037 524 1097 581 127

144 673 225 732 neque
244 659 334 716 locum
348 661 377 716 in
392 675 422 715 ea
436 676 527 734 pugna
542 661 704 733 reliquerat3
720 659 798 715 aliter
812 660 855 714 lus
871 659 972 715 ciuicae
981 673 1100 714 coronae

144 753 219 814 negat
243 759 412 801 concessum.
448 743 584 800 Tiberium
606 752 695 800 tamen
717 743 858 799 Caesarem
879 741 1043 812 consultum,
1066 758 1100 798 au

144 826 249 882 ciuicam
265 843 392 882 coronam
408 843 502 900 capere
517 836 621 901 posset,
637 830 683 900 qni
698 829 785 884 ciuem
800 829 828 882 in
843 825 948 900 proelio
963 833 1101 882 seruasset

145 916 170 964 et
184 910 277 966 hostes
291 911 390 966 ibidem
406 910 474 966 duos
489 910 680 981 interfecisset,
700 910 746 966 sed
763 910 863 981 locum,
883 911 910 965 in
927 925 981 983 quo
997 926 1100 983 pugna·

144 989 196 1063 hat,
219 1010 273 1049 non
296 996 453 1050 retinuisset
475 1010 563 1067 eoque
584 995 646 1051 loco
667 995 761 1064 hostes
784 996 865 1067 potiti
880 1002 979 1063 essent,
1002 994 1099 1050 rescri-

144 1078 226 1147 pslsse
241 1077 316 1149 dicit,
327 1091 391 1133 ‘eum
407 1094 516 1151 quoque
531 1080 613 1133 ciuica
628 1079 738 1151 dignum
755 1079 848 1147 uideri,
864 1079 936 1152 qnod
949 1087 1099 1151 appareret,

145 1174 174 1214 ex
195 1169 246 1216 tam
267 1162 361 1234 iniquo
376 1162 438 1218 loco
455 1163 541 1217 ciuem
556 1161 589 1217 ab
604 1178 637 1217 eo
653 1169 800 1229 seruatum,
819 1170 851 1216 ut
866 1163 946 1216 etiam
962 1177 976 1216 a
992 1162 1101 1218 sortiter

144 1243 325 1317 pugnantibus
340 1247 451 1302 retineri
467 1262 520 1300 non
537 1247 665 1319 quiuerit.
680 1272 722 1285 —-
738 1245 804 1300 Gell.
820 1243 849 1314 5,
866 1244 894 1301 6.
912 1243 939 1315 S.
957 1243 1005 1299 14.

435 1401 478 1458 Es
499 1404 651 1459 incertis
673 1395 804 1457 libris.¹

203 1516 248 1577 18.
271 1518 402 1573 Masurius
419 1527 579 1588 auctorest,
602 1533 684 1572 curru
700 1532 808 1588 quoque
825 1515 1014 1588 triumphantis
1031 1532 1101 1590 myr-

153 1618 183 1657 ea
200 1617 301 1657 corona
319 1616 391 1655 usos.
409 1630 450 1639 —
465 1600 534 1656 Plin.
550 1600 581 1655 Ν.
599 1599 629 1656 H.
647 1598 697 1670 15,
714 1598 763 1654 29.
781 1599 807 1670 S.
825 1597 874 1655 38.

207 1680 254 1739 19.
279 1681 318 1737 Ob
342 1683 388 1737 lras
411 1698 503 1739 causas
526 1681 649 1756 equidem
671 1681 840 1751 crediderim,
862 1683 993 1738 honorem
1009 1685 1033 1740 ei
1052 1683 1101 1754 (sc.

140 1762 228 1837 lauro)
245 1765 366 1821 habitum
382 1768 408 1823 iu
425 1767 566 1840 triumphis
581 1767 681 1840 potius,
700 1782 778 1838 quam
795 1768 856 1839 qula
872 1764 1055 1823 suffimentum
1067 1772 1102 1825 sit

141 1851 230 1907 caedis
246 1851 365 1905 hostiurn
382 1859 409 1906 et
423 1852 559 1923 purgatio,
581 1859 611 1906 ut
626 1851 708 1906 tradit
722 1849 862 1908 Masurius.
880 1879 916 1891 -
934 1849 1002 1906 Plin.
1019 1850 1052 1908 N.
1068 1851 1100 1907 M.

95 2033 135 2085 les]
205 2014 258 2075 20.
282 2018 310 2073 ln
333 2017 443 2074 eosdem
465 2019 535 2074 situs
556 2019 700 2075 comitatur
721 2025 749 2073 et
770 2020 847 2090 spina
870 2020 1023 2091 nuptiarum
1040 2019 1102 2076 iaci·

143 2100 192 2156 bus
208 2103 430 2174 auspicatissimo,
447 2104 572 2175 quoniam
587 2101 650 2157 inde
666 2102 779 2157 iecerint
793 2112 927 2174 pastores,
943 2104 989 2174 qui
1006 2119 1102 2176 rapue-

142 2193 208 2240 runt
222 2183 340 2250 Sabinas,
363 2193 394 2241 ut
414 2194 510 2242 auctor
530 2194 571 2242 est
592 2185 732 2243 Masurius.
746 2213 788 2225 -
803 2184 871 2241 Plin.
888 2184 919 2242 Ν.
936 2184 968 2241 M.
987 2185 1035 2255 16,
1054 2185 1103 2243 18.

208 2344 254 2404 21.
277 2348 373 2407 Verum
395 2351 478 2408 altera
499 2352 572 2409 lotus
592 2354 618 2408 in
635 2351 781 2423 Voleauali,
804 2352 876 2425 quod
892 2352 1021 2408 Romulus
1038 2368 1103 2408 con·

144 2434 235 2489 stituit
256 2448 289 2488 en
312 2436 424 2491 uictoria
438 2435 471 2492 de
487 2435 616 2505 decumis,
639 2452 774 2508 aequaeua
797 2435 856 2491 urbi
878 2436 1056 2508 intellegitur,
1072 2444 1103 2491 ut

145 2524 240 2572 auctor
255 2525 297 2573 est
311 2517 454 2579 Masurius.
471 2549 511 2558 —
526 2519 593 2574 Plin.
609 2517 640 2574 Ν.
657 2517 689 2572 Η.
709 2518 758 2587 16,
774 2516 825 2572 44.
843 2517 872 2587 S.
889 2518 939 2575 86.

207 2595 256 2657 22.
279 2600 410 2658 Masurius
433 2602 546 2675 palmam
570 2601 663 2674 lupino
687 2599 756 2671 adipi
779 2600 883 2654 dedisse
906 2602 1033 2672 antiquos
1051 2606 1104 2653 tra·

145 2683 228 2751 didit3
243 2684 304 2741 ideo
319 2701 404 2742 nouas
419 2693 517 2756 nuptas
532 2684 580 2740 illo
592 2698 763 2757 perunguere
775 2684 862 2754 postis
874 2681 980 2751 solitas,
995 2680 1104 2753 nequid

146 2766 207 2821 mali
223 2766 408 2824 medicamenti
424 2769 579 2825 inferretur.
598 2797 634 2806 -
652 2766 719 2822 Plin.
737 2764 769 2820 Ν.
786 2763 817 2818 M.
835 2763 887 2836 28,
903 2765 931 2821 9.
949 2764 978 2834 S.
995 2763 1045 2821 37.

211 2845 260 2907 28.
282 2850 411 2908 Masurius
426 2853 581 2925 sanqualem
595 2850 755 2923 ossifragum
768 2865 828 2904 esse
840 2847 913 2918 dicit,
939 2847 1104 2904 inmusulum

146 2941 237 2989 autern
252 2934 356 3006 pullum
371 2935 487 3007 aquilae,
502 2938 659 3009 priusquam
676 2933 772 2989 albicet
788 2933 878 2989 cauda.
893 2962 936 2974 —
951 2932 1059 2990 Plinii.
1071 2931 1103 2989 Η.

149 3018 195 3087 ιο,
214 3017 241 3074 r.
259 3014 286 3090 ς.
302 3018 332 3075 s.

208 3097 256 3157 24.
280 3101 410 3158 Masurius
426 3091 587 3174 auctorest,
608 3100 640 3162 L.
656 3100 790 3175 Papirium
806 3110 967 3174 praetorem,
983 3102 1103 3158 secundo

146 3177 268 3241 herede²
283 3184 343 3258 lege
359 3194 472 3259 agente,
488 3185 621 3242 bonorum
639 3178 856 3259 possessionem³
871 3195 965 3241 contra
981 3203 1042 3241 eum
1057 3184 1103 3240 ‹le-

146 3267 230 3340 disse,
244 3285 306 3325 cum
321 3279 407 3326 mater
421 3279 527 3342 partum
542 3286 572 3325 se
587 3269 641 3324 lllll
654 3268 787 3324 mensibus
800 3266 901 3324 diceret
913 3270 1018 3340 tulisse,
1034 3284 1104 3340 quo·

147 3351 216 3408 niam
243 3351 347 3407 nullum
374 3362 477 3409 certum
500 3362 606 3426 tempus
628 3352 748 3424 pariendi
769 3359 869 3406 statum
892 3352 1040 3408 uideretur.
1064 3380 1102 3390 —

146 3432 214 3491 Plin.
230 3434 261 3490 Ν.
277 3435 311 3493 M.
327 3435 357 3506 7,
373 3437 402 3493 5.
419 3437 448 3508 S.
463 3435 483 3491 4
502 3446 528 3491 et
544 3453 576 3492 ex
591 3451 624 3491 eo
640 3436 708 3492 Gell.
725 3434 754 3506 3,
773 3435 821 3491 16.
839 3435 867 3505 S.
884 3434 933 3490 23.

146 3567 346 3577 ‚——„--

217 3628 238 3698 ¹)
252 3631 297 3682 Ex
306 3633 398 3698 quibus
406 3649 472 3699 quae
481 3633 711 3691 Pliniuaseruans't,
721 3648 771 3683 non
779 3631 867 3680 dubito
877 3632 962 3680 omnia
971 3628 1105 3678 memoria·

146 3704 207 3755 lium
220 3703 296 3753 libris
310 3703 406 3754 dederi.
432 3701 452 3769 ²)
467 3706 484 3754 i.
494 3720 517 3755 e.
529 3702 674 3754 substituto.
702 3700 724 3769 ⁸)
739 3704 756 3750 i.
772 3716 795 3750 e.
811 3700 953 3754 uindicias,-
968 3697 1106 3747 ueraenim

147 3774 252 3839 inperiali
260 3774 384 3825 bonorum
389 3777 519 3839 possessio
529 3789 610 3838 neque
620 3775 646 3822 in
657 3775 722 3838 lepis
729 3773 831 3822 actione
840 3784 920 3833 neque
928 3778 1104 3830 unquamcon·

146 3850 187 3894 tro
201 3847 312 3910 aliquem
326 3846 413 3895 datur.
