2378 4386
279 524 337 561 uos.
356 523 396 560 er.
415 524 476 560 neu.
494 522 583 560 nuova
601 520 708 558 oouur.
727 503 774 559 tv,
793 509 818 558 4.
963 504 1026 571 659

78 663 200 712 ramento
215 662 328 728 rogetus
343 661 385 710 est
400 652 431 709 ed
447 653 581 726 gladium,
603 651 648 708 uel
663 654 741 708 etiam
756 651 848 723 illum,
872 653 918 726 qul
933 668 1029 725 operas

78 756 155 807 suis,
178 747 289 796 uicum
312 737 404 794 bestiis
426 746 575 811 pugnaret,
598 730 719 793 locauit.¹
762 733 791 795 3.
812 735 864 792 Sed
885 745 912 792 et
931 735 1029 793 iudicio

78 822 186 896 publico
201 822 352 878 damnatum
374 821 437 876 licet
457 819 609 877 interlicere
625 823 652 876 in
667 818 801 876 adulterio
822 820 1029 893 deprehensum,

80 907 122 963 uel
144 905 279 963 ’libertum
295 899 400 962 uxoris²
422 905 466 960 uel
481 921 558 960 suum
575 903 619 961 uel
634 897 811 977 ’paternum,³
832 912 929 961 ettam
945 896 1029 960 ciuem

79 990 225 1047 Romanum
248 1005 327 1064 qnam
349 989 485 1043 Latinum:
508 987 573 1060 ’quo
595 987 656 1042 loco
680 996 707 1041 et
729 987 871 1044 dediticius
893 980 1031 1046 lmlnetur.⁴

79 1073 107 1131 4.
131 1075 184 1131 Sed
200 1083 227 1130 et
242 1074 324 1147 putris
340 1080 368 1127 et
383 1072 473 1127 matris
489 1080 516 1126 et
531 1069 577 1126 filii
592 1079 619 1126 et
635 1069 704 1125 liliae
720 1068 844 1127 libertum
866 1073 1032 1144 permittitur

81 1160 211 1214 occidere.
247 1155 276 1213 ὁ.
293 1154 376 1212 llebet
391 1162 477 1210 autem
494 1152 616 1228 profiteri
639 1145 753 1230 ’(νεηι)6
775 1154 845 1226 opud
861 1169 932 1224 eum,
955 1157 1032 1211 cuius

81 1242 231 1298 iurisdictio
246 1248 288 1297 est
303 1255 335 1294 eo
351 1239 422 1306 loco,
437 1237 483 1292 ubi
495 1238 603 1307 occidit,
619 1245 645 1291 et
660 1252 771 1292 uxorem
787 1236 929 1295 dimittere.
954 1235 1032 1305 Quod

81 1328 103 1382 si
126 1342 180 1382 non
204 1323 314 1391 lecerit,
341 1324 449 1394 impune
471 1336 525 1376 non
553 1311 728 1376 'interiecit.⁶
776 1314 804 1375 θ.
827 1318 968 1375 Sciendum
991 1330 1033 1376 est

81 1419 186 1478 eutem,
210 1406 301 1461 diuum
318 1405 431 1460 llarcum
447 1413 475 1458 et
491 1403 664 1459 Commodum
680 1403 866 1476 rescripsisse,
889 1418 966 1471 eum,
988 1405 1034 1476 qul

82 1484 244 1547 adulterum⁷
268 1488 370 1543 inlicite
385 1487 565 1555 interiecerit,
587 1486 683 1543 leuiori
698 1501 783 1559 poena
801 1487 899 1558 puniri.
937 1485 1034 1543 Sedet

82 1575 194 1645 llagnus
210 1567 375 1627 Antoninus*
390 1571 511 1644 pepercit
525 1573 574 1641 eis,
597 1571 643 1643 qui
661 1568 799 1626 adulteros
820 1570 975 1627 inconsulto
991 1587 1034 1627 ca·

83 1657 141 1712 lore
156 1656 229 1711 ducti
245 1654 447 1712 interfecerunt.
484 1653 522 1709 Et
544 1653 630 1726 reliq
641 1670 687 1709 ua.

12 1739 67 1788 titt]
146 1739 209 1811 llnp.
231 1737 272 1797 tv,
323 1736 410 1792 ldem
438 1737 561 1794 Paulus
590 1737 708 1794 eodem
737 1736 829 1792 libro
859 1738 1034 1811 slugularl

83 1832 116 1879 et
139 1819 255 1878 titulo.
292 1818 317 1879 1.
342 1819 391 1887 Qui
415 1824 473 1876 iure
495 1823 581 1877 mariti
605 1820 648 1878 uel
671 1814 775 1893 prtrls⁹
797 1829 920 1892 rccuset,
944 1829 1036 1895 potest

84 1916 112 1964 et
134 1908 191 1962 sine
217 1904 363 1960 calumniae
385 1920 471 1977 poeno
496 1906 579 1960 uinci:
607 1907 629 1960 si
640 1898 664 1937 ¹⁰
686 1905 745 1959 iure
772 1907 890 1960 extranei
918 1913 1035 1975 accusat,

84 1997 175 2064 potest
190 1988 335 2045 calumniae
350 2004 436 2061 poena
449 1989 550 2060 punirl;
565 1988 613 2044 sed
630 1996 731 2044 tantum
743 1996 806 2061 post
817 1987 885 2043 duos
902 1982 1035 2044 meuses¹¹

158 2163 177 2230 ¹)
194 2165 246 2214 Hic
261 2164 292 2215 ab
306 2156 517 2230 ὁμοιοτέλευτον
529 2165 588 2226 sere
602 2166 745 2214 exciderit:
759 2165 829 2228 quiue
844 2165 897 2214 leno
912 2165 956 2214 luit
965 2166 1036 2229 quiue

85 2245 159 2285 srtcm
175 2235 287 2284 ludicram
303 2243 356 2283 ente
371 2235 435 2295 lecit,
450 2236 503 2283 intre
519 2249 613 2284 sconem
629 2236 730 2285 saltandi
744 2235 884 2285 contundier
899 2250 970 2285 cause
981 2251 1038 2299 pro·

85 2308 136 2355 diii.
167 2306 205 2368 Cf.
221 2304 252 2353 L.
268 2317 293 2355 st
304 2321 347 2367 pr.
362 2305 394 2352 Ι),
410 2305 433 2352 lt.
449 2312 466 2352 t.
525 2301 1036 2370 ²)Hicnnttomodoamittipotait,cs.

85 2377 116 2427 L.
132 2388 165 2427 tt.
180 2378 223 2426 cit.
243 2378 313 2423 etism
333 2375 380 2423 Vi(
394 2375 528 2423 libertinum
543 2374 573 2424 B.
593 2375 638 2425 Ve.
653 2377 710 2425 edd.
729 2376 778 2426 liae
793 2377 892 2439 saetam
912 2392 946 2426 erc
965 2376 1038 2426 liber·

85 2456 133 2496 tum
150 2460 186 2495 ux.
242 2442 264 2509 ³)
280 2448 296 2493 i.
312 2461 333 2494 e.
345 2447 432 2507 patris
446 2447 539 2494 neoris
554 2448 592 2495 uel
605 2449 647 2494 sui
660 2447 795 2496 dernartui.
856 2445 877 2510 ⁴)
892 2446 957 2496 Eum
972 2450 1038 2497 enim

86 2521 129 2566 leur
144 2516 213 2564 Iulia
232 2517 343 2564 nondum
361 2523 482 2569 nosmet,-
502 2516 548 2564 sed
565 2530 599 2564 ex
613 2518 739 2566 sententia
753 2518 809 2566 eius
822 2525 867 2565 ant
886 2519 950 2566 ciuis
965 2517 1037 2567 liam.

86 2595 130 2636 aut
150 2587 242 2636 Latini
260 2589 316 2636 lora
335 2585 466 2634 tradendus
484 2593 553 2642 erat,
573 2587 607 2648 rs.
625 2586 680 2635 Gai.
696 2598 722 2644 u,
738 2597 833 2637 it—tt.
861 2586 922 2635 cun.
942 2594 966 2635 et
980 2588 1037 2639 edd.

86 2659 150 2706 daec
165 2657 241 2706 verda
256 2658 340 2719 inepte
354 2656 391 2704 ad
404 2659 497 2705 calcem
508 2658 531 2716 §-
541 2668 562 2706 t.
577 2657 730 2713 reiecerunt,
745 2656 812 2705 unde
826 2655 876 2704 leuc
890 2657 1038 2706 reuocanda

87 2734 169 2776 erant.
217 2724 238 2791 ⁶)
253 2727 312 2776 Hoc
326 2727 425 2775 excidit
439 2727 469 2776 ab
484 2727 636 2775 antecedens
645 2727 686 2775 ·ri.
713 2726 750 2788 Cf.
763 2723 897 2774 ‘testendoe
908 2726 943 2775 rei
954 2723 1036 2775 causu'

87 2798 119 2846 L.
134 2807 160 2847 25
171 2812 213 2859 pr.
234 2798 265 2846 D.
285 2797 309 2845 ir.
331 2807 348 2845 t.
369 2798 441 2859 infra
460 2813 481 2846 c.
501 2807 534 2846 tr.
556 2800 578 2858 ᾖ.
593 2807 614 2848 u.
688 2793 768 2861 ⁶)Em
785 2794 854 2845 Scal.
875 2798 908 2857 φ’.
928 2797 1039 2846 interlicit

90 2867 151 2915 cad.
166 2867 223 2915 edd.
237 2918 240 2927 ,
275 2864 296 2932 ²)
311 2867 350 2916 De
364 2868 485 2916 adultera
501 2882 568 2915 nunc
582 2868 696 2930 loquitar
710 2867 741 2915 L.
753 2877 786 2916 ott.
802 2868 824 2927 ἓ.
835 2877 856 2916 8.
874 2867 907 2914 D.
918 2865 942 2914 tr.
953 2873 979 2925 t,
993 2867 1041 2917 sed
1130 2904 1140 2921 .

89 2937 125 2986 ibi
138 2937 271 3000 tepentium
285 2939 387 2986 videtur
403 2938 481 2986 ttxoris
500 2939 523 2986 in
543 2937 658 2985 adulterio
679 2936 858 2999 deprehensum.
925 2933 946 3000 8)
961 2936 989 2985 Is
1002 2944 1040 2986 est

90 3007 253 3068 Caracallus,
272 3010 375 3073 circique
394 3008 495 3056 uidetur
514 3022 568 3058 esre
588 3007 619 3055 L.
634 3019 655 3056 4.
679 3006 704 3055 (J.
719 3006 743 3054 Ιι.
758 3012 775 3057 t.
792 3004 828 3071 (9,
842 3005 866 3070 u)
886 3009 1040 3070 rescriptum

89 3080 154 3136 itera,
170 3085 197 3127 nt
207 3077 239 3126 L.
250 3089 269 3127 e.
282 3078 314 3126 ib.
331 3078 541 3135 Iuliano'datum,
552 3079 620 3142 quad
629 3092 697 3126 nunc
706 3077 862 3125 Alexandro
871 3077 1039 3126 adscribitur.

88 3145 110 3211 ⁹)
125 3147 156 3196 B.
171 3148 214 3197 llic
227 3150 320 3210 repetit
334 3149 382 3211 qui,
398 3150 464 3197 unde
481 3149 603 3198 Pitlroeas
617 3149 653 3206 id,
667 3148 736 3212 quod
749 3162 833 3197 ornnes
845 3147 906 3196 Gau.
918 3147 950 3197 ab
965 3149 1039 3198 initia

88 3217 189 3279 liabent,
203 3220 295 3268 amisit.
363 3215 395 3283 ¹⁰)
410 3219 480 3268 Ideni
491 3227 568 3282 pater
583 3221 622 3268 oct
636 3220 751 3268 maritus.
813 3214 847 3282 ¹¹)
863 3217 972 3268 Priores
986 3219 1041 3268 edi·

88 3296 157 3338 tores
166 3289 208 3338 liic
219 3290 356 3351 periodum
366 3305 503 3352 perperam
515 3291 648 3351 finierunt,
657 3282 698 3338 Bl.
709 3290 784 3338 etiam
794 3290 817 3350 ξ.
829 3301 857 3346 1.,
868 3289 938 3354 quod
945 3290 1040 3352 effecit,

89 3366 115 3406 nt
129 3366 182 3408 tota
195 3361 322 3408 scatentia
337 3374 387 3408 non
402 3361 597 3425 inteltiperetar.
622 3360 805 3409 Accusatorcrn
816 3366 905 3409 tentum
916 3368 970 3422 post
981 3361 1040 3409 duos

88 3443 183 3477 menses
197 3431 341 3478 calumniae
355 3445 434 3478 causa
450 3432 555 3492 puniri,
573 3431 622 3480 lroc
637 3429 713 3478 sitiit
726 3445 794 3487 esec,
814 3445 884 3479 nemo
899 3444 948 3479 non
964 3431 1040 3480 uidet.

88 3497 141 3547 Sed
155 3498 263 3547 Paullus
278 3500 325 3547 lioc
340 3500 412 3555 dicii,
427 3502 544 3547 maritum
559 3503 598 3548 uel
608 3507 709 3562 patrem
723 3502 824 3549 exactis
838 3500 936 3549 duobus
950 3501 1040 3549 mensi·

89 3568 143 3627 lus,
158 3569 257 3633 quidus,
268 3571 382 3618 exclusis
392 3571 460 3627 aliis,
472 3571 583 3632 propria
598 3571 655 3616 iure
665 3578 797 3627 accusant,
812 3571 882 3617 intra
892 3572 959 3619 alias
969 3577 1041 3633 quat·

89 3648 148 3689 tuor
163 3654 259 3688 menses
275 3641 332 3687 iure
346 3641 466 3688 extranei
479 3654 604 3688 accusare
615 3653 698 3700 porse.
724 3638 774 3702 (Os.
787 3638 817 3686 L.
829 3652 861 3688 ιι.
877 3642 900 3700 5.
909 3651 929 3689 e.
945 3640 977 3687 D.
988 3640 1012 3688 n.
1023 3647 1040 3687 t.

88 3709 147 3774 etc.)
176 3710 316 3772 Proprium
335 3725 395 3759 uero
416 3724 503 3758 eorum
525 3711 565 3757 iris
584 3709 693 3756 maxime
711 3710 828 3757 consistit
849 3711 875 3757 in
898 3711 1042 3758 calrrrnniae

90 3781 248 3842 impunitate,
263 3794 337 3843 paam
348 3786 438 3842 postea
453 3785 605 3827 accusantes
614 3779 731 3826 amittunt
737 3795 746 3833 ,·
761 3778 795 3840 cs.
806 3778 838 3826 L.
848 3790 881 3829 ut.
897 3780 920 3839 ξ.
931 3791 951 3827 t.
968 3779 999 3826 D.
1010 3779 1042 3827 de

89 3851 180 3897 minor.
197 3849 229 3913 (t,
242 3848 274 3912 t).
291 3847 321 3895 L.
337 3860 357 3898 u.
379 3850 404 3897 C.
419 3848 443 3897 tr.
458 3856 475 3897 t.
490 3846 521 3911 (u,
536 3848 572 3913 9);
592 3848 658 3896 ande
671 3855 792 3910 apparet,
808 3863 873 3911 quae
887 3847 918 3896 L.
934 3859 966 3898 14.
983 3849 1005 3908 §-
1020 3859 1040 3898 a.

679 3964 684 3971 ,
775 3934 828 3987 42*
