2378 4386
253 508 313 545 uos.
331 507 365 544 er
380 506 443 543 sorr.
462 506 552 544 usoru
570 506 678 544 concur.
696 488 757 545 Vll.
776 495 801 544 3.
820 496 845 545 t.
961 491 1023 556 671

137 639 204 714 liap.
225 638 267 696 iii.
312 637 478 713 Ulpianus
507 636 595 694 libro
617 653 706 694 xrrrr.
729 638 766 695 nd
794 639 942 697 edictum
965 640 1028 698 sub

76 724 181 783 titulo
209 725 236 780 si
267 723 466 797 quadrupes
499 723 697 796 pauperiem
727 716 893 781 dederit.¹
936 720 962 782 1.
984 724 1027 781 in·

10 811 64 860 3⁵⁸⁴]
74 811 141 867 iuris
153 808 271 865 occisum
287 822 347 863 esse
363 807 458 862 merito
473 804 610 863 uliieitur:
627 807 767 863 nonenim
783 806 884 865 sufficit
898 810 1027 883 occisum,

74 894 120 951 sed
137 898 246 966 oportet
268 891 362 947 iniuria
385 890 411 945 id
434 905 493 946 esse
515 888 623 949 iactum.
667 888 783 946 Proinde
798 893 896 966 siquis
918 909 1026 950 seruum

75 980 205 1035 latronem
222 974 364 1044 occiderit,
384 973 446 1045 iege
461 971 565 1045 Aquilia
582 988 636 1029 non
652 981 775 1043 tenetur,
799 977 860 1048 quio
873 968 1027 1051 ’(ἰηίιινία)2

75 1079 129 1120 non
145 1059 250 1118 occidit.
295 1054 324 1116 2.
348 1055 400 1113 Sed
416 1065 443 1111 et
458 1071 645 1128 quemcunque
660 1057 740 1112 olium
756 1056 830 1114 ferro
845 1076 874 1115 se
890 1069 1027 1132 petentem

76 1149 121 1222 qui
134 1143 271 1206 occiderit,
286 1158 340 1198 non
357 1138 491 1197 uidebitur
506 1140 599 1194 tntum
613 1139 753 1195 occidisse.
776 1139 890 1198 Proinde
906 1146 928 1199 si
941 1144 1028 1201 iurem

76 1239 255 1296 nocturnum,
282 1241 362 1300 quem
384 1223 426 1280 tex
448 1221 587 1279 duodecim
616 1222 766 1278 tubulorum
789 1225 944 1282 omnimodo
967 1244 1029 1300 per·
1084 1272 1090 1295 ,

77 1315 159 1370 mittit
174 1307 307 1379 occidere,
327 1316 375 1364 aut
389 1307 529 1379 diurnum,
546 1322 625 1378 quem
641 1299 749 1379 'requei
764 1306 806 1362 tor
822 1310 965 1380 permittit,
981 1309 1027 1365 sed

75 1401 112 1454 ita
134 1396 256 1467 demum,
278 1394 301 1448 si
323 1407 352 1447 se
375 1390 430 1447 tolo
453 1388 590 1445 detentu:
617 1388 770 1461 uideamus,
792 1406 825 1445 nn
847 1391 908 1464 iege
923 1392 1029 1465 Aquilio

78 1477 220 1536 tenentur?
257 1474 288 1530 to
303 1474 466 1547 Pomponius
482 1471 600 1547 dubitet,
622 1488 685 1529 num
702 1474 767 1528 haec
781 1470 837 1529 leu⁴
858 1476 893 1530 sit
917 1476 943 1530 in
967 1491 1028 1534 usu.

77 1559 105 1620 3.
128 1562 156 1616 Si
172 1552 246 1631 quis⁵
267 1557 350 1613 'motu
372 1550 511 1631 (mortis)⁶
533 1556 619 1612 iurem
635 1557 775 1626 occiderit,
798 1574 852 1614 non
866 1557 1029 1631 dubitamus,

79 1646 142 1718 quin
165 1643 227 1715 lege
242 1641 345 1713 Aquilia
367 1657 423 1697 non
446 1647 583 1697 tenentur:
605 1642 648 1696 sin
669 1649 773 1714 sutem,
796 1658 856 1699 cum
875 1652 969 1715 posset
984 1643 1030 1700 od·

78 1725 260 1801 prehendere,
289 1723 383 1781 meluit
405 1724 542 1795 occidere,
570 1726 654 1799 magis
676 1734 735 1795 est,
761 1734 792 1781 ut
814 1727 909 1782 iniuria
931 1727 1029 1786 secisse

80 1811 215 1868 uidentur:
239 1824 305 1881 ergo
328 1810 406 1864 etium
429 1809 489 1883 iege
504 1808 625 1864 Cornelio
648 1802 806 1865 tenebitur.⁷
850 1809 1030 1868 Uoturiam

79 1903 168 1950 eutem
183 1893 304 1964 occipere
319 1892 363 1949 irio
378 1908 428 1947 nos
444 1900 554 1965 oportet
569 1908 623 1949 non
640 1891 863 1966 quemadmodum
876 1895 945 1950 circa
960 1896 1030 1951 iniu-

78 1981 176 2035 riarum
199 1977 343 2047 actionem,
366 1975 554 2031 contumelium
577 1975 724 2049 quondum,
747 1975 794 2032 sed
814 1977 886 2051 quod
903 1994 956 2033 non
972 1979 1031 2034 inre

80 2062 177 2118 iactum
193 2068 244 2129 est,
260 2060 313 2115 troo
327 2068 369 2115 ost
384 2069 477 2116 contra
493 2061 549 2124 ius.
567 2060 666 2131 idest,
683 2061 707 2114 si
722 2060 799 2133 ouipu
816 2062 1031 2134 quis-occiderit.

80 2145 117 2202 Et
140 2145 287 2216 reliquo.

142 2228 208 2301 Ksp.
224 2226 264 2281 iV.
294 2225 459 2300 Ulpianus
481 2225 571 2282 libro
594 2235 718 2284 octauo
741 2227 779 2285 de
802 2228 928 2286 oiiioio
951 2246 1031 2304 pro·

80 2312 238 2371 consutis
260 2308 321 2366 suls
344 2309 450 2365 titulo
474 2309 511 2365 do
534 2304 695 2366 inritus.⁸
737 2309 762 2367 1.
780 2311 863 2369 Fures
879 2312 911 2370 sd
927 2306 1029 2370 iorum⁹

80 2395 232 2451 remittendi
261 2402 323 2450 sunt
346 2394 450 2459 diurni;
479 2393 618 2449 'nocturni
641 2389 785 2468 quoquo¹⁰
813 2405 885 2452 cntra
909 2397 1030 2453 ordinem

155 2578 174 2645 ¹)
188 2580 274 2630 Etiam
288 2580 320 2629 rie
334 2579 382 2628 doc
396 2580 470 2628 titulo
484 2576 608 2641 Ulpianus
621 2580 722 2642 quidem
732 2581 851 2643 exposuit
865 2579 908 2630 tto.
922 2580 1031 2631 XVIII.

81 2653 118 2702 nd
130 2652 254 2705 edietum,-
267 2651 314 2699 sed
326 2664 391 2713 quoe
404 2656 553 2713 sequuntur,
568 2650 619 2696 iarn
633 2649 669 2697 nd
681 2657 823 2712 sequentem
838 2651 875 2698 tit.
893 2647 940 2698 ‘od
953 2653 1032 2715 tepent

82 2718 223 2786 Aquilinm'
243 2722 413 2784 pertinur'see,
434 2720 584 2783 quioculos
604 2718 753 2769 Coltectoris
769 2720 889 2784 superat,
910 2734 953 2768 res
973 2722 1032 2784 ipso

82 2793 155 2842 docet
169 2799 193 2839 et
208 2791 331 2840 Pithoeus
343 2789 495 2839 observavit.
525 2789 638 2838 Ceterum
652 2789 716 2839 Iruec
734 2791 829 2852 purtim
847 2796 950 2839 exstant
964 2790 995 2839 L.
1010 2803 1031 2842 s.

82 2872 148 2924 dpr.
163 2862 186 2922 ὅ.
198 2874 217 2910 1.
238 2861 269 2909 D.
280 2862 316 2910 nd
324 2864 372 2925 lep.
384 2859 469 2924 Aquit.
481 2857 513 2924 (s,
522 2858 553 2925 u).
602 2856 726 2925 ¹)Suppt.
737 2859 778 2908 Bt.
826 2856 902 2925 ³)Sr'c
912 2868 981 2910 recte
991 2860 1032 2910 Bt.

82 2931 141 2994 Ipse
151 2929 180 2978 B.
196 2930 270 2980 iudet
283 2946 372 2995 reaque.
423 2928 445 2995 ⁴)
461 2929 522 2979 Cdd.
538 2938 562 2979 et
575 2930 633 2979 edd.
648 2930 747 2979 addunt
761 2944 815 2979 non.
838 2929 873 2978 At
886 2931 990 2980 necnon
1005 2934 1032 2980 in

82 3003 197 3066 sequenti
211 3000 321 3064 periodo
338 3008 398 3064 post
412 3000 463 3062 loge
477 3001 567 3063 Aquilia
582 3003 646 3050 mate
660 3003 790 3061 omissum,
805 3016 839 3050 ex
853 3002 969 3066 rnorpr'ne
983 3001 1033 3053 duo

82 3072 221 3121 aberrauit.
273 3070 294 3135 ⁶)
309 3073 353 3121 etsi
368 3071 421 3136 quis
436 3070 466 3119 B.
482 3072 541 3136 nep.
557 3072 596 3121 ed.
612 3070 653 3119 Bt.
684 3071 812 3130 Fortasse,
827 3087 883 3120 oum
898 3073 1033 3122 antecedet

83 3144 105 3191 in
120 3158 176 3199 usu,
193 3143 348 3207 peninando
364 3143 423 3204 sere
442 3144 505 3206 lep:
524 3141 621 3192 Nosmct
639 3143 658 3191 si
679 3142 782 3206 quidem.
847 3138 868 3206 ⁶)
883 3150 953 3191 noctu
970 3142 1032 3192 Cdo.

82 3213 153 3269 edd,
167 3213 213 3262 sed
226 3211 256 3260 B.
271 3215 322 3270 sic,
338 3220 365 3261 ut
379 3220 441 3261 motu
456 3212 570 3262 scribere
584 3215 698 3277 coepisse
713 3214 844 3271 uidentur,
859 3228 894 3262 ex
907 3226 930 3262 m
941 3220 1034 3277 postea

82 3283 178 3331 domurn
194 3297 223 3331 no
236 3284 323 3345 factm·
338 3285 405 3331 unde
419 3299 453 3332 ex
467 3283 526 3348 usp.
542 3291 605 3333 metu
620 3285 713 3342 mortis,
728 3284 797 3348 quod
809 3298 899 3334 sensus
909 3287 1033 3347 postulat,

82 3354 204 3402 dedimus.
231 3352 295 3402 Nom
310 3352 364 3416 cup.
375 3353 461 3402 dicad
471 3357 640 3417 quaestionem
651 3357 674 3416 ἓ.
685 3367 705 3405 2.
717 3356 877 3418 propositum
887 3355 1033 3417 respondet.

83 3421 103 3487 ⁷)
120 3422 184 3472 Nnrn
198 3426 313 3474 consulto
327 3439 381 3472 eurn
392 3425 488 3485 fecisse
501 3440 552 3474 non
567 3425 714 3480 dubitatum·
727 3427 751 3473 si
765 3426 846 3488 iptrur
856 3427 931 3474 etiarn
942 3432 1034 3475 contra

82 3494 130 3549 ius,
140 3493 199 3542 doio
209 3495 274 3543 rnato
284 3494 410 3543 occidisse
420 3494 529 3542 videtur.
576 3493 598 3559 ⁸)
609 3495 710 3543 Partim
720 3502 805 3544 exstat
815 3495 846 3546 L.
858 3508 878 3544 1.
895 3494 926 3542 D.
938 3495 969 3543 de
977 3495 1033 3557 fur.

82 3561 149 3612 batn.
165 3562 214 3628 (tt,
230 3564 273 3625 ur).
339 3560 360 3627 ⁹)
376 3565 392 3611 i.
408 3579 430 3627 p.
448 3560 495 3611 ‘nd
513 3565 554 3612 ius
571 3562 743 3614 ordinarium’
760 3564 792 3613 l..
807 3575 827 3613 s.
850 3564 882 3612 Ι).
896 3565 952 3614 eod.
969 3564 1034 3614 Gett.

82 3646 115 3690 11,
131 3646 172 3689 18..
187 3634 312 3683 audiendi
327 3635 407 3698 ipitur
417 3639 521 3687 tanturn,
536 3649 591 3682 cunr
603 3634 690 3694 forum
705 3634 736 3682 de
751 3633 966 3683 consiscior'ir'bus
976 3636 1035 3698 api-

82 3711 125 3752 tnr
140 3706 166 3753 in
181 3711 313 3754 conuentu.
339 3703 377 3766 Cs.
392 3705 430 3752 tit.
442 3715 474 3753 11.
491 3718 512 3751 c.
522 3714 542 3753 t.
554 3715 574 3753 o.
589 3704 611 3764 ij.
622 3715 642 3753 r.
658 3705 697 3751 tit.
709 3714 742 3752 12.
757 3718 779 3754 c.
790 3715 810 3754 u.
826 3704 893 3753 unde
905 3700 1034 3766 ‘forenses
1062 3728 1065 3733 ·

82 3770 207 3823 actiones'
225 3774 256 3823 L.
271 3787 291 3825 1.
306 3776 329 3835 §-
345 3787 364 3823 1.
388 3773 420 3822 D.
439 3773 471 3821 de
490 3773 590 3822 incend.
606 3772 651 3836 (tr,
665 3771 696 3835 9).
772 3770 804 3838 ¹⁰)
819 3775 986 3837 coetorniqnnc
1002 3772 1032 3821 B.

82 3844 280 3908 quodturniqnem
300 3843 340 3891 Vi.
361 3851 384 3891 et
398 3843 505 3892 nocturni
520 3843 559 3905 qui
578 3843 623 3892 Ve.
643 3843 798 3906 nocturnique
813 3843 852 3892 ed.
867 3842 907 3891 Bt.
