2378 4386
375 467 433 503 utu
450 468 541 504 russin.
561 449 607 504 lv.
627 456 775 507 itt-114.
984 450 1051 518 383

97 596 154 661 111.
178 597 328 671 Aliquando
356 605 443 653 tamen
466 605 493 655 et
517 604 651 672 perpetua
672 599 808 670 euadat,
829 603 908 658 uelut
928 594 1050 675 quibus¹

97 685 218 740 imitatur
232 683 274 738 ius
290 680 456 755 legitimum:
480 681 572 754 quales
592 691 657 739 sunt
672 698 728 753 eae
743 677 828 757 qnas²
847 685 899 740 dot
913 686 1049 743 bonorum

93 764 304 840 possessoribus
319 767 480 838 ceterisque,
497 767 542 837 ‹qni
557 766 662 823 heredis
677 766 817 824 locarunt
832 783 901 825 eone
917 769 1049 842 efficiun-

98 843 174 907 tur³.
196 848 283 919 furlti
300 864 410 923 qnoque
425 847 557 904 manifesti
572 850 654 923 actio,
675 853 798 924 quamuis
813 866 846 908 ex
866 853 951 927 ipsius
972 869 1048 927 pras·

99 937 165 992 toris
187 931 373 990 iurisdictione
395 929 598 1006 proficiscatur,
618 941 750 1007 perpetuo
776 934 871 1003 datur;
892 945 921 993 ct
940 938 1047 1008 merito,

97 1016 169 1077 'cum
183 1010 313 1074 tautum⁴
328 1033 378 1090 pro
393 1015 500 1090 capitali
515 1031 601 1088 poena
615 1017 769 1089 pecuniaria
784 1021 931 1076 constituta
946 1022 991 1079 sit.

81 1106 88 1155 l
159 1098 219 1161 112
240 1094 359 1157 Contra³
378 1115 432 1156 non
454 1115 548 1156 omnes
571 1101 705 1170 actiones,
729 1104 845 1173 quaein
866 1103 980 1177 aliquem
1002 1113 1050 1162 aut

97 1189 158 1261 ipso
173 1186 232 1242 iure
247 1191 400 1256 conpetunt
419 1189 468 1239 aut
487 1199 501 1238 a
516 1191 641 1256 praetore
662 1183 769 1252 dantur,
787 1186 867 1241 etiam
881 1188 909 1242 ln
924 1187 1050 1244 herodem

99 1286 189 1344 aeque
214 1276 364 1343 conpetunt
388 1274 436 1323 aut
454 1266 510 1322 dari
536 1266 640 1322 solent:
663 1276 705 1324 est
726 1269 797 1323 enim
817 1270 964 1324 certissima
984 1270 1049 1327 iuris

98 1353 205 1429 regula,
220 1369 252 1409 ex
266 1351 399 1409 maledclo
415 1345 541 1425 poenales
557 1352 675 1408 actiones
697 1353 725 1407 in
746 1351 872 1408 heredem
887 1367 937 1410 nec
951 1368 1050 1426 conoe·

99 1447 155 1496 tore
170 1453 220 1494 noc
233 1435 289 1493 dari
310 1435 412 1503 solere,
430 1435 505 1491 uelut
524 1435 600 1502 lorti,
616 1436 642 1489 ni
661 1433 793 1491 botrorum
813 1443 963 1508 raptorum,
978 1437 1049 1493 iniu-

98 1524 210 1590 riarum,
225 1519 311 1576 damni
326 1508 451 1575 iniuriae?
467 1516 514 1575 sed
535 1518 626 1575 heredi
649 1517 779 1590 defuncti
785 1510 798 1551 ⁶
812 1519 937 1576 uidelicet
951 1521 1051 1578 actoris

99 1602 254 1662 huiusmodi
268 1603 386 1660 actiones
403 1610 560 1677 competunt
582 1617 631 1658 nec
652 1601 830 1676 denegantur,
851 1611 961 1676 excepta
980 1606 1049 1661 inlu-

99 1691 202 1745 riarum
223 1686 328 1743 actione
347 1693 375 1744 et
393 1687 417 1741 si
439 1702 490 1759 qua
511 1685 560 1741 alia
580 1685 674 1742 similis
693 1688 847 1743 inueniatur
867 1688 947 1744 acilo.
990 1684 1049 1746 us.

100 1769 251 1845 Aliquando
264 1776 350 1825 tamen
363 1766 467 1842 (etiam)
479 1785 510 1825 er
522 1778 663 1826 contractu
675 1771 744 1826 actio
757 1787 844 1844 neque
856 1769 949 1828 lieredi
962 1786 1050 1845 neque

100 1857 127 1913 in
143 1853 268 1912 heredem
279 1855 413 1927 conpetit:
429 1869 490 1910 nam
502 1852 703 1926 adstipulatoris
718 1854 796 1911 heres
807 1872 862 1912 non
878 1855 958 1912 habet
969 1856 1050 1912 actio·

100 1954 171 2007 nem,
188 1936 245 1994 ’sed
260 1928 307 1994 et²
322 1938 462 2010 sponsoris
478 1945 506 1992 ct
526 1935 748 2009 fldeprornissoris
764 1939 843 1995 lieres
859 1955 913 1995 non
930 1947 1049 1998 tenetur.

161 2019 222 2081 114.
245 2014 405 2096 Superest,⁸
421 2029 451 2076 nt
466 2020 646 2093 dispiciamus,
667 2023 690 2077 si
706 2030 768 2080 ante
783 2039 839 2079 rem
860 2023 1001 2079 iudicatam
1016 2024 1050 2094 ls,

100 2137 297 2150 ——u—

175 2187 194 2255 ¹)
211 2189 253 2239 Ee
267 2203 321 2238 mea
332 2191 364 2252 ei.
380 2190 489 2238 restitui.
511 2188 594 2238 Multa
603 2191 657 2238 alin
667 2192 700 2254 qi.
711 2187 757 2253 Bq.
768 2191 807 2239 ed.
817 2201 838 2242 s.
887 2187 907 2257 ¹)
920 2187 1049 2255 ‘praetor’

102 2262 176 2311 addit
190 2261 229 2310 ed.
243 2259 300 2325 139„
315 2260 384 2323 quod
396 2275 443 2309 nee
457 2262 482 2307 in
498 2258 560 2308 lust.
576 2262 678 2324 ieqitur.
731 2258 751 2324 ³)
767 2260 839 2312 Haec
852 2263 928 2313 lectio
942 2260 1052 2312 Schedia

105 2331 259 2394 adsensere
266 2332 391 2381 conuenit.
407 2344 435 2378 eo
443 2331 563 2395 inteileqe
572 2345 601 2379 eo
612 2332 675 2394 ipso,
687 2332 755 2395 quod
759 2339 869 2393 praetor
878 2333 925 2381 llas
936 2335 1052 2383 actiones

109 2403 161 2460 iat,-
170 2403 280 2466 proprie
286 2402 353 2450 esim
363 2402 420 2464 quis
429 2401 537 2459 dixerit,
546 2416 563 2449 a
574 2408 697 2464 praetore
710 2408 813 2450 uocatos
826 2417 875 2450 mou
886 2409 982 2450 tautum
992 2402 1015 2451 b.
1022 2418 1050 2465 p.

116 2489 139 2522 ur
147 2473 179 2537 (s,
188 2474 225 2538 st)
239 2472 286 2521 sed
298 2473 373 2521 etiam
383 2473 498 2521 actiones
512 2485 546 2519 eae
559 2486 589 2519 en
600 2471 685 2519 dando
695 2470 816 2518 heredum
826 2472 882 2519 loro
892 2471 969 2532 efflei.
995 2469 1052 2520 ‘ac-

119 2534 252 2594 ossurodot’
269 2541 332 2591 Iust.
348 2548 449 2591 ceterae
462 2541 520 2590 edd.
572 2538 592 2604 ⁴)
608 2538 674 2604 cia
684 2539 747 2601 cnm)
760 2538 785 2587 C.
800 2540 857 2587 edd.
873 2540 941 2602 qnod
952 2542 1052 2601 foetum

124 2621 256 2670 umescit,
266 2614 341 2676 quasi
350 2619 414 2661 esset
422 2619 459 2661 cu.
498 2609 519 2676 ⁶)
527 2609 571 2660 Em
580 2609 679 2658 Bludm.
687 2607 779 2658 Scded.
790 2623 934 2672 quanquam
944 2606 980 2655 ibi
988 2608 1053 2657 laec

128 2690 164 2732 ita
173 2685 199 2732 in
210 2685 262 2745 flue
273 2683 454 2746 praecedentis
464 2681 536 2731 uerbi
545 2690 569 2731 ei
579 2695 667 2732 uersus
675 2682 762 2742 positu
772 2681 812 2728 sil.
840 2677 920 2727 Gaius
926 2691 1053 2740 persona·

137 2755 348 2802 menacessiouem
355 2755 460 2816 opponit
468 2755 588 2815 temporis
597 2752 700 2801 rationi.
717 2750 767 2799 Non
776 2758 854 2799 autem
863 2747 925 2798 Iust.
936 2746 986 2797 lion
995 2747 1052 2796 edd.

148 2820 184 2872 Ob
202 2824 357 2887 iucoqnilam
380 2823 430 2872 sibi
452 2826 544 2887 siqlnm
561 2822 747 2884 irriperpost'ta
764 2835 790 2877 c,
809 2834 860 2882 qun
879 2821 905 2867 in
926 2817 970 2867 tt.
993 2817 1052 2867 Vat.

144 2892 203 2943 laba
217 2893 271 2942 lunc
284 2895 431 2956 saepissime
445 2900 557 2949 notatur,
572 2892 697 2941 librarius
708 2897 768 2954 post
782 2889 830 2938 lr'di
841 2888 886 2952 (—
896 2888 989 2954 heredi)
999 2887 1054 2939 dem

148 2964 217 3014 tdelti
228 2963 267 3014 bis
279 2965 416 3026 scripsisse
428 2963 537 3017 uidetur,
551 2969 696 3024 tantumque
706 2960 823 3010 dubitari
829 2967 921 3025 potest,
931 2975 964 3009 au
975 2958 1053 3010 umbo

159 3034 205 3084 rid.
217 3041 262 3083 set
273 3033 358 3083 Instit.
374 3034 503 3097 ignorata,
518 3047 582 3094 quae
596 3039 678 3081 tamen
693 3031 820 3080 heredibus
831 3046 882 3094 pro
892 3031 975 3081 heredi
990 3034 1053 3081 mole

158 3104 231 3163 edent,
243 3120 294 3168 pro
307 3106 458 3167 qlossemote
467 3101 584 3150 habenda
597 3104 656 3150 siut.
704 3099 725 3166 ²)
742 3102 833 3152 Potius
842 3110 879 3151 set
889 3118 971 3167 quam,
985 3102 1054 3166 qnod

164 3192 179 3225 o
192 3177 339 3239 auspicatus
348 3190 425 3230 eram,
437 3181 497 3222 uoto
508 3188 528 3221 o.
540 3179 621 3220 contra
633 3173 659 3220 iu
671 3171 696 3221 C.
709 3173 792 3235 [uisse
808 3173 916 3223 uidetur.
938 3169 984 3222 ‘et'
996 3172 1053 3223 edd.

168 3248 246 3304 ilicet,
262 3254 288 3295 ut
303 3249 384 3295 locum
399 3245 430 3293 de
444 3242 588 3292 actionibus
602 3241 768 3293 absolvamus.

179 3433 395 3503 ξ.112.εὲ.ι.
416 3435 437 3486 I.
457 3436 489 3485 io.
510 3452 565 3486 cum
588 3434 696 3499 Reopd.
723 3435 761 3498 Cf.
776 3433 807 3483 L.
824 3447 869 3486 111.
893 3436 916 3497 ξ.
937 3447 956 3485 t.
976 3433 1007 3482 D.
1023 3432 1055 3482 ele

186 3524 223 3554 ur.
239 3508 283 3571 (50,
300 3507 343 3572 tr).
394 3503 419 3575 fi
436 3510 494 3557 113.
517 3506 554 3567 Cf.
570 3508 592 3568 ξ.
608 3521 629 3556 1.
645 3506 665 3555 Ι,
682 3508 724 3555 eit.
739 3521 820 3568 supra
834 3517 855 3561 s,
870 3517 915 3555 114.
933 3514 978 3554 180.

194 3581 274 3627 ‚iil¹
301 3578 338 3639 Cf.
358 3580 381 3638 §.
402 3590 421 3626 a.
441 3577 462 3625 I.
479 3576 510 3624 id.
530 3588 644 3638 suarna,
661 3588 705 3626 iso.
726 3576 749 3637 §-
766 3586 799 3625 31.
820 3574 886 3624 tae
901 3581 950 3623 ort.
966 3571 1002 3637 (t,
1021 3569 1054 3635 o).

195 3650 229 3695 iu.
245 3648 276 3695 D.
292 3648 323 3695 de
336 3662 442 3710 procur.
458 3646 489 3710 (s,
504 3646 534 3710 s).
555 3645 586 3693 L.
601 3656 634 3696 25.
650 3644 681 3694 D.
697 3646 801 3695 dedolo
816 3643 892 3707 (ms).
908 3643 939 3691 L.
950 3654 983 3694 sit·
999 3643 1023 3703 §-
1034 3652 1055 3690 t.

201 3720 269 3767 rolrrt.
286 3724 330 3780 (tn,
345 3717 376 3781 s).
392 3716 422 3764 L.
437 3728 458 3767 t.
475 3716 505 3763 D.
522 3716 600 3764 indie.
615 3717 680 3763 solui
694 3715 737 3777 (tn.
753 3712 784 3777 a).
800 3739 832 3750 -
848 3714 878 3762 L.
894 3725 927 3764 ss.
943 3714 966 3773 §-
981 3721 1001 3761 τ.
1021 3707 1054 3756 D·

206 3804 220 3836 ·.
235 3789 280 3852 (22,
297 3787 325 3852 1).
343 3788 372 3836 L.
386 3799 414 3839 so
424 3802 467 3850 pr.
487 3786 519 3834 D.
535 3786 566 3834 de
581 3785 655 3834 cond.
671 3784 753 3833 indeo.
769 3784 813 3846 (12,
828 3783 859 3845 u).
