2378 4386
10 39 1132 263 ψ

289 547 394 585 noman
414 549 521 586 marma
541 550 639 586 rmum.
657 532 703 587 XI.
724 539 834 589 att-24.
974 535 1036 600 585

11 682 72 730 [⁴⁸⁹]
86 675 198 733 tutelam
220 685 383 735 testamento
405 679 483 735 datus
504 696 559 736 non
580 672 700 753 potes13¹
723 696 783 736 nam
804 689 831 736 ot
852 680 990 756 legitimus
1011 683 1037 738 io

82 762 140 816 iure
155 758 251 816 cedere
266 770 376 835 potest,
396 761 517 819 abdicare
533 780 562 819 se
579 779 632 819 non
649 771 750 837 potest.
926 812 929 818 .

144 841 189 901 18.
213 839 287 900 ²bex
303 845 383 902 antia
398 846 486 909 iubet,
508 846 663 903 mulieribus
680 846 824 921 pupillisue
844 865 899 905 uon
914 848 1037 906 habenti·

82 925 132 983 bus
148 936 255 985 tutores
271 928 328 984 dari
343 945 357 984 a
372 938 498 1003 praetore
510 937 537 985 et
552 931 652 986 maiore
667 939 744 1005 parte
761 932 928 989 tribunorum
941 931 1036 1006 piebis,

84 1026 152 1083 quas
169 1019 275 1068 tutores
291 1011 423 1068 Atilianos
436 1011 612 1086 appellamus.
648 1013 696 1070 sed
712 1015 773 1088 quia
788 1015 832 1070 ies
844 1016 922 1072 Atilia
939 1016 1037 1073 Romae

82 1102 185 1151 tantum
201 1095 290 1153 locum
307 1094 402 1165 babet,
419 1095 479 1168 iope
495 1095 560 1152 iulia
574 1104 602 1152 et
616 1096 684 1152 'iitia
699 1106 873 1170 prospectum
889 1107 945 1170 ast,
964 1110 994 1155 ot
1010 1102 1037 1156 in

81 1181 231 1251 prouinciis
251 1195 361 1252 quoque
380 1179 505 1235 similiter
519 1197 533 1234 a
548 1178 714 1252 praesidibus
737 1195 828 1235 earum
844 1180 944 1238 dentur
963 1191 1037 1239 tuto·

81 1277 136 1318 res.
185 1259 227 1321 le.
252 1256 324 1318 ³ber
341 1263 415 1318 iunia
437 1269 556 1318 tutorem
582 1260 640 1318 fieri
666 1262 740 1318 iubet
759 1261 866 1319 Latinae
887 1264 1036 1339 ueibatiui

83 1344 220 1417 inpuberis
236 1361 313 1415 eum,
333 1348 410 1401 cuius
432 1346 472 1400 'ea
486 1341 565 1401 isaa⁴
584 1356 646 1401 ante
665 1347 899 1402 manumissionem
922 1362 961 1403 aa
975 1348 1037 1404 inre

82 1426 226 1496 Qniritium
248 1428 308 1483 suit.
353 1424 401 1486 20.
428 1422 483 1484 δ[ἐι
504 1428 566 1501 iege
587 1428 703 1484 iuliade
725 1429 878 1485 maritandis
898 1429 1037 1487 ordinibus

83 1520 158 1567 tutor
179 1510 258 1566 datur
279 1527 293 1566 a
313 1519 440 1583 praetore
462 1510 536 1567 urbis
557 1513 581 1569 ei
603 1512 708 1569 mulieri
731 1514 882 1585 uirginiuo,
905 1528 984 1586 quam
1005 1529 1037 1570 ex

85 1602 132 1647 '·!··
153 1595 210 1664 ipsa
229 1593 291 1666 lege
312 1593 413 1650 nubere
434 1599 560 1668 oportet,
583 1594 616 1650 ad
637 1595 728 1652 dotem
751 1596 879 1667 dandam,
901 1597 1036 1654 dicendam

86 1676 337 1748 .··.:·aittendamue,
353 1680 375 1733 si
391 1677 541 1752 legitimum
558 1686 674 1735 tutorem
695 1680 827 1752 pupilium
845 1680 950 1740 babeat.
988 1680 1036 1739 sed

84 1770 177 1833 ‚astra
193 1768 302 1817 senatus
317 1763 431 1827 censuit,
450 1769 479 1818 ut
489 1763 570 1819 etiam
584 1764 610 1818 in
625 1765 773 1835 prouinciis
789 1778 898 1836 quoqne
914 1764 1038 1821 similiter

91 1874 96 1897 ·.
122 1843 288 1916 pra-aidum
318 1860 410 1901 earum
438 1862 470 1903 ex
492 1845 584 1902 eadem
606 1862 685 1902 oausa
712 1855 818 1903 tutores
843 1847 951 1908 dentur.
994 1845 1036 1905 et.

85 1928 247 1997 ‘'imiterea
269 1930 349 1985 etiam
371 1930 398 1985 iu
421 1928 511 1985 loonm
534 1931 600 1985 muti
626 1929 758 1986 iuriosiua
786 1933 886 1986 tutoris
913 1923 1141 2015 ‘alitumimap

82 2014 199 2068 dan-tum
215 2026 274 2068 esse
297 2021 415 2068 tutorem
436 2013 469 2068 ad
484 2012 576 2069 dotem
595 2014 825 2085 constituendam,
845 2022 955 2071 senatus
974 2029 1037 2072 ean·

81 2098 147 2152 aab.
190 2090 240 2152 22.
264 2089 482 2154 ⁸Ganeraiiter⁹
512 2112 545 2152 ex
567 2105 677 2153 senatus
700 2097 826 2154 consulto
856 2106 931 2154 tutor
958 2099 1038 2156 datur

83 2180 186 2235 n÷÷iiieri
212 2178 251 2249 ei,
282 2182 359 2236 cuius
391 2188 467 2236 tutor
498 2179 591 2253 abest,
631 2190 819 2254 praeterquam
850 2183 874 2239 oi
906 2190 1037 2256 patronus

83 2273 130 2331 su,
155 2262 201 2333 aui
224 2261 313 2318 abest:
339 2279 401 2319 nam
425 2265 450 2319 in
476 2263 566 2320 locum
592 2266 699 2337 patroni
725 2264 844 2322 absentis
873 2265 897 2321 ’a
926 2265 1037 2338 iiber(ta

83 2342 169 2417 tuear)
180 2338 204 2379 ¹⁰
225 2348 281 2419 peti
303 2363 358 2403 non
381 2354 488 2420 potest,
510 2349 561 2403 nisi
584 2347 616 2403 ad
642 2348 816 2405 hereditatam
837 2349 986 2406 adeundam
1010 2359 1037 2408 et

83 2430 189 2499 nuptias
210 2430 418 2487 contrahendas.
460 2430 584 2502 idemque
606 2430 777 2505 ’permissum
800 2426 860 2488 et¹¹
884 2434 911 2488 iu
933 2433 1037 2506 pnpiiio

83 2514 190 2586 patroni
213 2510 277 2570 iilia.
314 2509 361 2570 23.
388 2507 477 2569 ¹²iioo
491 2515 604 2586 amplius
620 2521 729 2568 senatus
745 2516 861 2583 certauit,
878 2523 908 2569 nt
923 2517 944 2570 si
962 2523 1038 2571 tutor

84 2596 178 2669 pupiiii
208 2595 366 2669 pupillaeue
391 2605 535 2669 suspectus
563 2612 576 2651 a
603 2596 687 2651 tuteia
714 2596 856 2651 submotus
885 2596 966 2652 suerit
993 2596 1036 2651 uel

83 2680 162 2735 etiam
183 2680 254 2735 iusta
275 2679 308 2734 de
330 2695 410 2736 cansa
436 2686 592 2748 excusatus,
622 2680 649 2733 in
670 2678 759 2733 locum
785 2680 843 2734 eius
869 2685 943 2732 tutor
968 2676 1037 2734 alius

97 2763 207 2818 detur.

84 2759 96 2836 (
148 2755 196 2905 24)
220 2838 370 2903 ¹³ttortbus
394 2855 469 2902 tutor
491 2845 569 2900 datur
592 2844 696 2900 muiieri
720 2843 875 2918 pupilium,
907 2845 952 2917 qui
975 2860 1036 2900 oum

85 2935 247 2985 tutoresne
269 2929 330 3002 iege
352 2939 400 2986 aut
419 2930 540 3001 legitimo
560 2928 658 2984 iudicio
679 2944 760 3001 agere
782 2927 856 2997 uuit,
877 2935 907 2982 ut
925 2934 1036 2983 auctore

83 3027 116 3068 eo
133 3021 194 3086 agat
213 3009 283 3087 (ipse
299 3015 369 3070 enim
385 3022 460 3070 tutor
475 3014 501 3069 in
517 3028 574 3067 rem
590 3028 664 3067 suam
676 3019 771 3068 auctor
783 3009 840 3068 fieri
852 3026 906 3067 non
917 3006 1037 3086 potest),

158 3240 177 3307 ¹)
193 3244 237 3292 Ad
250 3258 357 3307 sequens
371 3258 424 3293 nom
439 3241 564 3293 sabaudi:
583 3259 633 3293 nan
649 3244 715 3292 idern
729 3244 810 3307 ipitar
825 3244 893 3292 ualet
906 3241 1037 3293 abdicatio

83 3319 108 3411 pt
122 3314 150 3362 in
165 3315 222 3363 iure
237 3316 319 3364 certio
334 3317 436 3363 tutelae.
490 3312 511 3377 ²)
528 3314 566 3376 Cf.
585 3314 641 3363 Gai.
657 3324 739 3412 ham
792 3310 813 3378 ⁸)
830 3313 868 3376 Gs.
886 3312 1037 3373 Gai.1‚ttt.

84 3381 105 3518 ’ζ
121 3391 160 3516 gs!
178 3383 237 3502 giuli.
247 3392 325 3512 ιῖιιιαθῒ.
338 3384 398 3516 edd}
413 3383 758 3516 gsssssph(5pgp⁵}0rfgffi
763 3383 1036 3516 sigaei'ailginrlJBGab

83 3523 141 3572 edd.
163 3524 202 3586 Cf.
219 3524 298 3573 Raeti.
313 3525 349 3573 ad
362 3523 385 3572 b.
402 3526 418 3571 t.
480 3521 500 3587 ⁸)
517 3524 555 3587 Cf.
573 3523 629 3571 Gai.
645 3537 665 3583 ι,
681 3535 802 3573 tta-ttt.
863 3519 885 3587 ⁹)
901 3523 958 3571 item
978 3521 1037 3571 Vat.

83 3594 141 3643 ead.
166 3593 225 3643 Via.
243 3593 296 3643 ΠΙ.
308 3610 335 3657 p.
351 3604 398 3644 tto.
452 3591 483 3657 ¹⁰)
498 3593 567 3641 atiter
586 3592 644 3641 Vat.
655 3593 713 3642 eald.
735 3592 773 3654 Cf.
789 3592 843 3641 atr.
854 3603 940 3655 paee.
967 3590 1038 3651 Quae

81 3666 209 3727 supplevi,
221 3665 336 3728 sortasse
350 3664 512 3718 exciderunt,
528 3663 596 3726 qaod
610 3669 632 3711 ta
646 3669 777 3724 acceptum
791 3671 869 3711 tutore
880 3668 976 3711 auctore
986 3675 1037 3710 aon

83 3736 166 3798 anapia
180 3750 255 3798 quam
269 3736 403 3796 repetitum
418 3740 481 3781 tntor
494 3732 571 3781 baina
590 3733 642 3782 Ioci
659 3746 713 3781 eaae
732 3733 813 3781 uisum
831 3738 876 3780 eat.
935 3728 967 3794 ¹¹)
982 3744 1038 3793 per-

82 3805 149 3852 misit
159 3803 204 3867 (eae
218 3803 356 3869 permisiet)
376 3803 434 3852 Vat.
445 3803 503 3852 edd.
525 3802 563 3864 Gs.
576 3802 632 3853 Gai.
644 3815 664 3860 1,
676 3813 721 3853 tta.
775 3797 808 3865 ¹²)
825 3802 863 3863 Cf.
881 3800 938 3849 Gai.
953 3812 973 3856 1,
989 3809 1036 3849 tut.

85 3869 119 3938 ¹⁸)
136 3874 174 3937 Cf.
192 3873 249 3924 Gai.
265 3888 286 3933 1,
296 3886 342 3925 rot.
