2378 4386
510 47 512 50 ⁴
586 47 597 62 ἡ
619 49 622 56 ,

280 545 383 580 nourru
397 544 503 580 curram
517 544 615 581 auson.
635 527 654 580 Ι.
676 532 787 582 15-21.
948 527 1010 592 571

61 678 150 749 ipsum
172 673 214 730 iet
238 675 316 730 netto
339 675 430 731 sentia
453 675 524 732 iacit.
575 672 618 733 tt.
644 667 756 731 ¹Eadem
779 673 821 732 lex
844 677 871 732 in
894 674 1013 732 fraudem

61 758 237 816 'creditorum
252 753 317 815 uet²
332 761 438 832 patroni
453 761 641 816 manumittere
657 760 792 832 prohibet.

9 848 50 897 ibi
125 839 170 900 16.
194 835 263 909 tout
286 850 389 898 tantum
404 843 431 898 in
447 842 539 906 bonis,
564 859 618 898 non
640 845 720 899 etiam
743 861 775 899 en
795 845 857 900 iure
872 842 1014 911 Quiritium

61 942 170 984 seruum
186 926 273 991 habet,
291 927 503 982 manumittendo
519 925 642 982 Latinum
657 927 729 982 iacit.
774 927 894 984 inbonis
911 936 1014 984 tantum

61 1010 173 1067 alicuius
189 1027 285 1066 seruus
300 1018 343 1066 est
360 1009 434 1065 uelut
448 1009 501 1065 hoc
516 1008 613 1077 modo,
634 1012 657 1065 si
679 1012 746 1066 ciuis
763 1010 897 1067 Romanus
918 1011 942 1066 'a
956 1014 1015 1068 ciue

62 1088 201 1151 Romauo⁴
223 1110 330 1150 seruum
354 1096 461 1163 emerit,
485 1096 563 1166 isque
586 1092 698 1148 traditus
715 1095 739 1148 ei
762 1098 807 1164 sit,
823 1112 911 1167 neque
926 1104 1016 1151 tamen

62 1180 226 1252 mancipatus
243 1179 284 1249 ei,
300 1179 430 1250 usquein
448 1179 505 1233 iure
521 1191 623 1245 cessus,
639 1193 727 1249 neque
742 1175 774 1231 sb
790 1179 849 1249 ipso
866 1194 936 1233 auaro
951 1195 1015 1252 pos·

62 1278 155 1318 sessus
170 1264 215 1318 sit.
253 1278 314 1317 nam
330 1259 455 1333 quamdiu
471 1260 567 1316 horum
584 1258 648 1331 quid
664 1259 751 1329 ’(ηοη)
768 1254 822 1325 itt
838 1263 861 1315 is
876 1277 972 1316 seruus
988 1264 1014 1317 in

63 1344 140 1401 bouis
164 1344 271 1418 quidem
293 1344 448 1416 emptoris,
471 1337 529 1400 ccc6
553 1344 616 1397 iure
641 1342 784 1409 Quiritium
812 1351 900 1399 autem
923 1343 1016 1399 uendi·

63 1431 131 1486 toris
148 1438 199 1484 est.

126 1508 167 1569 17.
191 1505 318 1578 ⁷iiulier,
340 1523 408 1581 quae
422 1511 450 1565 in
466 1508 550 1565 tuteia
565 1517 622 1575 cst,
644 1511 709 1565 item
723 1508 842 1583 pupiiius
864 1518 893 1566 et
914 1510 1016 1585 pupiiia

61 1587 142 1670 ’inici
156 1601 249 1649 tutore
264 1587 414 1666 auctorci⁸
429 1594 617 1649 manumittere
632 1609 687 1649 nou
702 1604 827 1667 possunt.

126 1674 171 1734 ts.
193 1670 388 1733 ⁹Communem
409 1692 519 1734 seruum
544 1693 611 1732 unus
627 1693 659 1732 ea
675 1677 789 1733 dominis
804 1678 1015 1736 manumittendo

64 1770 168 1836 partem
194 1776 270 1818 suam
296 1762 409 1831 amittit,
431 1777 515 1834 eaque
538 1760 669 1818 adcrescit
692 1763 780 1828 socio;
803 1763 915 1818 manime
937 1764 959 1818 si
983 1779 1016 1818 eo

63 1846 143 1903 modo
158 1844 358 1916 manumiserit,
374 1861 444 1918 quo,
460 1847 482 1901 si
497 1847 634 1919 proprium
654 1839 659 1922 Ι
678 1843 799 1917 haberet,
816 1848 900 1903 ciuem
917 1846 1011 1902 iioma·
1023 1845 1122 1914 ttibp

63 1946 128 1986 uum
151 1929 272 1987 iacturus
288 1936 370 1986 esset.
409 1945 468 1984 nam
491 1932 514 1985 si
535 1931 606 1984 inter
627 1932 727 1986 amicos
742 1945 803 1985 eum
819 1928 1015 2001 manumiserit,

64 2013 201 2088 plerisque
223 2013 328 2087 piacet,
351 2029 412 2069 eum
435 2012 500 2069 niirii
524 2015 622 2086 egisse.
667 2009 713 2070 10.
738 2006 888 2085 ¹⁰Seruus,
910 2016 938 2070 iu
961 2030 1016 2090 quo

64 2096 175 2155 alterius
200 2103 243 2153 est
268 2095 456 2167 ususfructus,
478 2096 589 2153 alterius
613 2099 781 2170 proprietas,
806 2114 821 2155 a
844 2099 1017 2172 proprietatis

64 2181 174 2237 domino
190 2181 367 2236 manumissus
383 2180 449 2236 iiber
460 2198 513 2237 non
526 2178 564 2243 iit,
577 2180 625 2236 sed
636 2198 732 2238 seruus
745 2183 803 2239 siue
814 2181 924 2239 domino
936 2175 1014 2239 est.¹¹

127 2260 179 2322 20.
204 2257 294 2321 ¹²Post
309 2272 422 2321 mortem
440 2265 545 2320 heredis
561 2274 606 2321 aut
622 2275 684 2322 ante
699 2267 895 2323 institutionem
909 2266 1017 2324 heredis

64 2355 226 2404 testamento
241 2348 351 2404 libertas
366 2347 422 2404 dari
436 2365 490 2404 non
504 2358 603 2424 potest,
616 2359 727 2424 excepto
740 2359 902 2408 testamento
914 2350 1016 2407 militis.

63 2426 108 2489 21.
130 2431 202 2488 iuter
216 2433 315 2488 medias
330 2432 460 2488 heredum
475 2433 660 2489 institutiones
680 2434 788 2489 libertas
810 2433 871 2491 data
893 2437 1016 2508 utrisque

64 2514 224 2573 adeuntibus
239 2532 294 2572 nou
311 2509 433 2584 ualet3¹³
453 2515 513 2572 soio
530 2525 619 2571 autem
634 2519 725 2588 priore
740 2517 855 2573 adeunte
875 2519 933 2572 iure
948 2519 1016 2572 suti·

65 2594 154 2671 quo¹⁴
170 2600 252 2656 ualet.
284 2594 331 2654 sto
347 2609 410 2673 post
426 2599 513 2672 legem
530 2598 634 2671 Papiam
650 2598 813 2673 Poppaeam,
830 2615 897 2672 quae
913 2607 1016 2673 partem

67 2698 121 2738 non
137 2683 260 2739 adeuntis
277 2683 400 2739 caducam
417 2683 498 2753 iacit,
520 2683 543 2737 si
565 2682 674 2753 quidem
689 2685 790 2755 primus
812 2682 891 2737 heres
905 2675 959 2738 'uei
974 2683 1015 2738 ius

139 2882 160 2950 ¹)
176 2884 213 2948 Cf.
231 2885 286 2936 Gai.
302 2900 322 2948 1,
336 2898 369 2938 tt.
384 2898 418 2937 tr.
472 2881 492 2950 ¹)
507 2885 634 2935 creditoris
648 2894 671 2934 et
690 2884 748 2933 Vnt.
764 2884 876 2948 (suctum
889 2901 924 2935 ex
937 2887 1016 2937 credi·

64 2965 111 3007 tor.
126 2955 174 3019 uei)
189 2957 245 3006 edd.
267 2957 305 3020 Cf.
323 2956 379 3006 Gai.
396 2959 411 3005 i.
427 2974 449 3007 c.
502 2953 576 3022 ³)Cs.
594 2956 650 3006 Gai.
667 2969 687 3013 1,
701 2951 750 3007 aab.
764 2966 798 3006 tt.
821 2955 864 3004 di.
879 2957 978 3006 Dositit.
994 2969 1015 3009 tt.

66 3054 99 3065 -
117 3025 173 3076 Gai.
188 3039 209 3085 a,
223 3039 256 3078 tt.
272 3039 318 3078 sot.
383 3025 404 3091 ⁴)
421 3027 513 3082 Recte,-
531 3043 589 3076 nom
603 3029 656 3077 siu
672 3027 827 3091 perepre'no,
846 3041 881 3076 ex
895 3029 952 3076 iure
969 3026 1014 3088 Qu.

63 3113 155 3148 smus
165 3099 196 3160 fit
209 3100 343 3161 emptoris,
357 3101 418 3162 quio
432 3106 483 3147 rum
498 3100 555 3147 iure
570 3101 610 3147 rei
624 3113 671 3148 nec
685 3099 797 3161 mancipi
815 3099 957 3148 censendus
970 3106 1015 3148 est.

67 3168 105 3231 Cf.
123 3168 166 3216 di.
186 3167 243 3218 Vct.
258 3179 292 3219 tt.
354 3167 374 3232 ⁶)
390 3170 430 3217 iiot
449 3169 506 3218 Vct.
520 3169 578 3218 edd.
602 3167 838 3231 Superscriptumd
853 3168 976 3220 rocaduio
991 3170 1017 3218 iit

64 3253 182 3289 errorem
192 3241 310 3303 peperit,·
324 3255 382 3287 narn
398 3236 540 3302 ‘quamdiu'
561 3238 686 3302 Ulpianus
696 3240 838 3290 indicativo
849 3243 967 3303 copulem
981 3240 1015 3300 cf.

64 3320 86 3367 ἱ,
96 3321 117 3359 2.
133 3320 166 3370 tt),
176 3322 197 3360 t.
212 3319 247 3367 to,
257 3320 278 3360 t.
331 3305 351 3370 ⁰)
366 3311 480 3372 emptoris
495 3317 543 3359 cet
557 3309 632 3372 (neate
644 3301 774 3375 peminata
789 3309 812 3374 e)
833 3310 890 3359 Vnt.
902 3312 1016 3373 emptoris

64 3386 110 3441 est,
126 3394 153 3428 ex
167 3380 224 3428 edd.
277 3375 297 3442 ²)
314 3378 566 3440 Cs.Fr.l)ositd.1o.
587 3382 659 3443 infra
671 3394 704 3442 rr,
714 3392 747 3431 rt.
800 3378 820 3445 ⁸)
836 3380 947 3429 Restitui
963 3379 1016 3427 FtI.

61 3462 150 3512 psas.
202 3446 278 3512 ⁹)Cs.
296 3448 502 3499 investium.
524 3450 810 3512 Paut.s,1a.§§.1.s.
868 3447 901 3514 ¹⁰)
917 3450 956 3513 Cf.
974 3449 1016 3497 iii.

65 3520 165 3570 Dosith.
186 3532 218 3570 tt.
286 3516 319 3582 ¹¹)
339 3519 403 3568 Cave
422 3535 478 3568 cum
497 3519 650 3569 Mommseno
666 3528 754 3582 putes,
775 3520 838 3569 daec
856 3520 1018 3570 desiderari:

66 3587 159 3641 ‘donec
173 3597 256 3639 ntanet
271 3591 448 3652 ususfructus:
467 3605 515 3653 quo
527 3592 600 3651 finito
616 3590 726 3639 Latinus
741 3587 876 3653 efficitur'.
909 3589 968 3639 th.
984 3588 1016 3637 L.

65 3673 131 3724 tpr.
148 3660 402 3710 deorumdecrum
422 3657 458 3724 (t,
473 3659 508 3723 tt)
527 3668 552 3709 et
571 3675 616 3709 nos
634 3661 670 3708 ad
689 3660 732 3708 it.
749 3660 848 3709 Bositlt.
863 3673 888 3711 tt
899 3661 944 3722 fla.

68 3727 101 3796 ¹²)
117 3730 156 3794 Cf.
174 3730 230 3780 (ἰαί.
245 3741 266 3788 u,
281 3741 327 3782 2³0.
342 3742 389 3782 itt.
444 3725 474 3792 ¹³)
493 3728 558 3789 Quia
569 3744 620 3792 pro
631 3737 708 3791 purte
723 3737 818 3778 tantum
833 3737 892 3779 unte
906 3731 1018 3778 instituti

63 3809 89 3849 et
100 3802 169 3864 sueti
183 3800 286 3851 decedis
304 3800 346 3865 (nd
366 3800 438 3850 aditu
457 3802 523 3848 enim
541 3800 683 3848 hereditate
701 3800 757 3849 dt'es
775 3801 830 3848 eius
850 3798 928 3862 cedit)
948 3805 1017 3847 recte

63 3871 127 3920 datu
141 3879 186 3928 est,
202 3887 248 3920 nee
259 3887 310 3934 pro
321 3878 398 3935 purte
413 3878 555 3932 competere
567 3877 657 3932 potest.
724 3866 756 3933 ¹⁴)
773 3871 788 3916 i.
804 3883 825 3917 e.
840 3868 1015 3918 accrescendi.
