2378 4386
19 4076 66 4142 Ι.

23 242 46 253 ‘-
93 248 96 253 ¹
152 252 155 259 ι

1105 380 1108 503 t

109 584 171 651 850
253 601 311 638 vnn.
327 599 731 637 cvmsn.1vnnc.cossrnrnrno.
747 582 796 636 VI.
814 588 937 640 16-18.

152 732 204 802 tis,
233 729 306 805 quod
330 731 502 787 'intentionis
526 721 650 785 nestrue¹
674 731 803 803 proprios
826 731 932 788 niierre
961 733 1075 791 debeatis

151 813 333 889 probationes,
354 828 408 869 non
424 812 567 869 aduersum
587 829 616 869 se
632 811 663 869 eb
679 811 848 871 aduersariis
872 811 1001 874 audoni!
1030 817 1074 878 PP.

151 898 202 954 trel.
218 897 277 953 ttati
291 898 345 954 st.
362 904 389 952 et
404 894 452 952 CC.
470 889 557 954 coss.³

193 977 236 1038 lb.
258 979 331 1037 idem
346 979 440 1036 eodem
457 996 572 1054 corpore
587 980 659 1035 titul.
676 979 722 1036 ubi
738 982 785 1054 egi
802 980 924 1040 debeat:

149 1063 391 1138 lmppliiocletion.
405 1074 432 1120 et
444 1063 589 1123 iiusimieu.
603 1062 820 1123 AA.Fleuienoe.
850 1066 952 1125 inter
967 1079 1074 1128 cetere

150 1157 183 1204 et
199 1148 237 1204 ad
252 1148 376 1204 iocum:
398 1146 578 1221 Quaecunque
594 1146 626 1202 ad
642 1157 668 1204 te
683 1149 852 1221 pertinentia
870 1150 995 1209 detineri
1017 1154 1073 1211 dicis

150 1232 182 1289 ob
193 1232 245 1304 his,
258 1248 374 1305 quorum
387 1233 538 1296 meministi,
553 1230 595 1287 uel
607 1230 766 1304 probaueris
781 1231 831 1288 tibi
844 1232 958 1306 deberi,
975 1253 1072 1311 praeses

150 1317 307 1389 prouinciae
318 1317 424 1372 restitui
435 1313 598 1389 prouidebit.
616 1313 726 1372 Pitvtt.
739 1314 776 1372 id.
785 1315 901 1376 ianuar.
917 1321 977 1378 ΑΛ.
996 1312 1072 1378 coss*

193 1396 239 1458 tu.
263 1399 334 1455 idem
349 1399 444 1455 eodem
460 1415 574 1471 corpore
590 1400 632 1455 tit.
648 1397 681 1454 de
695 1399 838 1456 instrum:

151 1485 235 1558 lmpp.
252 1483 409 1541 Diocletien.
426 1491 453 1538 ei
469 1482 616 1539 Maximino.
640 1483 694 1539 nt.
705 1481 774 1538 iulio
786 1481 952 1547 pancratio.
990 1488 1072 1545 lnter

151 1577 266 1625 cetere
290 1575 322 1623 et
345 1566 383 1622 ad
405 1566 533 1623 locum:
556 1564 666 1620 Omissis
686 1566 779 1638 itaque
801 1568 969 1628 istiusmodi
989 1575 1070 1637 moris,

151 1654 174 1708 si
189 1652 368 1708 intentionem
378 1665 454 1706 suam
465 1651 574 1723 Incipiat
588 1648 759 1705 aduersarius
771 1658 839 1706 tuus
857 1654 993 1730 impiere,
1006 1672 1070 1730 pree

151 1733 343 1808 scriptionibus
359 1734 489 1806 temporis
506 1733 548 1789 uei
565 1733 675 1789 alterius
686 1730 750 1807 (rei)
767 1741 797 1789 et
814 1743 845 1790 tu
862 1753 980 1795 causam
995 1741 1072 1814 magis

151 1823 223 1873 tuem
239 1815 363 1889 deiende,
379 1816 479 1872 hebens
499 1818 670 1873 securitatem
687 1817 830 1888 uictoriae,
847 1821 874 1875 si
892 1823 971 1894 quod
992 1826 1070 1878 interr·

150 1901 189 1957 dit
204 1900 374 1957 aduersarius
390 1910 464 1971 tuus,
479 1899 682 1973 probationibus
697 1901 813 1974 impiere
829 1919 890 1960 non
908 1908 1009 1979 possit.
1025 1905 1069 1960 PP.

150 1985 200 2041 un.
216 1985 370 2041 Diocletion.
387 1986 417 2038 Α.
432 1983 460 2039 V.
478 1992 505 2040 et
520 1983 667 2040 Maximino.
684 1985 714 2040 Α.
732 1982 759 2054 (1
768 1977 818 2062 V.)
833 1984 929 2049 cossr'*

191 2064 233 2126 17.
258 2069 323 2124 item
338 2068 423 2141 leges,
446 2068 517 2140 quod
532 2069 676 2139 scripturn,
697 2083 765 2138 quse
789 2068 899 2127 nullam
920 2072 955 2128 de
970 2071 1068 2145 iegibus

109 2152 204 2209 habeut
220 2150 382 2222 firmitatem,
395 2151 493 2206 firmari
511 2167 524 2205 e
540 2151 660 2223 principe
672 2165 726 2206 non
738 2149 832 2223 debet,
846 2155 947 2212 eodem
958 2169 1066 2226 corpore

109 2239 151 2294 tit.
167 2238 200 2292 de
216 2243 387 2291 testament:

150 2320 233 2391 lmpp.
264 2315 420 2371 Diocletion.
444 2326 471 2371 et
500 2315 648 2374 iiorimion.
677 2317 730 2372 Ab.
765 2318 884 2378 Aurelio
908 2320 1065 2391 Secundino,

151 2401 269 2473 Optioni.
292 2398 611 2456 lnterceterneteti
627 2401 753 2457 locum:
776 2400 1067 2480 Scripturnquaenec

150 2486 218 2553 iure,
234 2499 284 2538 nec
299 2482 405 2555 legibus
421 2485 554 2554 consistit,
568 2500 617 2541 nec
638 2483 740 2539 anobis
757 2483 829 2543 bano
839 2487 1000 2545 confirmari
1011 2506 1068 2546 con·

151 2569 241 2630 uenit;
263 2568 363 2640 quippe
384 2583 445 2624 cum
467 2566 607 2624 ’beneticie
631 2563 704 2639 (nisi)
733 2562 822 2624 citru⁶
843 2573 1012 2645 nutusquem
1033 2575 1068 2628 in-

151 2654 245 2708 iuriam
269 2650 423 2726 petentibus
441 2651 591 2708 decernere
617 2651 725 2707 minime
753 2652 904 2716 soleamus.
951 2656 1003 2713 PP.
1021 2655 1069 2711 iil.

151 2736 203 2792 irai.
221 2735 290 2792 Nou.
307 2734 502 2809 Martianopoii,
519 2734 566 2791 CC.
583 2727 668 2791 coss.²

193 2816 236 2877 18.
260 2820 326 2874 Item
342 2819 427 2893 leges,
443 2818 559 2893 qualiter
575 2818 647 2892 quod
664 2811 788 2875 ’euotor⁸
804 2819 912 2893 habuit,
939 2824 997 2880 boo
1018 2826 1070 2881 eius

109 2903 201 2960 heredi
224 2905 311 2976 possit
332 2912 503 2977 competere,
532 2918 563 2958 ex
586 2917 701 2975 corpore
730 2899 947 2978 Hermogenieni
973 2910 1017 2968 tit.
1040 2907 1108 2970 dent

110 2986 338 3044 successionibus:

152 3071 237 3146 lmpp.
255 3070 410 3127 Diocletian.
427 3079 455 3126 et
469 3070 615 3126 Maximino.
632 3071 687 3125 ΑΛ.
704 3068 815 3124 Aurelio
832 3070 957 3131 Asterie.
983 3075 1071 3132 iuter

152 3165 268 3212 cetera
290 3164 323 3210 et
338 3154 375 3210 ad
398 3155 524 3211 iocum:
547 3153 574 3210 Si
590 3153 735 3209 secundum
751 3151 832 3208 edicti
854 3153 976 3215 formem
993 3168 1069 3216 teste·

153 3249 272 3297 mentum
296 3237 465 3311 obsignatum
489 3239 593 3307 existit,
618 3236 704 3306 bona,
726 3251 804 3307 quoe,
827 3253 892 3293 oum
917 3250 1068 3300 moreretur

152 3316 277 3381 ’erector9
300 3330 378 3390 tuus,
402 3324 459 3377 eius
482 3320 603 3389 inerunt,
625 3320 773 3376 solenniter
795 3329 951 3394 petes‚.et
974 3325 1070 3398 reliq.

151 3407 201 3462 PP.
219 3404 261 3460 ΙΙΙ.
278 3403 329 3458 kei.
348 3404 431 3477 April.
447 3403 556 3475 Sinnio,
572 3403 620 3459 CC.
637 3396 722 3461 coss.7

180 3575 202 3647 1)
213 3580 288 3629 Eorl.
302 3579 326 3629 C,
338 3581 480 3629 intentiones
491 3590 584 3630 nestros
595 3582 658 3630 Por.
668 3592 700 3632 tt.
717 3580 841 3628 intentioni
852 3589 954 3633 nestrae
966 3585 1032 3634 Por.
1040 3598 1073 3639 en.

111 3649 131 3717 ⁹)
147 3652 240 3700 Docere
255 3651 370 3700 uidetur:
388 3652 508 3714 postulone
527 3655 566 3701 vel
581 3658 696 3715 oportent.
771 3645 792 3713 3)
808 3649 863 3699 Aut
877 3653 925 3703 An.
942 3663 1031 3706 etant
1049 3664 1075 3704 ut

110 3728 135 3772 tn
152 3721 173 3770 I.
191 3720 470 3771 aetestdetenriom.
527 3720 548 3786 ⁴)
565 3733 724 3773 aens-nos.
781 3716 841 3782 ὁ)ιι.
858 3732 907 3773 eso.
969 3722 1074 3791 ⁶)Sop-

107 3795 176 3857 pleni
193 3809 214 3842 υ.
230 3793 285 3846 nisi,
301 3794 374 3841 cuine
390 3801 449 3841 noto
464 3794 570 3842 cecidit.
600 3793 700 3841 Haeoel
714 3791 749 3838 nd
762 3789 850 3838 Herm.
870 3791 896 3841 0.
909 3809 938 3857 p.
952 3807 989 3846 ts.
1004 3811 1074 3858 susp.

109 3865 224 3914 beneficio
247 3864 318 3912 circu.
399 3860 418 3926 ⁷)
441 3878 463 3911 a.
487 3873 608 3914 set-802.
689 3859 709 3925 8)
731 3868 798 3908 uetur
818 3860 913 3929 edd..
963 3861 1077 3930 ⁹)ector

109 3936 173 3984 Par.
188 3947 221 3986 tt.
