2378 4386
406 553 504 590 aaran.
525 552 578 589 ivn.
598 554 658 588 nou.
677 535 770 588 varies
997 539 1057 602 717

106 677 211 744 ubique
234 675 301 729 satis
323 675 461 729 rationem
483 675 650 728 habuerunt.
687 672 743 725 Nos
765 671 830 725 huic
856 671 931 740 parti
953 673 1060 725 tantam

107 739 1060 875 llatfflmttltltlttlltizltleteltltddttdldit

108 878 226 930 randum
244 893 299 930 non
318 893 376 930 esse
395 876 536 938 arbitrati,
556 873 711 933 effecimus,
730 874 761 925 nt
779 889 842 925 cum
858 880 896 937 §et
916 874 1062 943 sexaginta

109 948 171 999 octo
184 946 277 998 essent
296 944 329 1011 (si
347 944 422 995 recte
441 941 607 1007 numeravi),
626 956 697 1007 quae
711 940 819 993 bessem
834 942 987 1008 scripturae
999 957 1061 1010 per-

109 1011 248 1075 diderant,
266 1012 376 1063 tantum
390 1008 518 1061 undecim
531 1022 646 1058 mancae
659 1006 773 1059 relictae
789 1007 852 1071 sint,
871 1024 943 1084 quae
957 1007 1061 1062 doctio-

109 1080 145 1131 ris
156 1079 203 1132 vel
215 1077 408 1145 ingeniosioris
427 1090 508 1142 opem
528 1074 699 1140 exspectent
730 1072 861 1125 Ceterum
873 1092 902 1126 in
914 1076 1062 1129 aestiman-

109 1146 151 1199 dis
174 1144 333 1198 huiusmodi
359 1140 560 1210 supplementis
583 1141 615 1190 ut
637 1154 683 1201 ea,
709 1154 781 1205 quae
805 1140 834 1191 in
856 1141 943 1194 totius
970 1141 1063 1211 operis

130 1212 282 1266 rael'atione
305 1209 376 1273 dixi,
400 1208 491 1260 animo
515 1205 633 1267 recolas,
655 1205 758 1281 iterum
780 1207 917 1259 monitum
940 1209 968 1261 te
989 1210 1061 1263 volo.

109 1231 352 1347 {artigraphorum
370 1289 500 1328 numeros
517 1287 573 1324 nori
591 1273 706 1347 mutavi,
724 1271 792 1325 hcet
809 1273 946 1349 quaedam
964 1290 981 1326 a
1002 1278 1063 1327 erto

110 1363 202 1400 errore
230 1346 283 1408 ita,
313 1345 345 1395 ut
369 1357 442 1393 nunc
469 1339 597 1402 eduntur,
624 1337 773 1413 distinctae
799 1341 862 1391 smt.
905 1292 1063 1407 Ampiiores

109 1416 203 1466 autem
223 1416 261 1474 dt.
280 1410 312 1461 ut
329 1408 437 1460 facilius
456 1406 536 1458 citari
552 1405 679 1481 possent,
698 1421 727 1456 m
745 1407 839 1472 partes
858 1406 986 1459 distribui
1004 1422 1062 1459 eas·

110 1495 164 1546 quc
188 1476 309 1529 numeris
331 1474 439 1526 uncinis
461 1472 572 1524 inclusis
593 1471 734 1538 insignivi.
755 1473 794 1506 *⁴⁸
829 1472 904 1524 Haec
927 1472 1064 1527 asteriscis

111 1546 208 1599 notata
224 1542 357 1608 perlecta,
376 1541 407 1592 nt
419 1538 561 1606 putabam,
580 1553 644 1590 mea
656 1537 779 1591 editione
791 1539 832 1591 ita
844 1538 1062 1607 disputaveram,

111 1627 172 1663 cum
191 1624 264 1660 nova
275 1606 325 1660 Th.
339 1606 503 1660 Mommseni
520 1604 607 1658 editio
625 1603 749 1668 affertur,
768 1605 813 1657 cui
831 1606 994 1684 inscriptum
1007 1611 1062 1660 est:

112 1674 230 1729 ‘Codicis
249 1673 377 1727 Vaticani
395 1690 420 1727 n.
440 1677 513 1726 nito.
531 1672 560 1724 iii
578 1688 633 1749 qno
651 1673 746 1725 insunt
768 1670 835 1725 iuris
853 1673 1062 1728 anterustiniaui

110 1744 268 1819 fragmenta
286 1757 357 1808 qnae
381 1739 512 1793 dicuntur
529 1738 666 1792 Vaticana
690 1739 849 1807 exemplum
872 1740 969 1794 addita
988 1744 1063 1794 tran·

111 1810 261 1877 scriptione
284 1808 411 1883 notisque
435 1805 538 1860 criticis
557 1805 599 1860 ed.
617 1805 667 1858 Th.
687 1805 849 1864 Mommsen.
868 1806 957 1861 Berol.
979 1814 1062 1866 1860)

112 1878 172 1940 Qua
193 1874 316 1929 editione
339 1879 425 1927 etiam
448 1872 511 1941 plus
537 1890 621 1940 quain
643 1872 719 1927 docti
742 1873 795 1926 viri
821 1873 978 1928 desiderare
1001 1875 1062 1928 ausi

112 1945 200 2006 crant,
239 1941 384 1994 raestitnm
398 1943 447 1993 est.
477 1940 536 1992 lam
554 1940 628 1992 enim
647 1941 733 1994 habes
747 1939 875 1995 Vaticani
888 1941 991 1994 codicis
1008 1958 1064 1996 non

112 2009 194 2064 modo
212 2013 220 2061 i
253 2010 343 2062 ratam
355 2006 542 2069 collationem,
561 2023 643 2073 quam
656 2009 769 2077 vocant,
789 2008 838 2060 sed
851 2008 994 2061 attitulas
1007 2023 1063 2063 non

112 2077 232 2130 mendax
254 2074 412 2143 praedicat,
436 2073 595 2149 exemplum
618 2076 648 2127 et
664 2090 754 2142 paene
776 2075 955 2129 simulacrum
978 2075 1063 2144 idque

112 2143 277 2198 lllommseni
289 2141 403 2195 consilio
417 2143 446 2194 et
457 2140 593 2193 arbitratu
607 2143 635 2193 ct
647 2140 802 2195 Detlelseni
819 2142 968 2196 scitissime
978 2159 1065 2211 opera

112 2210 318 2264 accuratissime
337 2209 454 2262 lactum:
474 2208 518 2259 cui
531 2207 640 2260 accedit
656 2224 730 2262 nova
745 2210 840 2263 textus
857 2209 980 2265 recensio
993 2209 1064 2263 mal·

112 2279 148 2331 tis
166 2276 408 2331 emendationibus
426 2276 455 2328 et
472 2274 673 2342 supplementis
690 2275 848 2344 conspicua,
868 2277 948 2330 etde
967 2277 1064 2332 codice

113 2348 142 2398 et
163 2345 225 2411 ipsa
247 2343 357 2411 sylloge
376 2339 510 2394 Vaticana
532 2341 641 2394 subtilis
665 2343 835 2410 disquisiti0‚
859 2344 937 2398 cuius
959 2345 988 2397 iii
1011 2344 1064 2398 hac

112 2407 994 2532 adstitit?sindelstettatilzllmdillitl
1011 2412 1065 2532 33⁰

114 2546 246 2612 deinceps
264 2558 387 2611 unquam
407 2542 483 2618 fient,
502 2541 589 2593 etiam
606 2515 677 2594 ha'nc
690 2558 781 2595 meam
800 2517 997 2597 accommodis
1019 2495 1065 2600 aui

112 2613 205 2675 luisse,
224 2627 280 2663 uon
299 2609 434 2687 estquod
453 2608 552 2665 dicam.
582 2606 649 2661 Post
666 2611 790 2676 accepta,
809 2625 872 2662 cuni
890 2611 981 2664 totum
994 2626 1064 2680 opus

113 2679 147 2732 de
166 2679 274 2745 integro
287 2675 441 2744 occipiendi
454 2675 540 2728 otium
554 2689 609 2726 non
622 2673 769 2741 sufficeret,
787 2678 882 2729 tamen
894 2677 1065 2731 retractandi

114 2747 172 2798 eius
189 2745 384 2798 necessilatem
402 2742 472 2795 mihi
489 2741 634 2809 imposuit:
652 2741 680 2794 iu
693 2759 748 2808 quo
780 2744 898 2796 uantum
916 2743 984 2796 milii
1001 2760 1064 2812 pro·

113 2813 199 2865 luerit
216 2814 271 2864 iam
289 2811 386 2863 datum
405 2811 511 2863 certum
529 2760 784 2862 fundamentumcii
801 2810 887 2878 ipsius
898 2808 1065 2865 Mommseni

114 2880 149 2932 de
168 2878 260 2931 dubiis
279 2877 347 2931 locis
365 2876 506 2939 iudicium,
525 2891 694 2943 quanquam,
712 2878 745 2928 ut
756 2875 797 2941 fit,
815 2892 870 2929 non
882 2877 988 2944 ubique
1000 2893 1064 2930 con·

114 2946 285 3010 venerimus,
312 2950 341 2997 et
362 2945 422 3012 ipse
444 2943 500 2996 scio
523 2959 573 2996 nec
600 2942 732 2996 lectorem
755 2944 862 2997 latebit.
898 2944 941 2997 Ab
965 2943 1064 2998 eodem

114 3028 179 3066 vero
202 3012 408 3066 excusationem
431 3026 475 3063 nie
493 3009 653 3062 habiturum
676 3025 769 3078 spera,
793 3011 816 3063 si
834 3010 1064 3078 aequabilitatem

114 3095 206 3133 rerum
225 3078 410 3133 notandorum
428 3078 457 3129 in
472 3092 557 3144 opere
570 3078 649 3144 quasi
663 3077 705 3130 bis
722 3079 850 3146 suscepto
863 3077 1004 3130 interdum
1017 3077 1065 3131 da·

113 3147 286 3200 sideraverit.
322 3145 447 3212 Denique
471 3144 505 3197 de
527 3144 625 3212 signis,
650 3144 751 3222 quibus
769 3144 798 3197 iu
817 3145 890 3198 notis
911 3160 1064 3210 naussum,

114 3229 222 3278 moneo,
245 3219 276 3266 V.
296 3212 441 3280 designare
461 3211 584 3265 codicem
604 3211 780 3277 Vaticanum,
804 3216 863 3265 Vnt,
882 3211 1002 3265 eundem
1020 3227 1064 3264 co·

114 3280 204 3333 dicem
218 3280 320 3399 egloin
334 3283 363 3334 et
372 3278 480 3332 blumio
493 3280 649 3348 inspectum
665 3282 694 3332 et
706 3279 836 3348 relatum,
853 3282 898 3333 Vl.
911 3277 1065 3333 Detlelseni

114 3363 237 3417 apogrep
259 3365 313 3401 um.

482 3551 675 3561 -————-
