2378 4386
59 1373 103 1423 aa
263 1365 417 1420 varanis
438 1364 625 1420 cvivsulu
644 1364 914 1421 irascousvnri

422 1463 753 1538 CONSVLTATIO.

181 1628 360 1697 opuseulum,
379 1630 454 1698 quod
472 1630 524 1685 hoc
542 1631 625 1684 titulo
644 1648 717 1685 nunc
730 1632 812 1700 vulgo
825 1631 993 1697 inscribitur,
1007 1633 1062 1690 Iac.

112 1697 241 1753 Cuiacius
255 1713 288 1752 er
307 1697 470 1767 apographo
488 1697 591 1752 codicia
603 1698 718 1752 Antonii
731 1697 843 1753 loiselli
861 1700 934 1752 circa
951 1716 975 1753 a.
990 1706 1063 1758 1563.

112 1765 139 1819 ei
165 1764 369 1818 communicato
391 1766 419 1817 in
442 1766 534 1818 fronte
557 1781 669 1819 suarum
693 1765 934 1819 Consultationum
956 1768 1063 1835 primus

112 1831 218 1900 publici
231 1832 299 1884 iuris
312 1831 386 1895 lecit,
407 1831 571 1899 etquidem,
584 1835 617 1884 ut
627 1831 755 1907 plerique
768 1849 841 1885 nunc
854 1849 916 1885 curn
929 1832 1062 1902 Puggaeo

112 1898 238 1964 credunt,
256 1899 285 1950 in
303 1913 418 1965 operum
437 1914 486 1951 suo
522 1915 549 1950 rn
566 1899 702 1963 editione,
722 1915 793 1966 quae
811 1898 925 1952 Parisiis
943 1915 968 1952 a.
990 1907 1063 1960 157⁷,

112 1964 223 2032 prodiit.
258 1964 317 2018 Hoc
335 1979 402 2017 vero
420 1915 576 2084 ειιεωῐξὴτ,
599 1981 662 2018 cum
684 1970 742 2017 tam
768 1966 961 2042 apographum
978 1983 1062 2034 quam

111 2033 171 2100 ipse
190 2031 276 2086 codex
294 2033 350 2084 iam
369 2031 417 2084 diu
434 2048 463 2084 ru
482 2046 498 2083 o
520 2031 651 2084 livionem
671 2033 808 2095 venerint,
826 2033 929 2085 codic1s
946 2050 1063 2088 numero

112 2099 191 2152 nobis
208 2115 281 2152 nunc
299 2098 459 2151 habendum
482 2099 530 2151 est.
566 2098 666 2166 Neque
689 2100 715 2152 ei
738 2098 875 2167 dignitate
898 2099 1062 2167 aequandae

112 2169 177 2219 sunt
194 2167 266 2219 aliae
284 2166 366 2219 huius
384 2165 600 2219 consultationis
618 2166 772 2231 editiones,
790 2182 863 2232 quae
881 2167 978 2234 paucis
997 2167 1064 2220 licet

112 2232 191 2285 annis
209 2235 272 2309 post
289 2233 324 2286 ab
342 2233 403 2309 ipso
416 2231 534 2308 Cuiacio·
547 2233 592 2285 vel
610 2232 645 2284 ab
659 2233 720 2286 aliis
732 2238 846 2287 curatae
859 2237 930 2309 sunt
961 2234 1062 2299 Quam·

112 2301 456 2440 seueritatis,
470 2298 809 2444 teretiusque
826 2302 1062 2445 tiltttitati}

112 2431 207 2508 errori,
227 2433 446 2506 quam1teratae
465 2431 620 2508 apograplrr
634 2433 679 2485 vel
691 2451 779 2500 ipsius
796 2433 900 2510 codicis
918 2385 1062 2510 calfatiom

112 2497 210 2550 deberi
232 2496 387 2553 videantur.
428 2497 493 2550 Sola
514 2497 641 2551 Pansma
663 2499 852 2553 Theodorum
876 2499 984 2554 Codicis
1008 2504 1061 2555 etc.

112 2564 208 2626 editio,
227 2579 299 2640 quae
312 2580 336 2620 a.
351 2569 423 2618 1586.
437 2563 549 2633 prodiit,
561 2564 726 2633 excipienda
737 2569 791 2619 est:
806 2572 880 2618 certe
894 2567 964 2619 haec
975 2568 1064 2622 habet

111 2631 264 2697 singularia
280 2630 424 2696 nonnulla,
442 2647 513 2748 quae
532 2632 584 2683 nisi
603 2647 637 2684 ex
655 2632 749 2685 codice
767 2632 840 2685 unde
854 2633 980 2700 profecta
997 2634 1062 2699 sint,

112 2697 158 2748 vix
171 2696 255 2752 dicas.
286 2695 415 2749 Omnium
429 2712 446 2750 a
458 2697 545 2750 leuius
556 2698 688 2765 ponderis
705 2698 858 2751 editionum
872 2698 1062 2768 discrepantes

112 2763 255 2826 lectiones,
267 2763 296 2815 in
309 2763 352 2814 his
365 2764 450 2816 etiam
463 2766 648 2818 recentiorum
661 2765 889 2832 Schultlngianae
903 2767 942 2828 (iu
951 2767 1062 2835 iurispr.

111 2832 168 2882 vet.
181 2830 324 2890 anteiust.)
337 2832 367 2882 et
379 2829 561 2884 Bieneriauae
579 2831 618 2894 (in
631 2831 756 2901 Hugonis
775 2831 834 2884 iure
852 2832 905 2884 civ.
919 2834 1061 2899 auteiust.)

110 2897 143 2961 is,
162 2897 211 2964 qui
230 2896 468 2950 Consultationem
487 2897 578 2950 adhuc
596 2898 807 2966 diligentissime
826 2897 927 2963 edidit,
945 2899 975 2952 Ε.
988 2899 1029 2952 Pu
1052 2931 1063 2943 ·

111 2979 199 3031 gaeus
220 2964 249 3018 in
267 2979 342 3030 corp.
365 2964 416 3016 iur.
442 2963 522 3020 Rom.
544 2966 706 3019 anteiustin.
736 2982 762 3033 p.
782 2970 831 3018 389
850 2980 907 3032 seq.
930 2981 1030 3019 accurs

111 3031 250 3083 enotavit:
272 3031 454 3098 quamobrem
472 3031 553 3084 nobis
569 3031 641 3084 hanc
659 3034 738 3099 sequi
751 3031 901 3084 editionem
915 3035 945 3084 et
956 3049 990 3086 ea
1000 3036 1061 3087 tan·

109 3100 178 3162 tum,
196 3113 268 3164 quae
290 3098 318 3149 iu
337 3097 396 3150 eius
412 3099 492 3151 textu
509 3098 688 3162 mutavimus,
706 3099 734 3150 iu
751 3097 824 3151 uotis
835 3097 958 3152 indicare
970 3100 1061 3153 visum

110 3167 160 3218 est.
192 3165 311 3219 Leviora
327 3165 421 3217 tamen
459 3164 579 3218 uaedam
598 3165 795 3234 supplementa
812 3165 840 3216 in
857 3167 937 3218 textu
950 3168 1061 3220 tantum

109 3231 230 3288 distinxi,
266 3231 393 3298 Denique
411 3181 514 3287 chIl.
533 3233 561 3284 in
580 3232 644 3295 duc,
662 3235 694 3285 ut
711 3232 867 3300 oportebat,
885 3232 1014 3286 distribui
1032 3238 1062 3288 et

110 3299 203 3352 omnia
220 3299 330 3366 singula
346 3298 452 3366 capita,
475 3314 530 3366 quo
552 3299 661 3353 facilius
683 3314 811 3367 quaeque
834 3297 950 3368 allegari
974 3304 1004 3354 et
1019 3302 1061 3354 in·

109 3366 339 3443 veuiri‘possent,
358 3366 387 3417 in
404 3366 573 3420 minusculas
591 3370 684 3435 partes
696 3366 786 3430 divisi,
799 3365 925 3420 Arabicis
938 3369 1060 3422 numeris

109 3446 161 3483 rusi
202 3440 264 3485 itas.

163 3449 218 3550 gDue
236 3500 343 3552 incerto
360 3498 443 3552 huius
461 3500 587 3568 opusculi
606 3502 729 3565 auctore,
749 3500 808 3553 eius
821 3502 914 3554 aetate
927 3504 957 3554 et
968 3503 1061 3570 patria

110 3567 139 3615 et
150 3563 236 3629 ipsius
248 3565 408 3633 scriptionis
420 3566 528 3618 ratione
540 3571 604 3633 post
617 3566 649 3618 G.
663 3567 693 3622 Β,
707 3566 919 3621 Heimbachium
933 3567 1059 3636 (Repert.

109 3629 141 3681 Li
163 3647 184 3683 s.
207 3636 279 3685 1843.
297 3649 325 3699 p.
340 3638 387 3684 154
399 3647 457 3697 seq.
480 3637 552 3685 1845.
570 3649 597 3699 p.
610 3636 681 3695 4³1.)
700 3633 824 3699 aliosque
843 3633 991 3686 Rudorfius
1030 3651 1059 3687 e·

110 3645 207 3748 cubari
225 3698 425 3750 commentario
444 3697 599 3765 disputavit
610 3696 751 3761 (Zeitschr.
763 3698 782 3749 f.
794 3700 886 3767 gesch.
900 3699 969 3756 RW.
983 3651 1057 3757 xlll.

108 3779 135 3829 p.
156 3770 188 3816 50
206 3767 282 3831 seq),
322 3763 376 3827 Qui
399 3779 462 3816 cum
487 3779 521 3816 ex
544 3763 636 3816 verbis
659 3779 681 3816 c.
700 3770 724 3817 6.
742 3767 829 3833 aliqua
850 3769 899 3818 siti
920 3773 1060 3834 principali

109 3835 235 3896 rescripto
257 3840 301 3882 aut
323 3836 504 3896 praeceptione
525 3835 603 3894 suase
626 3849 746 3883 concessa
765 3870 771 3883 .
789 3873 795 3884 .
816 3870 822 3884 .
840 3871 847 3884 .
864 3837 1004 3898 principem
1027 3852 1058 3884 ea

107 3911 208 3961 semper
225 3903 288 3948 uelle
308 3902 457 3962 concedere,
478 3916 541 3965 quae
558 3901 654 3966 tepibur
672 3903 816 3966 rationique
834 3903 985 3951 conueniant
1003 3899 1057 3951 col·

795 3990 847 4043 53*
