2378 4386
330 531 397 568 avara
415 531 509 568 ravani
528 532 598 568 saur.
617 513 663 567 tv.
683 520 760 567 2-4.
955 515 1019 580 513

161 679 225 720 atr.
240 678 275 720 11.
304 676 347 718 nit
363 676 500 719 sedetve
516 674 676 718 consumo
692 675 918 720 racematio·

10 795 53 842 ur]
129 778 154 837 1.
177 774 310 836 ¹Senatus
326 779 452 836 consulto
465 777 634 835 Trebelliano
649 785 820 852 prospectum
833 787 884 850 est,
897 795 931 835 ne
943 778 1017 835 solus

64 867 144 922 heres
160 863 285 919 omnihus
301 862 470 920 hereditariis
487 861 640 917 actionibus
655 871 793 919 oneretur.
821 870 850 919 et
864 863 934 935 ideo,
951 880 1018 937 quo·

65 951 116 1006 ties
132 947 267 1004 hereditas
283 962 407 1002 excausa
423 944 621 1002 fideicommissi
636 946 805 1018 restituitur,
820 948 939 1004 actiones
962 949 1019 1004 eius

65 1035 92 1089 in
108 1029 386 1088 fideicommissariam
402 1029 612 1101 transferuntur,
630 1030 691 1104 quia
702 1031 847 1102 uuicuique
862 1030 1018 1088 damnosam

65 1132 125 1173 esse
141 1113 221 1171 lidem
237 1126 312 1170 ruam
328 1130 383 1170 non
399 1121 517 1186 oportet.

171 1284 235 1326 mir.
251 1282 298 1324 111.
329 1282 371 1323 DF}
388 1279 526 1323 shuarvs
543 1280 704 1324 CONSVL‘I'O
719 1279 906 1324 reddentem.

129 1375 154 1434 1.
179 1370 271 1433 ²lnter
285 1375 411 1432 heredem
428 1384 454 1432 et
470 1375 758 1450 fideicommissarium,
773 1376 816 1431 cui
827 1391 860 1431 ea
872 1375 1018 1451 Pegasiano

67 1461 200 1519 hereditas
216 1460 383 1530 restituitur,
399 1461 482 1533 partis
498 1467 525 1515 et
540 1475 591 1533 pro
613 1467 690 1533 parte
710 1458 849 1532 stipulatio
872 1461 1020 1533 interponi·

68 1555 122 1615 tur,
139 1553 170 1600 ut
186 1542 279 1600 heredi
293 1544 419 1599 instituto
435 1559 483 1616 pro
500 1544 745 1616 aestuationes,
768 1561 818 1617 pro
841 1544 937 1600 ceteris
953 1558 1019 1599 uero

67 1625 239 1703 portionibus
255 1625 500 1683 fideicommissario
520 1634 684 1698 competant.
728 1623 758 1684 2.
781 1619 896 1683 ³'lotam
916 1626 1021 1683 heredi·

70 1720 153 1768 tatem
169 1710 313 1766 restituere
329 1720 440 1783 rogatus
456 1712 478 1765 si
495 1718 615 1783 quartam
631 1711 845 1781 retinere'noiit,
868 1712 953 1784 magis
969 1718 1020 1782 est,

69 1803 101 1851 ut
121 1809 180 1850 eam
204 1809 235 1849 ea
255 1792 423 1850 Trebelliano
446 1792 539 1849 debeat
562 1794 719 1849 restituere:
750 1802 814 1850 tunc
836 1796 905 1850 enim
929 1810 1021 1849 omnes

69 1879 191 1935 actiones
205 1878 231 1933 ln
249 1874 523 1933 fideleommissariunr
547 1877 653 1932 dantur.
690 1873 719 1933 3.
741 1875 795 1933 Lex
810 1876 923 1934 Falcidia
943 1879 1021 1933 item·

70 1978 124 2034 que
139 1968 251 2017 senatus
266 1960 419 2016 consultant
435 1960 608 2034 Pegasianum
629 1959 745 2017 deducto
767 1962 837 2016 omni
858 1977 919 2016 aere
934 1960 1020 2016 alieno

67 2038 247 2118 ’deorumque
269 2038 367 2100 donts⁴
390 2053 511 2116 quartam
533 2043 657 2099 residuae
679 2044 833 2100 hereditatis
848 2043 881 2100 ad
897 2044 1021 2100 heredem

71 2128 160 2185 uoluit
182 2129 328 2203 pertinere,
372 2123 402 2187 4.
426 2125 476 2194 Qut
499 2135 581 2182 iotam
606 2127 780 2184 hereditatem
803 2130 939 2198 restituit,
962 2143 1022 2183 curn

71 2218 194 2286 quartam
218 2213 334 2267 retinere
356 2226 388 2266 ex
411 2209 557 2283 Pegasiano
580 2208 731 2282 debuisset,
754 2213 785 2268 ’si
807 2229 862 2269 non
884 2205 1022 2283 retineat,⁵

71 2302 195 2367 repetere
210 2311 267 2351 eam
283 2311 338 2350 non
361 2302 461 2367 potest.
499 2308 548 2348 nec
562 2294 631 2348 enim
647 2294 792 2351 indebitum
815 2294 932 2354 soluisse
947 2294 1021 2352 ulde-

72 2386 127 2450 tur,
143 2377 309 2452 quintanam
326 2375 404 2433 fidem
420 2376 547 2432 defuncto
563 2384 699 2450 praestare
713 2372 832 2435 maluit.⁶

205 2507 279 2590 [arr.
295 2530 336 2574 av.
367 2529 409 2570 nn
424 2527 624 2570 nnavnrauna
639 2506 883 2590 nnaenrrarn.]⁷

133 2619 158 2681 1.
180 2615 326 2679 ⁸liecusarl
346 2623 480 2679 hereditas
502 2638 555 2678 non
573 2629 675 2676 tantum
691 2620 798 2690 uerbis,
821 2621 868 2677 sed
892 2622 971 2678 etiarn
993 2638 1022 2678 re

70 2714 164 2782 potest
186 2706 280 2762 etalio
303 2708 400 2780 quouis
416 2706 514 2762 indicio
531 2703 686 2760 uoluntatis.
725 2701 755 2761 2.
778 2704 861 2760 lieres
876 2721 926 2778 per
940 2707 1023 2778 magi·

147 2873 194 2923 Tit.
209 2873 246 3007 ΙΙ).
286 2870 306 2938 ¹)
323 2874 360 2936 Os.
379 2872 434 2923 Gai.
450 2885 471 2931 s,
486 2885 531 2924 aaa.
552 2872 607 2936 Ulp.
622 2882 656 2931 aa,
671 2883 704 2922 aa.
720 2871 752 2920 L.
767 2885 786 2922 1.
802 2873 824 2933 ξ.
839 2882 860 2920 s.
879 2872 911 2920 D.
926 2871 1022 2922 adso.

76 2944 149 2994 theb.
164 2942 208 3007 (aa,
224 2956 254 2994 1.

147 3012 195 3062 Tit.
212 3013 263 3062 III.
303 3010 378 3079 ⁸)Gf.
396 3013 453 3062 (iai.
468 3025 489 3072 s,
504 3024 550 3065 aaa.
566 3024 612 3064 eae.
637 3012 691 3076 illa.
707 3024 740 3071 aa,
757 3025 789 3064 aa.
806 3024 839 3064 aa.
899 3009 975 3077 ⁸)Gf.
991 3012 1022 3062 L.

70 3095 106 3136 45.
125 3084 159 3132 D.
174 3085 210 3132 ad
222 3083 269 3132 SC.
285 3083 356 3132 Preb.
368 3083 412 3147 (te,
423 3083 453 3149 1).
473 3084 504 3132 L.
515 3095 548 3134 to.
569 3083 599 3132 D.
612 3098 677 3147 quae
692 3085 718 3132 in
730 3084 767 3147 fr.
780 3083 849 3132 cred.
861 3082 905 3147 (ts,
915 3083 947 3146 8).
966 3082 1022 3132 Gai·

72 3167 93 3213 2,
108 3165 155 3207 tbi.
221 3151 242 3219 ⁴)
257 3153 375 3218 Intelilye
389 3169 467 3203 sacra
485 3157 591 3216 priuata
606 3156 622 3202 ι’.
638 3170 659 3202 e.
680 3168 844 3218 quaecunque
859 3153 918 3202 Dit'e
936 3154 1024 3203 danda

71 3227 126 3274 riae
139 3225 315 3287 sacrificanda
330 3239 364 3273 eae
377 3224 418 3273 his
431 3224 504 3273 donis
518 3230 592 3273 erant
607 3222 676 3287 (Gai.
691 3234 712 3285 2,
723 3223 767 3289 55).
796 3224 869 3274 Haec
883 3226 949 3273 enlm
960 3239 1023 3288 pro·

67 3297 129 3358 μνία
143 3294 212 3343 dona
227 3295 357 3343 dicuntur.
386 3293 502 3346 Brisson.
518 3295 549 3342 de
561 3295 638 3356 sarm.
654 3307 673 3352 1,
688 3306 721 3345 te.
755 3294 799 3343 Ad
816 3310 847 3344 eo
867 3309 940 3350 vero,
960 3310 1024 3359 quae

72 3371 220 3415 testamento
230 3364 289 3412 Diis
303 3366 493 3428 relinquuntur,
504 3366 618 3427 pertinet
632 3366 676 3413 leae
691 3363 818 3413 Falcidia.
838 3363 870 3412 L.
882 3376 901 3414 t.
916 3366 940 3426 5.
950 3375 970 3415 5.
991 3365 1023 3412 D.

71 3435 138 3485 adl.
156 3433 227 3484 Falc.
243 3436 287 3496 (55,
302 3433 333 3499 t).
386 3431 407 3498 ⁵)
422 3437 439 3484 ε’.
454 3450 475 3483 e.
491 3436 514 3482 sl
528 3449 563 3482 ex
580 3433 740 3483 Trebelliano
755 3435 875 3483 restituat
889 3433 922 3498 (ξ.
937 3433 968 3500 a).
992 3433 1024 3482 Irr

71 3504 188 3554 omnibus
205 3503 266 3554 eda.
281 3505 345 3554 haec
359 3504 436 3554 verda
446 3511 544 3553 eretum.
595 3500 616 3567 ⁶)
633 3503 671 3565 Cf.
682 3503 713 3551 L.
724 3517 744 3554 1.
756 3515 789 3554 ie.
810 3502 836 3552 C.
848 3504 883 3552 ad
892 3506 940 3570 lea.
953 3504 1023 3554 Falc.

71 3573 105 3640 (e,
120 3573 166 3639 5ο).
187 3574 219 3622 h.
233 3584 254 3625 5.
269 3576 293 3636 5.
309 3584 342 3625 15.
362 3574 394 3622 Ι).
409 3575 441 3623 de
455 3575 513 3624 don.
530 3575 576 3622 int.
592 3573 640 3620 eir.
656 3572 700 3638 (ta,
715 3571 745 3637 t).

148 3643 196 3693 Tit.
217 3644 267 3693 IV.
307 3641 328 3709 ²)
348 3643 424 3694 Recte
445 3645 531 3693 Cariae.
551 3642 680 3699 observat,
700 3642 743 3691 hie
764 3659 815 3694 nort
835 3645 881 3707 aqi
898 3644 930 3692 de
948 3659 1023 3707 repat-

71 3712 172 3765 dt'anda
192 3714 347 3772 hereditate,
368 3715 415 3764 red
432 3715 463 3763 de
482 3729 524 3774 eo,
543 3715 587 3775 qui
605 3712 768 3761 desiderante
785 3713 1024 3774 fideicommissario

71 3783 241 3834 hereditatem
255 3785 330 3834 adire
345 3787 415 3834 nolit.
477 3779 497 3848 8)
512 3781 559 3831 Est
574 3781 605 3830 L.
621 3792 654 3833 95.
674 3780 706 3832 D.
721 3782 753 3830 de
767 3797 823 3846 aeq.
838 3799 861 3831 o.
876 3785 954 3833 omitt.
968 3783 1022 3833 her.

71 3851 116 3918 (aa,
130 3853 161 3919 s).

125 3956 227 3988 sumans.
242 3957 323 3989 asara.
336 3959 389 3989 nnn.
414 3958 452 3988 nn.
472 3959 495 3990 r.
776 3940 808 3987 33
