2378 4386
680 117 702 125 φ
720 115 726 119 .

367 532 428 571 om
447 535 548 576 ausum.
567 517 601 573 11.
622 523 715 576 9-14.
960 517 1022 583 223

61 675 127 729 muri
156 682 185 729 ct
209 685 322 747 portae,
350 676 550 749 quodammodo
572 678 658 735 dluiut
683 678 749 733 iuris
772 685 849 734 sant.
894 673 923 735 9.
945 674 1022 744 Quod

60 760 1022 834 ammmmmmfflstnfflmmmmmmfflwawm

60 835 166 898 humani
187 841 192 915 Ι
213 836 368 916 lturis-est,
385 849 555 920 pleramque
571 851 696 905 ottoniae
709 851 738 903 ia
754 848 836 904 bonis
849 854 907 914 est3
926 853 1071 918 patratae.

61 935 154 984 uatem
171 936 198 984 et
213 933 321 987 mattiae
335 935 365 988 in
381 932 461 988 bonis
477 947 554 988 esse.-
568 951 636 988 nam
652 947 701 988 ree
715 933 922 1002 hereditariae,
939 938 1019 986 ante·
1029 928 1047 967 ²·
1061 934 1079 965 ¹·

61 1030 144 1084 qaam
160 1016 266 1087 aliquis
279 1017 365 1072 iteres
380 1019 499 1084 existat,
520 1019 627 1073 nultius
640 1021 670 1072 ta
684 1018 765 1072 boris
779 1025 854 1074 eant.

60 1113 101 1152 vv.
119 1096 175 1153 lerc
191 1098 210 1154 8
226 1130 377 1140 ———-
392 1117 427 1156 ne
442 1100 563 1156 domino.
601 1098 649 1158 10.
673 1100 728 1155 lloe
743 1110 831 1156 autem
847 1092 934 1178 (res),
951 1116 1021 1172 quae

61 1181 339 1256 humaoiiumssuuu
356 1182 554 1254 aatpablcae
575 1193 707 1240 suntaut
727 1186 855 1257 puname.
891 1182 1021 1252 11.Quac

61 1264 1020 1342 pfflmmmmmwmmmmmmmmmmwm

61 1351 195 1406 uersitatis
217 1368 279 1408 esse
304 1353 466 1409 creduntur.
510 1355 631 1426 priuatae
652 1360 732 1421 sunt,
760 1368 827 1425 quae
852 1352 1023 1425 singulorum

61 1430 229 1491 'homiuum²
244 1444 322 1493 sant.

122 1516 165 1577 12.
194 1518 328 1586 Quaedam
357 1530 497 1592 praeterea
525 1536 568 1576 res
595 1520 753 1593 corporales
781 1527 863 1588 sunt,
895 1518 1024 1590 quaedam

59 1602 257 1676 incorporales.
295 1601 341 1660 13.
364 1600 567 1680 (Oarparates)
590 1604 640 1659 hae
656 1595 760 1681 (sunt),
783 1618 851 1675 quac
870 1604 945 1677 tangi
960 1618 1024 1677 poe-

59 1685 1024 1762 muwmmmfflmommmmmwmmmmmm

59 1773 128 1828 aliae
151 1787 196 1827 res
218 1772 438 1829 innumerabiles.
474 1770 519 1830 14.
541 1772 731 1847 Incorporalee
753 1780 835 1841 rant,
858 1789 933 1843 quae
949 1774 1024 1846 tangi

60 1850 1023 1934 mwmwmfflmmmwwfflffimmmmmm

61 1941 207 2010 hereditas,
223 1941 406 2012 ususfructus,
431 1941 609 2016 obligationes
632 1958 745 2016 quoquo
763 1942 844 1998 modo
861 1948 1024 2001 contractae.

61 2042 111 2082 uec
126 2025 158 2081 ad
174 2042 230 2082 rem
247 2019 390 2103 per(tinet‚
404 2029 519 2100 paedia
532 2029 693 2084 hereditate
705 2029 934 2099 rescorporates
944 2018 1024 2104 aaa)-

135 2174 158 2243 ¹)
170 2178 272 2228 Abitina
290 2180 330 2241 ἕξ.
344 2190 428 2230 t-te.
444 2181 578 2228 restitutae
596 2187 656 2228 sumt
674 2195 709 2229 σω
722 2179 754 2229 L,
770 2193 789 2229 1.
810 2180 842 2228 D.
857 2179 890 2228 de
904 2194 957 2228 rer.
972 2179 1024 2228 dia.

62 2249 94 2314 (1,
109 2247 133 2313 8)
147 2257 172 2298 et
189 2251 226 2299 tit.
242 2249 264 2298 I.
279 2250 311 2298 de
329 2249 383 2298 reb.
397 2265 469 2313 corp.
489 2249 521 2316 (a,
536 2249 568 2313 a).
602 2251 720 2314 Apparet
735 2266 795 2300 aero
814 2251 891 2316 idque
910 2266 945 2300 ea:
968 2246 1025 2299 1⁷¹².

62 2322 181 2385 apertius
195 2320 294 2384 factam
312 2327 364 2377 eet,
382 2336 414 2370 ea
433 2337 498 2385 qaae
513 2323 588 2371 initio
599 2337 627 2385 p.
642 2334 676 2374 oc.
705 2323 825 2371 restituta
839 2329 900 2371 eant
913 2337 948 2372 ex
961 2319 1025 2371 Iasi.

63 2399 87 2442 et
100 2392 172 2457 trip,
186 2406 236 2441 non
250 2392 372 2455 sufficere
386 2391 423 2440 ad
435 2392 578 2454 explendae
592 2393 710 2442 undecim
725 2395 831 2456 priores
847 2408 936 2443 aercae
949 2392 1027 2441 haiae

60 2479 121 2528 pap.
138 2462 207 2529 (nam
221 2478 238 2510 a
251 2479 274 2510 a.
289 2475 327 2520 lt,
347 2464 423 2511 cuias
442 2464 543 2511 initiam
561 2470 599 2512 est
613 2479 643 2526 ue
658 2464 762 2524 domino,
782 2465 911 2526 incipiunt
924 2465 1026 2525 supple·

64 2541 147 2583 menta
159 2531 401 2597 Stademandiana).
439 2533 531 2596 Itaque
548 2533 690 2582 lastiniani
703 2534 848 2597 prudentes
862 2547 952 2582 versae
967 2533 1027 2595 fere

63 2611 121 2654 acto
139 2605 301 2662 reciderant,
324 2604 413 2669 idque,
433 2611 460 2652 ut
479 2602 557 2652 uerba
572 2605 618 2651 itta
637 2619 665 2664 ue
685 2604 780 2652 domino
799 2610 950 2667 urpumento
967 2610 1028 2650 eunt

63 2690 106 2733 eo,
120 2690 193 2741 quem
208 2674 324 2724 indicari
338 2677 402 2725 laco.
435 2673 510 2733 Quod
524 2675 692 2735 confirmatur
705 2672 775 2735 Epit.
791 2685 812 2730 a,
828 2686 847 2722 1.
863 2685 882 2722 1.
902 2672 944 2721 lia
962 2687 1027 2734 qaae

63 2747 176 2796 distinxi
189 2746 289 2796 uerbis:
305 2742 374 2795 ‘Sed
387 2752 412 2795 et
426 2759 469 2794 rea
487 2744 676 2801 hereditariae,
696 2750 831 2807 antequam
845 2743 940 2806 aliquis
954 2742 1028 2791 iteres

64 2819 173 2874 existat,
193 2816 289 2866 idest
311 2814 395 2882 (auti)
415 2816 540 2882 quando
559 2814 741 2872 dubitatur,
761 2821 864 2863 atrum
882 2814 1029 2876 scriptae

65 2903 104 2936 an
119 2888 281 2952 lepttimar
295 2888 387 2937 lieres
400 2887 577 2938 succedere
592 2885 718 2944 debeat,
734 2887 760 2934 ia
776 2886 873 2934 nultius
887 2883 960 2935 bonis
973 2899 1028 2934 eme

65 2954 205 3008 aidentar’.
234 2958 277 3007 Ea
286 2961 352 3008 enim
363 2961 478 3023 quamuis
487 2961 572 3022 inepte
581 2957 699 3007 adhibita
709 2958 813 3006 nannai
823 2972 858 3006 ex
870 2955 936 3006 Gaio
945 2963 1028 3006 aranda

64 3045 119 3079 esre
129 3037 248 3093 pareunt.
272 3029 365 3094 Itaque
378 3032 506 3093 suspicor,
521 3030 588 3079 lanc
600 3030 659 3092 sere
673 3031 729 3078 eius
740 3030 892 3078 senteutiam
902 3029 1028 3091 periisse:

66 3097 129 3150 ‘Sed
142 3102 220 3150 etiam
232 3107 352 3150 exstante
366 3116 413 3150 suo
426 3109 451 3150 et
466 3103 613 3151 necessario
627 3100 729 3157 herede,
744 3103 815 3150 aetat
825 3101 890 3163 fitia,
905 3102 950 3165 qai
963 3101 1026 3150 alio·

65 3173 125 3236 qaia
144 3173 231 3222 statim
250 3187 306 3220 cam
325 3173 435 3221 moritur
450 3181 541 3234 pater,
560 3171 635 3221 aerea
654 3187 686 3220 aa
704 3172 821 3221 dominas
837 3179 887 3229 ert,
906 3173 931 3220 ai
944 3179 1027 3221 tamea

65 3245 191 3294 incertam
204 3244 251 3300 ait,
270 3249 356 3292 atrum
370 3258 404 3291 ex
418 3250 566 3292 testamento
579 3244 695 3305 scriptas
713 3258 746 3291 an
767 3244 886 3292 intestato
901 3244 1028 3307 lepitimas

65 3314 140 3363 lterer
152 3316 201 3370 eit,
220 3315 290 3362 aetam
303 3314 373 3378 qaod
382 3322 516 3377 portamur
529 3328 593 3363 sitae
610 3313 686 3362 aeres
703 3320 851 3363 testamento
867 3315 1028 3375 praeteritus

64 3391 244 3449 exspectatur.
264 3399 314 3448 pua
334 3391 394 3433 nato
411 3386 512 3435 seilicet
526 3392 700 3434 testamentum
714 3387 851 3448 rumpitur,
870 3399 913 3432 rea
926 3384 1027 3433 heredi-

65 3458 150 3505 tariae
165 3457 265 3504 intereo
279 3463 340 3503 aaut
353 3457 408 3504 sine
423 3452 539 3505 domiuo’.
575 3455 613 3517 Cf.
629 3455 660 3504 a.
675 3468 710 3508 84.
730 3455 762 3505 I).
777 3456 809 3504 de
823 3457 924 3518 acquir.
940 3454 1027 3504 laered.

64 3525 114 3590 (to,
128 3525 161 3591 a).
228 3522 249 3587 ²)
268 3524 313 3574 Er
331 3525 421 3590 Sappt.
440 3525 478 3576 St.
493 3542 521 3590 p.
540 3525 664 3575 XXVII.
741 3523 762 3590 3)
781 3525 825 3574 Ee
844 3524 907 3573 Inrt.
927 3525 1027 3575 addidi.

67 3595 165 3647 Omittit
178 3597 219 3647 ed.
235 3596 284 3646 Kr.
299 3608 319 3647 t.

136 3744 161 3817 ὅ.
178 3751 202 3799 9.
225 3748 262 3810 Os’.
278 3750 301 3810 ὅ.
317 3759 336 3799 t.
358 3747 450 3796 I.eod.
510 3741 554 3813 ἐξ.
572 3748 670 3797 10.11.
693 3746 731 3807 Cf.
751 3746 782 3795 L.
799 3758 809 3794 1
826 3760 870 3807 pr.
888 3744 917 3792 L.
933 3755 952 3792 2.
969 3746 992 3803 ξ.
1008 3757 1028 3793 1.

66 3820 97 3868 t).
112 3820 145 3869 de
160 3819 255 3868 interd.
271 3817 316 3883 (ao,
331 3817 362 3881 1).
391 3817 422 3866 L.
439 3828 472 3869 15.
488 3817 520 3865 a.
535 3817 567 3865 de
581 3816 650 3866 aero.
665 3819 732 3880 sipia.
749 3816 793 3879 (oo.
809 3813 853 3876 m).
882 3814 913 3860 h.
929 3826 949 3864 o.
969 3816 992 3872 ς.
1008 3825 1028 3861 1.

65 3890 97 3940 D.
112 3891 145 3940 de
159 3905 212 3939 rer.
228 3891 279 3939 div.
294 3889 326 3954 (1,
341 3887 373 3954 8).
425 3884 732 3956 §512-14.=Ta.1.
748 3886 779 3933 de
794 3883 847 3931 reb.
863 3898 934 3943 corp.
951 3881 982 3945 (a,
996 3879 1028 3939 a).
