2378 4386
506 541 592 578 oiivs.
963 519 1027 585 169

73 665 182 735 publici
204 664 273 717 iuris
294 662 356 716 fieri
377 664 472 732 coepti
494 664 599 725 essent,
622 662 707 716 etiam
729 662 789 731 ipse
812 660 888 730 quod
925 660 1028 715 rimuni

74 733 142 786 mihi
161 732 250 785 otium
269 730 366 783 datum
384 734 435 795 est,
453 731 489 784 ad
506 730 761 798 recognoscendum
783 744 817 783 ex
835 742 870 783 eo
914 728 952 781 aii
970 727 1028 782 edi-

74 799 180 854 tionem
198 797 312 852 contuli.
346 797 449 850 Postea
464 797 513 851 ubi
535 799 696 850 nuntiatum
719 799 774 860 est,
797 796 928 861 quartam
946 795 1028 849 Iuris·

74 867 243 948 prudentiae
258 864 495 918 anteiuetinianac
514 863 667 917 editionem
680 863 843 927 desiderari,
856 862 942 915 etiam
953 863 1027 916 huno

74 929 1027 1076 reiectaneatritricontaminat

205 1040 212 1066 t

74 1082 165 1131 curae,
184 1065 326 1120 adhibitis.
357 1063 477 1118 Omnino
494 1079 560 1118 vero
577 1064 663 1118 haece
677 1064 706 1118 in
717 1063 849 1118 notitiam
861 1079 953 1118 ineam
964 1079 1027 1132 per

77 1137 226 1189 venerunt:
243 1136 270 1188 J.
283 1136 315 1190 Ε.
331 1135 460 1186 Goodmit
473 1135 541 1186 Krit.
554 1135 680 1185 Aanteck.
699 1133 761 1195 etc,
779 1147 848 1198 quas
860 1129 1026 1185 Germanice

75 1202 160 1256 vertit
177 1205 204 1258 S.
222 1202 301 1254 Sutro
319 1199 369 1253 sub
388 1197 482 1254 titulo:
502 1201 669 1252 Studemuads
690 1201 875 1266 Vcrpleictitnq
886 1203 915 1252 d.
929 1202 1026 1253 Veron.

77 1272 223 1324 Hasdscltr.
240 1267 300 1321 sive
319 1270 450 1320 Kritirctc
467 1269 584 1319 Bemerk.
602 1285 632 1318 zu
652 1269 739 1320 Gaius.
758 1264 846 1320 Utrai.
862 1270 935 1319 1876.
954 1267 987 1316 Β.
1000 1268 1027 1317 J.

77 1340 206 1390 Poleaoar
222 1347 355 1402 syntopma
374 1336 561 1385 Institutionum
580 1336 646 1386 Gaia
661 1335 745 1385 Iastit.
764 1338 898 1386 secundom
916 1333 1028 1385 Studem.

75 1422 166 1471 apocr.
186 1404 238 1458 etc.
257 1401 346 1469 Lugd.
361 1399 423 1453 Bat
435 1397 679 1455 MDCCCLXXVI.
697 1397 819 1465 denique
832 1400 919 1467 ipsios
929 1397 1028 1452 Stude·

76 1469 181 1534 mundi,
200 1468 275 1521 socio
293 1468 441 1534 adsumpto
460 1466 546 1519 Paulo
559 1466 633 1518 Krne
655 1481 693 1526 er,
713 1464 818 1518 adhoc
872 1482 888 1520 o
960 1466 1028 1519 huin

77 1539 176 1590 curata
193 1534 289 1597 editio,
308 1550 379 1613 quae
397 1549 487 1602 nuper
504 1533 610 1609 prodiit
652 1530 719 1584 erol.
732 1545 756 1583 a
768 1481 1027 1610 MpCYfCffiVII,

76 1616 219 1670 quamque
245 1600 390 1655 brevitatis
416 1615 500 1653 caiisa
524 1599 596 1669 sigla
622 1601 694 1651 Stud.
718 1601 758 1651 ed.
781 1600 945 1666 significavi.
985 1598 1029 1652 Ad

76 1668 198 1725 eandem
221 1666 371 1721 editionem
395 1668 525 1736 spectent
551 1667 577 1719 ei
604 1664 657 1734 ipsi
683 1665 740 1716 iam
766 1664 871 1719 inserta
890 1665 1029 1721 'lbeodori

75 1737 234 1791 Mommsen
256 1733 315 1787 tam
335 1734 479 1789 adnotatio
502 1750 585 1801 quam
613 1730 732 1800 epistola
753 1730 850 1785 critica
871 1736 901 1786 et
916 1733 1029 1787 Henrici

75 1803 187 1871 Fitting
207 1800 322 1869 publica
343 1802 401 1854 eius
424 1800 629 1855 commendatio
651 1799 680 1852 in
704 1797 852 1855 Jen.·Litt.
873 1799 941 1853 Zeit.
965 1804 1030 1853 1877

76 1889 103 1940 p.
122 1874 173 1925 687
190 1884 258 1936 seq..
277 1868 305 1921 iu
323 1869 424 1936 quibus
442 1871 472 1921 et
488 1869 555 1936 ipsis
574 1868 609 1922 de
627 1865 818 1934 compluribus
831 1865 945 1920 Gaianis
963 1865 1030 1920 locis

77 1938 172 1991 critice
191 1936 360 2003 disputatur.
395 1935 498 1988 Eorum
515 1935 639 1988 virorum
662 1933 786 1987 omnium
810 1934 984 1988 coniecturas
1002 1934 1032 1988 ot

79 2004 237 2058 commenta
263 2003 392 2069 religiose
419 2003 571 2070 perpendi3
599 2003 662 2068 sed,
688 2018 724 2055 ne
750 2000 852 2053 librum
875 2017 1029 2066 onerarem,

78 2072 239 2140 graviorum
256 2072 366 2123 tantuin
386 2070 415 2122 et
432 2070 552 2123 maxime
571 2086 666 2123 earum
685 2066 857 2122 mentionem
869 2068 936 2131 feci,
958 2084 1031 2136 qnae

78 2138 143 2192 novi
161 2136 268 2205 aliquid
286 2153 303 2189 a
320 2136 390 2191 meis
400 2137 523 2190 inventis
535 2137 694 2205 discrepans
706 2139 736 2190 et
747 2134 805 2189 sive
818 2136 1029 2204 adprobatione,

78 2205 139 2258 sive
156 2205 213 2258 alia
230 2204 265 2258 de
283 2219 368 2258 causa
385 2204 650 2257 commemoratione
668 2204 785 2273 dignuin
797 2203 924 2261 afferunt.
955 2202 1031 2267 Quae

79 2270 295 2393 igiturwsilentio
312 2270 464 2330 transmisi,
483 2285 539 2323 non
556 2271 687 2339 neglecta
704 2270 754 2325 sed
776 2271 936 2339 improbata
952 2286 970 2324 a
986 2285 1031 2324 me

79 2353 161 2393 cense
194 2378 200 2390 .

78 2438 576 2587 assiduitatittiitffltsst
592 2440 1033 2583 {ostentamenta

78 2578 120 2654 ita
140 2574 295 2652 satutant
318 2590 427 2651 omnia,
450 2589 523 2640 qnae
543 2590 573 2625 iii
596 2573 786 2648 superioribus
810 2573 845 2626 ab
869 2573 1034 2649 imperfecta

78 2658 172 2712 priore
196 2640 299 2719 codicis
321 2640 442 2694 lectione
465 2639 634 2717 penderent,
660 2641 718 2715 tarn
745 2655 773 2690 in
791 2640 872 2691 textu
893 2655 978 2706 quam
1004 2656 1033 2715 ¹.¹¹

80 2709 261 2763 adnotatione
279 2709 445 2787 plerumque
464 2708 631 2775 simpliciter
648 2706 817 2771 omitterem,
836 2720 888 2757 nec
906 2704 940 2758 dc
953 2721 1033 2759 novis

81 2778 367 2920 ξῗὲἓιῗιῖἲιέξῖἰῗιίῗὲ
379 2773 969 2917 ‘trinitatatem‘,targa
986 2772 1034 2892 tt.

80 2905 1034 3055 tasatagat,tiiaatiraiiaiatzisaisita

81 3043 203 3122 dntinn.
215 3040 354 3121 ‘Ceterum
367 3058 384 3094 a
396 3057 518 3120 priorum
532 3041 685 3119 editionum
697 3043 758 3095 tota
767 3043 884 3103 ratione,
897 3058 961 3095 cum
970 3041 1034 3096 reli-

81 3108 1034 3231 quingentibussyllegaeiurisprudentiaeanteiustinianaecommuni

80 3175 712 3310 ¹⁰⁰⁰-aar“ntiiniraitittii
733 3175 1036 3310 -ttiiaittat

80 3259 308 3391 maozim
360 3285 473 3372 ectavit,
492 3313 526 3363 ut
542 3260 1034 3389 omnia'apographi-ceterorumque

80 3379 277 3456 subsidiorum,
293 3394 344 3456 qui
365 3393 397 3428 us
408 3376 513 3454 'haruin
526 3377 736 3457 Institutionum
749 3377 885 3430 editiones
897 3378 1034 3440 nituntur,

80 3445 337 3525 nienmendasive
354 3446 496 3498 variantes
513 3444 815 3522 lectiones-notarem..
832 3443 892 3521 Hac
904 3443 1037 3520 portent

80 3513 231 3632 gammam
250 3513 324 3564 sicut
342 3512 426 3564 antea
442 3513 553 3564 tantum
571 3512 673 3565 litteris
689 3511 831 3564 inclinatis
849 3526 878 3561 in
896 3511 976 3563 textu
994 3524 1035 3560 in·

110 3580 186 3646 cavi,
211 3593 285 3647 qnae
303 3594 321 3631 a
338 3577 504 3645 corrigenda
521 3578 623 3631 codicis
641 3577 692 3631 scri
715 3580 780 3630 tura
797 3575 964 3641 deflectunt,
983 3575 1036 3627 hoc

80 3647 163 3702 modo
185 3661 248 3711 eos,
289 3644 320 3698 ui
343 3645 377 3698 de
400 3645 521 3699 lectione
543 3644 638 3712 aliqua
660 3595 804 3706 dubitent,
827 3644 894 3695 satis
916 3641 1036 3717 monitos

82 3714 244 3777 arbitratus,
262 3729 281 3765 u
311 3713 404 3781 ipsum
422 3712 615 3782 apographum
627 3709 674 3763 vel
686 3712 794 3764 ceteros
806 3708 896 3762 tontes
908 3708 1037 3761 omnibus

81 3784 214 3849 patentes
227 3779 340 3833 adeant
370 3778 478 3833 Vocum
490 3793 558 3831 vero
570 3777 615 3830 vel
627 3777 795 3836 litterarum,
814 3791 886 3842 quae
899 3775 928 3825 in
941 3771 1035 3848 codice

82 3864 232 3919 perperam
251 3847 394 3900 abundare
412 3847 459 3899 vel
477 3845 563 3913 (quod
581 3841 838 3911 frequentissimum
851 3844 894 3893 est
905 3839 1037 3891 vitiorum
