2378 4386
145 537 209 603 364
433 554 491 591 om
508 554 606 593 innoti.
625 535 672 591 IV.
692 543 822 596 δι”-Μ’.

147 698 258 753 missum
274 704 326 755 est.
349 704 376 751 at
391 698 415 751 si
430 690 522 752 etiom¹
540 700 653 754 toxotio
666 700 762 767 potito
776 701 892 769 nonsit,
909 704 914 758 Ι
930 701 1033 772 quanti
1043 702 1113 756 uelit

147 782 340 838 condemnare
353 788 457 851 potest.
487 779 550 839 52⁸.
579 782 658 837 Unde
673 784 757 854 quio,
779 784 856 854 quoti
871 787 955 853 petit,
972 792 977 845 t
993 783 1040 857 qui
1056 782 1112 840 ior·

147 864 245 920 mulam
267 865 382 936 occipit,
402 864 544 921 intendere
566 865 662 934 debet,
686 863 745 921 ’neo
761 868 887 939 amplius
907 870 996 923 iudex
1011 862 1111 941 quom²

147 957 220 1007 centa
242 948 469 1006 condemnatione
489 951 707 1024 constringitur,
728 953 780 1007 ced
793 967 848 1007 nec
865 955 870 1019 Ι
884 956 985 1008 iterum
1000 954 1113 1010 eandem

145 1034 297 1108 formulam
324 1035 436 1108 occipit,
464 1037 514 1107 qui
534 1038 605 1107 enit,
634 1041 662 1091 et
682 1039 713 1090 in
735 1037 981 1102 condemnatione
1007 1045 1112 1094 certam

144 1121 311 1192 pecuniam,
324 1137 412 1235 ³quom
420 1123 503 1191 petit,
515 1134 628 1192 ponere
639 1120 729 1189 debet,
747 1136 784 1176 ne
799 1128 998 1196 cortsequotur
1012 1126 1111 1186 minius

147 1219 228 1277 quom
245 1202 320 1258 uelit.

210 1281 259 1345 ⁶³.
276 1286 304 1342 st
321 1288 382 1359 quis
396 1287 549 1344 intentione
564 1288 626 1362 plus
642 1288 791 1362 conplexus
803 1289 896 1360 inerit,
913 1306 1005 1349 causo
1018 1294 1111 1358 coditi

146 1373 173 1429 id
189 1380 231 1429 est
247 1387 302 1428 rem
319 1370 417 1445 perdit,
439 1388 489 1429 noc
505 1390 520 1428 a
535 1382 662 1448 praetore
676 1374 704 1427 in
720 1374 859 1447 integrum
875 1377 1045 1446 restituitur,
1066 1392 1112 1431 ex·

147 1461 236 1533 ceptio
256 1455 415 1531 quibusdem
435 1456 558 1526 ensibus,
580 1460 608 1514 in
628 1458 728 1531 quibus
748 1476 844 1515 omnes
864 1468 980 1517 ociores
999 1468 1112 1532 praetor

147 1559 202 1599 non
224 1534 342 1616 pntitnr⁴
362 1541 403 1601 oti>
425 1555 551 1597 errorem
568 1559 650 1598 ouum
672 1544 777 1600 domno
793 1543 894 1616 offici·
914 1562 981 1600 nom
996 1548 1111 1600 minori·

148 1629 201 1685 ius
221 1641 448 1684 tirannorum
469 1630 593 1699 semiper
613 1634 643 1683 ut
662 1630 692 1682 in
713 1629 779 1684 otiis
799 1633 897 1685 count
921 1635 948 1685 et
973 1630 1020 1686 iiio
1044 1645 1111 1686 sue-

148 1714 253 1768 currit.
283 1704 360 1767 68⁸st
374 1711 447 1767 Pius
458 1718 553 1766 nutem
568 1718 707 1784 quattuor
719 1719 724 1773 Ι
736 1711 824 1768 modio
839 1715 951 1786 petitur,
966 1707 1031 1785 ἀΰ,
1049 1724 1113 1770 tem·

149 1811 227 1870 pore,
248 1794 321 1866 loco,
342 1811 431 1851 conon.
460 1811 500 1863 re,
524 1794 599 1851 uelut
614 1798 641 1851 si
659 1800 724 1870 quie
738 1814 797 1869 pro
812 1806 855 1859 iti
871 1797 987 1867 milibus,
1005 1815 1073 1871 quae
1089 1800 1113 1854 ei

148 1879 297 1945 debentur,
319 1897 361 1935 xx
384 1878 455 1934 mitta
477 1879 602 1952 petierit,
626 1887 677 1937 out
700 1883 722 1936 si
740 1886 781 1953 io,
805 1886 889 1939 cuius
905 1896 909 1946 ι
927 1898 959 1937 ex
974 1892 1052 1956 parte
1069 1899 1112 1938 res
1127 1896 1183 1949 {mot

149 1973 237 2037 osset,
260 1973 344 2020 totam
361 1978 418 2018 enm
434 1972 480 2017 out
494 1965 595 2019 maiore
610 1980 642 2020 ex
664 1975 743 2038 porte
759 1981 840 2022 suom
857 1969 862 2031 Ι
879 1981 938 2020 esse
956 1967 1112 2022 intenderit.

150 2057 287 2122 tempore,
301 2050 379 2104 uelut
390 2051 453 2103 siin
466 2049 539 2103 diem
550 2052 722 2120 stipulatus!
736 2058 798 2105 onte
807 2052 880 2105 diem
887 2053 1015 2121 petierit.
1037 2053 1112 2119 ioco,

150 2137 229 2190 uelut
243 2137 269 2189 si
282 2134 318 2203 tu,
335 2135 411 2205 quod
424 2139 504 2189 certo
518 2134 582 2189 loco
598 2127 603 2195 Ι
620 2133 678 2189 niati
693 2135 856 2208 promissum
870 2141 921 2197 est,
938 2132 964 2188 to
980 2135 1111 2190 otioloco

148 2224 361 2235 Ψ...-

224 2248 245 2316 ¹)
256 2249 300 2298 Eo·
312 2244 365 2307 W,
375 2248 443 2297 unde
450 2264 515 2312 quoe
522 2256 666 2314 sequuntur
673 2252 726 2300 aiio
736 2264 812 2300 renen
821 2265 895 2313 quom
902 2255 979 2299 anteo
987 2249 1112 2311 feceram,

150 2320 310 2371 restituendo
321 2326 404 2368 erant.
425 2318 495 2368 Idem
507 2323 574 2371 ouiet
585 2322 617 2370 de
629 2328 682 2371 toto
694 2322 718 2384 ξ.
726 2323 775 2379 52⁸,
785 2319 829 2368 ubi
836 2322 913 2370 merito
923 2322 1004 2384 ptura
1014 2338 1030 2369 o
1038 2319 1112 2371 Sido

150 2394 218 2442 lectu
231 2398 297 2439 eunt.
327 2389 359 2438 In
373 2390 414 2440 iio
428 2392 530 2441 iitteroe
544 2407 638 2452 omnen,
653 2408 719 2457 quoe
733 2394 814 2441 iectue
828 2399 896 2449 cunt,
911 2393 995 2456 ipson,
1011 2407 1057 2442 eoe
1072 2391 1115 2441 uiti

150 2463 281 2526 deliciunt,
294 2463 406 2525 epatium
416 2470 540 2512 accurate
551 2465 662 2521 cervari,
675 2470 814 2526 praetereo
828 2462 860 2512 de
869 2478 947 2512 tenen
956 2470 1054 2512 tontum
1063 2464 1114 2513 coi·

150 2536 245 2585 licitus.
267 2534 383 2584 Ceterum
397 2536 572 2598 exceptionem
581 2535 625 2583 tric
634 2535 763 2584 dictorum
773 2535 825 2584 uid.
836 2536 863 2583 in
874 2537 898 2597 ξ.
908 2546 941 2587 oo.
994 2530 1015 2599 ¹)
1031 2535 1060 2584 id
1068 2541 1113 2591 eet,

151 2613 273 2670 utooepe,
287 2612 312 2655 et
324 2606 504 2656 tantummodo.
556 2601 577 2670 ')
590 2604 668 2654 Initio
679 2621 700 2653 o.
712 2618 724 2656 t
740 2621 784 2670 usq
800 2606 856 2655 uelit
871 2603 923 2654 W.
947 2605 1018 2656 Unde
1031 2612 1115 2669 potest

150 2678 227 2728 etiam
233 2678 332 2741 suisne:
342 2673 382 2725 ‘nt
392 2683 565 2741 consequntur
575 2691 629 2726 eom
640 2672 775 2743 quoiusque
786 2673 865 2726 neiit'.
886 2676 953 2727 Ante
964 2678 1056 2740 accipin
1071 2672 1116 2724 W

149 2764 199 2813 pro
209 2749 305 2813 occipit.
324 2747 392 2800 ltin.
407 2750 485 2797 etium
494 2747 543 2797 Kr.
554 2760 575 2798 2.
590 2753 688 2796 tontum
698 2745 776 2796 verbo
791 2749 858 2797 tecto
872 2755 896 2797 et
911 2750 937 2797 in
949 2750 1002 2810 line
1019 2746 1023 2814 Ι
1039 2761 1112 2812 nsque

150 2820 209 2870 uelit
225 2820 326 2870 iubent.
382 2815 405 2883 ⁴)
423 2817 494 2878 Quae
508 2821 574 2867 tecto
588 2825 656 2875 eunt,
670 2833 705 2866 ex
722 2814 767 2865 Vnt
777 2820 909 2881 praestiti,
924 2821 951 2867 in
966 2834 1016 2883 quo
1030 2826 1113 2867 tamen

150 2899 227 2941 anteo
234 2898 272 2941 eet
280 2891 383 2951 integrm
394 2888 418 2937 it.
425 2891 572 2952 incriptum
579 2889 664 2951 fuitne
673 2891 754 2938 statui
763 2890 803 2952 qb.
811 2904 894 2938 omncs
905 2892 971 2939 octoi
980 2905 1016 2952 pr.
1026 2891 1042 2938 n
1052 2889 1114 2952 poti·

151 2969 197 3011 tur.
212 2960 562 3025 Brmibueoumopporeot,
575 2958 738 3024 Theophilum
747 2961 773 3008 in
782 2959 847 3010 luet.
856 2959 1114 3011 Institduaooaueac

151 3034 178 3081 in
193 3033 320 3095 integrum
330 3030 503 3078 restitutionis
513 3032 616 3081 inverso
627 3031 719 3080 ordine
729 3033 858 3090 retulisse,
874 3034 900 3080 in
913 3030 973 3080 Gaii
981 3029 1045 3079 Inot.
1052 3035 1112 3091 poet

150 3102 215 3151 ineo
230 3108 406 3151 o.11.eto.1t.
420 3102 534 3163 priorem
547 3103 636 3164 spatii,
651 3103 797 3150 litterarum
811 3104 970 3167 retiquarum
985 3107 1009 3149 et
1022 3113 1113 3149 oeneus

151 3173 253 3221 ratione
271 3169 372 3226 habita,
391 3172 430 3220 oio
448 3172 520 3233 sere,
540 3179 568 3220 ut
581 3188 650 3222 nunc
661 3174 729 3236 feci,
748 3174 852 3222 restitui
866 3188 944 3237 posce
958 3171 1112 3222 existimaui.

152 3240 175 3309 ⁶)
185 3242 271 3291 Etiam
282 3243 308 3289 in
318 3241 376 3299 iao,
387 3258 461 3305 quom
468 3244 525 3305 feci
534 3244 567 3303 5„
573 3246 654 3305 ptura
662 3251 687 3292 et
694 3244 810 3293 certiora
821 3259 900 3309 usque
909 3245 945 3294 od
951 3245 1027 3307 finem
1034 3259 1061 3306 ρ.
1069 3253 1116 3293 too-

151 3314 223 3364 dedit
237 3309 289 3371 1¹¹2,
304 3328 353 3377 quo
364 3313 520 3375 factumest,
535 3321 562 3363 ut
570 3316 754 3378 supplemento,
769 3331 835 3379 quoe
847 3323 924 3365 antea
934 3330 1024 3365 oeneus
1034 3327 1114 3364 conon

152 3386 263 3435 maxime
285 3384 348 3434 lust.
369 3384 560 3435 Institutionum
581 3399 629 3448 ope
652 3386 866 3448 infor-moveram,
886 3389 968 3450 poulo
991 3385 1116 3435 mutanda

150 3462 241 3507 cenent.
263 3455 355 3516 Quoad
368 3456 445 3506 uerba
460 3457 569 3505 maxime
584 3457 681 3505 incerti
693 3463 753 3505 nunt
767 3473 787 3508 n.
802 3468 828 3508 to
843 3464 867 3507 et
881 3470 914 3509 tt.
967 3454 988 3522 ⁶)
1004 3472 1044 3506 res
1063 3450 1115 3505 W.

223 3559 247 3632 ξ.
262 3566 304 3615 53.
326 3563 364 3626 Cf.
379 3564 419 3626 ξς.
434 3573 467 3613 oe.
480 3573 515 3613 oe.
530 3573 576 3612 tm.
595 3562 618 3623 ς.
634 3572 667 3612 oo.
692 3562 761 3613 Lete
776 3570 826 3612 act.
842 3562 878 3628 (i,
892 3561 923 3629 o).
949 3564 1026 3613 Pani.
1041 3575 1066 3624 t,
1081 3573 1115 3612 to.

151 3635 175 3697 §-
190 3648 210 3686 1.
232 3635 343 3685 Contuli.
357 3646 408 3695 5‚t.
428 3632 460 3681 L.
472 3646 482 3683 1
494 3633 539 3694 fin.
558 3631 589 3681 D.
604 3633 708 3696 quondo
722 3635 779 3683 dieo
793 3635 890 3697 ususfr.
902 3634 976 3698 (no).
998 3633 1042 3682 Fr.
1059 3633 1115 3683 Vnt.

150 3718 184 3759 oe.
200 3719 234 3760 ne.
255 3706 341 3755 Ptaut.
357 3705 434 3755 Most.
448 3714 471 3764 o,
486 3716 505 3753 1.
521 3718 543 3750 v.
560 3714 606 3752 ιιι.
628 3702 679 3755 Cic.
691 3704 723 3754 de
734 3707 783 3756 inv.
794 3716 816 3767 i,
827 3717 860 3756 ie.
880 3707 904 3767 ἓ.
914 3717 948 3758 ot.
969 3706 1001 3754 de
1015 3712 1083 3755 orat.
1095 3716 1115 3765 ι,

151 3788 185 3829 tt.
200 3780 239 3840 ἓξ.
252 3789 289 3829 too
299 3791 350 3840 neq.
365 3781 431 3824 orat.
442 3779 512 3836 part.
522 3783 556 3822 to.
566 3773 589 3833 ξ.
600 3785 634 3824 eo.
650 3790 702 3839 pro
715 3775 792 3826 lione.
809 3775 875 3827 Com.
885 3789 906 3827 t.
922 3779 945 3839 ἕ.
957 3789 990 3827 11.
1010 3775 1115 3826 Sueten.

154 3848 243 3898 aaut.
257 3859 290 3898 ιι.
314 3845 419 3905 Quintil.
435 3843 457 3892 J.
476 3840 504 3891 0.
518 3853 539 3904 o,
554 3853 575 3893 o.
595 3846 619 3906 i.
633 3858 667 3897 oo.
688 3846 778 3897 Senec.
793 3859 834 3908 ep.
849 3860 884 3900 te.
899 3850 922 3910 ς.
938 3860 972 3898 ιο.
994 3846 1061 3898 Fece.
1076 3860 1116 3909 ep.

151 3935 173 3967 o.
189 3920 259 3967 Litio
269 3933 297 3981 p.
313 3927 359 3967 tto.
