2378 4386
319 586 354 622 ns
369 586 564 623 nonartonrsrs
582 585 618 621 au
637 585 726 623 asenna
744 585 858 623 cancrarn
999 566 1059 632 795

107 718 239 791 poterin
255 710 295 774 te¹
311 715 429 774 contulit
443 716 616 773 donationem
631 725 658 773 et
672 716 804 773 decedens
819 730 946 789 supremo
960 715 1064 772 indicio

110 818 165 857 uon
181 801 337 866 reuocauit,
356 799 460 858 scilicet
475 809 597 857 manente
611 807 762 874 potestate,
784 815 893 874 praeses
909 799 1063 872 prouinciae

109 887 185 942 iuxta
207 884 334 941 diuorum
356 885 506 957 principum
529 886 739 941 constitutiones
761 899 843 956 super
864 882 914 941 lrac
931 899 962 939 re
980 882 1063 938 iactas

111 968 165 1024 uim
181 966 352 1041 prohibebit,
375 967 408 1024 de
423 971 521 1023 ceteris
537 969 607 1022 inter
622 982 673 1023 uns
691 968 904 1040 disceptaturus.
941 965 991 1024 PP.
1008 965 1062 1023 llll.

110 1050 161 1108 lsal.
178 1051 254 1125 Sept.
269 1051 381 1107 Maximo
397 1059 424 1107 et
439 1051 565 1124 Aquilino
581 1044 686 1107 conss.²

174 1131 243 1193 278,
267 1129 376 1191 ¹¹lidem
392 1134 500 1190 Aurelio
516 1132 602 1192 Zoilo.
633 1134 701 1190 Cum
717 1132 852 1205 adfirmes,
868 1143 971 1207 patrem
987 1143 1064 1191 tuum

65 1232 99 1281 ut]
110 1219 271 1276 donationes
286 1217 420 1293 periectas
435 1219 462 1273 iu
479 1227 505 1272 te
528 1216 676 1274 contulisse
699 1225 726 1273 et
748 1220 881 1290 supremis
899 1217 1003 1273 iudiciis
1020 1233 1064 1274 eas

110 1319 165 1360 uun
180 1319 332 1371 reuocasse,
347 1302 451 1375 poteris
465 1302 523 1356 lure
538 1301 701 1370 constituto,
719 1301 876 1374 pracsertim
892 1316 952 1357 cum
967 1300 1067 1356 leonori

106 1385 269 1460 primipilari
283 1388 322 1441 sis
338 1378 508 1454 adstrictus,¹
524 1400 621 1442 securo
636 1386 725 1439 anirno
740 1400 782 1453 ea,
797 1399 866 1455 quae
877 1382 975 1439 donata
990 1392 1065 1454 sunt,

110 1469 261 1544 possidere.
292 1467 340 1525 PP.
363 1467 427 1524 Vlll.
444 1467 496 1528 lral.
513 1467 583 1529 liou,
599 1466 711 1523 Maximo
727 1474 755 1522 ct
769 1467 896 1539 Aquilino
911 1459 1017 1523 conss.²

174 1547 241 1608 279.
264 1550 345 1607 lidenr
361 1550 498 1622 Benignoe
514 1550 679 1624 Supcrlatae.
717 1549 745 1605 ln
767 1547 848 1606 filiam
870 1559 933 1624 post
950 1551 1064 1606 emanci-

111 1637 247 1709 pationem
270 1629 467 1691 'donationem¹
489 1642 597 1708 epatre
611 1635 743 1692 conlatam
759 1640 854 1707 postea
873 1633 973 1690 auicrri
987 1632 1019 1690 alt
1034 1648 1065 1689 ea

112 1735 167 1775 non
183 1720 317 1792 potuisse,
332 1717 448 1774 dubitari
463 1735 518 1776 non
534 1726 652 1792 oportet.
668 1719 690 1774 si
705 1719 791 1793 igitur
805 1717 871 1773 nihil
886 1717 956 1773 aliud
972 1716 1020 1773 titi
1031 1716 1065 1773 de

112 1807 171 1859 iure
186 1802 352 1871 aduersatur,
368 1818 477 1875 praeses
492 1806 667 1876 prouinciae,
685 1816 721 1858 ne
737 1816 789 1874 qua
804 1801 851 1857 tibi
866 1801 985 1876 legitime
1001 1817 1064 1875 pos·

111 1885 210 1942 sidenti
232 1885 278 1942 liat
300 1887 409 1956 iniuria,
438 1888 589 1943 intercessu
611 1887 778 1941 auctoritatis
800 1900 870 1942 suae
893 1883 1064 1956 prouidebit.

111 1969 161 2027 PP.
176 1969 230 2026 llll.
246 1969 298 2027 lral.
315 1970 374 2026 llec.
390 1964 515 2025 llauinm¹
530 1977 558 2026 et
572 1968 698 2044 Aquilino
714 1961 820 2025 conss²

174 2048 245 2111 280.
270 2047 369 2110 ¹lidem
385 2056 449 2110 Aur.
465 2054 596 2110 Anniano.
632 2052 661 2109 ln
680 2044 818 2109 'dubium¹
838 2068 892 2108 nun
908 2053 997 2122 uenit,
1020 2051 1065 2108 ad·

112 2155 208 2195 uersus
224 2153 350 2195 enormes
363 2138 542 2208 donationes,
565 2153 632 2210 quae
653 2128 873 2193 ἰαηῑιιηιηιοιίο8
892 2138 920 2191 in
935 2134 1065 2208 quosdam

111 2221 213 2278 liberos
236 2221 400 2279 uacuciactis
422 2218 594 2277 iacultatibus
616 2215 815 2293 'reliquorum¹
837 2221 954 2293 pernicie
975 2218 1066 2276 conie-

111 2312 220 2375 runtur,
235 2304 389 2360 iamdudum
402 2305 525 2360 diuorum
540 2305 691 2378 principum
706 2307 818 2361 statutis
832 2319 895 2361 esse
905 2304 1065 2376 prouisum.

112 2387 140 2444 Si
156 2389 240 2461 igitur
255 2396 341 2443 mater
352 2397 396 2443 tua
407 2389 444 2442 ita
459 2388 648 2460 patrimonium
663 2402 742 2443 suum
757 2386 890 2460 profunda
905 2386 1067 2444 liberalitate

113 2473 141 2525 in
156 2471 274 2542 fratrem
290 2479 366 2526 tuum
381 2471 544 2527 evisceratis
559 2470 655 2544 opibus
676 2473 734 2527 suis
749 2472 887 2541 exhausit,
910 2479 941 2526 ut
956 2479 1066 2545 quartae

113 2557 201 2628 partis
221 2553 377 2626 dimidiam,
405 2569 483 2626 quam
506 2553 538 2608 ad
560 2552 757 2610 excludendum
778 2553 922 2611 ruotficrosi
943 2554 1066 2611 'ordino-

113 2630 215 2693 riam¹⁰
227 2636 364 2711 querelam
374 2637 518 2693 aduersum
528 2636 736 2694 'testamentum
748 2631 909 2709 (sufficere)
920 2629 1067 2708 constat,¹¹

113 2722 154 2777 hls
170 2720 277 2777 donatis
293 2719 418 2793 datisque
438 2720 501 2778 'non
516 2720 638 2776 relictam
653 2719 701 2776 tibi
717 2714 857 2790 habeas,¹²
879 2735 988 2793 praeses
1003 2735 1066 2793 pro·

113 2806 228 2876 uinciae,
252 2804 325 2879 quod
340 2805 524 2862 immoderate
539 2812 646 2878 gestum
662 2811 714 2874 est,
729 2803 876 2860 reuocabit.
913 2795 1068 2877 'namque¹¹

188 2979 206 3046 ¹)
228 2982 347 3031 liestitui.
385 2981 478 3030 Paullo
500 2982 578 3032 aliter
600 2980 713 3031 Momms.
735 2988 759 3030 et
779 2996 826 3046 epo
845 2983 899 3045 ipse
914 2983 1007 3044 priore
1027 2983 1067 3033 ed.

114 3049 136 3117 ¹)
146 3069 170 3102 u.
182 3063 229 3104 286.
278 3048 299 3117 ⁸)
314 3051 345 3101 Ut
355 3053 496 3101 cestrensis
502 3054 601 3113 peculii
608 3053 697 3114 sactae
706 3051 859 3101 donationes
869 3052 953 3100 evidere·
957 3055 1067 3116 possint.

114 3121 135 3187 ¹)
151 3123 268 3172 Accessit
282 3138 317 3172 em
335 3122 362 3171 V
365 3120 385 3171 ¹.
460 3119 481 3186 ⁵)
496 3121 620 3172 llarimioo
644 3121 674 3170 V.
693 3122 732 3171 ed.
752 3122 845 3172 Holiw.
869 3122 1011 3171 dissimuli.
1027 3124 1067 3173 ed.

112 3192 211 3243 Bucllr.
285 3190 307 3258 ⁶)
322 3193 391 3243 Pars
405 3200 477 3242 cetat
491 3195 518 3241 in
533 3193 565 3242 L.
581 3205 600 3244 t.
622 3192 647 3242 C.
663 3194 694 3242 de
708 3193 782 3256 inoff.
797 3193 856 3243 don.
872 3191 908 3257 (a,
922 3192 958 3257 is)
972 3194 1069 3244 insen:

114 3261 208 3314 ‘Iidem
223 3262 281 3311 AA.
297 3261 453 3322 Ammiun0'‚
473 3265 541 3326 qood
559 3262 658 3314 Bueltlt.
672 3263 697 3311 lu
713 3265 729 3312 l.
744 3264 865 3313 restituit.
897 3261 950 3312 Sed
962 3263 1068 3314 Anniano

118 3335 145 3382 V
149 3333 168 3384 ¹.
184 3334 223 3384 cd.
235 3333 349 3384 Momms.
372 3334 403 3383 In
418 3336 534 3399 morpine
547 3334 642 3384 schol:
655 3333 698 3383 llic
714 3334 743 3383 de
759 3334 883 3383 inmodicis
893 3333 1067 3384 donationibus.

115 3402 136 3467 ¹)
151 3404 195 3454 Ex
214 3404 240 3452 V
242 3403 262 3452 ¹.
277 3413 302 3454 et
316 3404 430 3455 Momms.
444 3405 484 3453 cd.
558 3403 579 3469 ¹)
594 3403 638 3453 Ex
657 3404 684 3452 V
684 3409 704 3453 ⁴.
723 3412 747 3454 et
765 3404 879 3455 tiammo.
898 3404 938 3452 ed.
957 3405 990 3454 ita
1008 3405 1067 3456 Vat.

113 3474 282 3525 celerueedd.
329 3472 350 3538 ⁹)
366 3474 407 3523 Ita
418 3475 576 3523 Mommsen
592 3474 618 3521 V
620 3473 641 3520 ¹.
658 3475 681 3523 in
696 3475 798 3524 illiorum
813 3475 871 3526 Vel.
886 3475 942 3524 edd.
953 3477 1067 3538 priores.

118 3539 150 3605 ¹⁰)
165 3557 192 3591 or
206 3546 232 3592 t'n
249 3546 302 3607 (ine
320 3559 410 3594 uersus
429 3544 455 3591 V
457 3542 476 3589 ὅ.
496 3546 564 3592 linea
584 3551 643 3591 unte
661 3546 768 3606 insuper
786 3545 877 3600 ductu,
897 3551 924 3593 ut
936 3553 1001 3608 puto
1016 3560 1069 3609 pro

113 3612 179 3674 ord.,
199 3621 225 3661 ut
244 3615 392 3677 saepissime
409 3629 432 3661 n.
453 3612 587 3661 ordinarius
606 3614 632 3660 in
652 3614 782 3676 lapidibus
800 3621 913 3664 notatur.
979 3612 1011 3680 ¹¹)
1026 3615 1070 3664 Ad

113 3701 248 3764 imaginem
267 3702 295 3750 V
296 3700 314 3751 θ.
329 3701 434 3762 scripsi.
463 3697 494 3746 In
509 3697 539 3746 V.
552 3699 649 3761 suerit:
663 3684 722 3748 stum
736 3707 837 3758 constat,
849 3701 964 3763 sortasse
978 3716 1068 3764 super·

112 3773 213 3833 scripta
232 3787 255 3819 o.
272 3766 426 3833 ‘sufficere’,
445 3769 477 3817 de
496 3783 545 3832 qun
564 3769 615 3816 oid.
631 3767 694 3820 lust.
711 3768 737 3818 0.
761 3771 887 3819 aduersum
907 3778 930 3819 te
947 3771 1068 3833 suspicere

113 3847 208 3887 constat
221 3841 261 3888 ed.
277 3841 390 3890 Momms.
466 3833 498 3900 ¹¹)
514 3837 558 3884 Ee
578 3837 605 3884 V
606 3838 625 3884 ⁶.
646 3837 685 3888 ed.
701 3839 828 3900 Mummn,
842 3846 940 3888 tanturn
956 3855 1006 3902 pro
1021 3853 1067 3888 uon

109 3910 197 3972 posito
207 3909 254 3958 dau
264 3908 370 3974 (naudi).
418 3904 451 3973 ¹⁸)
462 3907 506 3954 Ee
515 3907 605 3958 Hollsc.
617 3910 650 3970 <J-
661 3922 759 3973 eamque
774 3910 801 3959 V
803 3908 823 3957 ⁴.
834 3923 891 3957 sane
901 3909 940 3957 ed.
952 3908 1064 3957 Momms.
