2378 4386
176 593 237 658 710
467 605 563 641 saaca
584 607 636 641 xva.
656 574 718 639 nou.
739 604 826 641 varro.

175 728 250 781 inter
262 726 430 781 Diocletiani
449 729 478 779 et
490 726 660 796 collegarum
673 726 808 794 rescripta
820 725 881 778 loco
894 728 972 778 certo
985 723 1135 793 insignita,

195 810 247 846 uae
265 795 294 846 in
314 793 414 847 Codice
432 796 547 860 recepta
564 796 641 859 sunt,
664 809 755 860 paene
777 792 885 845 nullum
902 793 955 844 nisi
973 793 1003 843 iu
1021 793 1136 844 oriente

175 813 272 914 iatum
291 862 409 923 exstare,
427 860 494 913 licet
510 860 539 912 id
558 860 693 913 hactenus
704 862 814 913 tantum
826 876 924 912 uerum
936 860 982 919 sit,
1001 860 1036 911 ut
1047 858 1135 927 longe

174 928 257 996 plura
274 927 389 980 orientis
406 943 491 993 quam
513 927 665 981 occidentis
687 927 811 980 habeant
832 927 924 979 locum
947 925 1134 993 adscriptum,

174 994 469 1047 memorabile-tamen
488 998 537 1059 est,
555 996 585 1047 in
603 994 739 1047 Vaticano
757 997 830 1046 inter
848 1010 903 1046 non
921 992 1013 1045 multa
1030 992 1132 1045 horum

175 1061 335 1129 principum
353 1061 488 1129 rescripta
505 1077 553 1115 sex
572 1077 630 1115 esso
644 1063 672 1113 in
684 1061 792 1124 Africa,
805 1060 888 1113 Italia
900 1059 946 1112 vel
959 1059 1055 1113 Gallia
1066 1058 1136 1114 data

175 1133 226 1192 (ἐξ.
239 1134 279 1180 41.
293 1134 350 1181 ⁶271.
365 1133 422 1181 282.
435 1134 494 1184 292.
508 1135 565 1182 313.
579 1135 663 1191 elul:
683 1143 716 1180 ex
735 1127 837 1195 quibus
848 1129 973 1194 quinque
987 1143 1054 1179 cum
1071 1143 1133 1178 rur·

174 1213 220 1248 sus
238 1195 333 1248 sintin
345 1195 389 1247 tit.
402 1195 436 1248 de
450 1195 658 1259 donationibus,
677 1197 733 1247 iam
746 1194 903 1247 confectum
916 1193 1039 1258 videtur,
1058 1193 1134 1246 hunc

174 1262 290 1316 titulum
308 1278 382 1327 eum,
402 1278 486 1329 quem
499 1262 566 1329 dixi,
584 1262 712 1314 habuisse
725 1262 839 1325 fontem,
858 1277 977 1326 eamque
991 1263 1083 1329 ipsam
1096 1261 1133 1314 ob

175 1345 289 1384 causam
311 1328 376 1382 huic
399 1330 564 1398 praesertim
585 1328 669 1381 titulo
691 1346 708 1380 a
730 1343 887 1395 possessore
911 1327 1081 1396 Gregoriani
1104 1329 1135 1380 et

177 1396 271 1452 Herm.
297 1396 405 1450 Codicis
428 1395 707 1449 commemorationes
729 1396 882 1462 adscriptas
905 1411 979 1457 esse,
1008 1394 1085 1462 quod
1109 1395 1133 1447 is

176 1463 290 1518 aliunde
313 1463 394 1516 huius
419 1464 497 1516 tituli
519 1463 731 1517 constitutiones
774 1463 892 1514 relectus
920 1477 980 1514 esse
1006 1476 1134 1538 comper·

174 1533 235 1585 tum
253 1531 379 1584 haberet
411 1531 540 1584 Ceterum
559 1533 589 1583 et
605 1530 634 1582 in
652 1530 713 1581 aliis
730 1479 819 1582 tiUulis
837 1527 976 1594 quaedam
996 1544 1080 1582 reson
1094 1530 1134 1604 ‘ta

177 1600 208 1652 et
224 1597 345 1651 maxime
364 1597 478 1664 quidem
496 1600 561 1665 post
573 1595 777 1649 Diocletianum
791 1597 901 1660 omissa,
918 1597 947 1647 in
966 1611 1022 1663 quo
1036 1546 1131 1648 saltim

175 1663 230 1717 Gre
252 1663 364 1716 orionus
382 1664 493 1726 desinit,
512 1663 624 1716 aliunde
642 1663 670 1715 in
689 1678 736 1715 eos
754 1664 862 1716 venisse
880 1662 1033 1715 verisimile
1053 1664 1105 1716 est.

266 1746 284 1782 x
301 1730 429 1784 ICtorum
446 1731 525 1783 libris
544 1729 710 1796 excerpendi
737 1732 766 1782 et
788 1733 920 1796 excerpta
941 1730 1132 1797 componendi

174 1812 235 1851 mos
257 1797 316 1850 sine
340 1797 426 1850 dubio
448 1800 512 1864 post
537 1796 766 1849 constitutionum
793 1795 972 1849 collectiones
1000 1797 1130 1850 invaluit.

175 1864 306 1941 Nostram
325 1863 519 1940 collectionem
538 1863 680 1940 continere
699 1864 784 1914 trium
797 1863 923 1916 ICtorum
942 1879 954 1913 s
976 1863 1059 1926 ecies,
1077 1862 1129 1940 Pa-

174 1928 1130 2074 settledlttttltlluttttlttttttt....testes

177 2065 283 2119 Clossio
310 2067 350 2130 (m
377 2065 525 2117 comment.
555 2062 654 2119 Annal.
683 2064 797 2130 Dorpat.
827 2064 858 2115 T.
886 2064 933 2116 Ill.
956 2079 1001 2115 uo.
1028 2062 1128 2115 XXXI.

174 2149 202 2201 p.
223 2138 273 2186 289
286 2147 314 2183 se
338 2170 342 2182 .
361 2130 466 2183 inserta
482 2130 603 2196 indeque
623 2131 772 2197 separatim
784 2129 827 2183 ed.
840 2148 867 2197 p.
883 2138 923 2191 11)
941 2129 1034 2183 seculo
1047 2132 1129 2182 sexto

175 2199 284 2252 decimo
333 2197 459 2249 oscovias
482 2197 510 2249 in
529 2196 664 2250 Caesarea
686 2196 857 2249 bibliotheca
879 2197 958 2250 Ivnni
976 2196 1028 2248 llll
1047 2195 1128 2249 Wes—

176 2264 361 2331 siljewitschii
379 2262 451 2314 vidit
468 2265 497 2316 et
516 2271 628 2331 ‘corpus
640 2263 761 2331 Ulpiani,
780 2263 936 2382 Papiniani,
956 2263 1036 2315 Pauli
1059 2265 1127 2319 eto.’

174 2330 355 2397 nuncupavit,
375 2328 493 2382 eandem
511 2330 583 2383 hanc
596 2331 764 2383 continuisse
778 2331 821 2383 ool
834 2331 980 2384 sotionem.
1013 2330 1088 2383 Nam
1101 2332 1130 2383 et

174 2398 203 2450 in
222 2397 273 2447 hac
292 2395 326 2447 de
349 2397 449 2463 quarto
468 2396 533 2451 lCto
556 2397 701 2450 dubitatur
722 2400 837 2465 propter
854 2403 892 2460 §pss
909 2403 1031 2452 tto—oa:
1056 2412 1128 2464 quae

175 2478 238 2516 cum
258 2478 291 2514 ex
311 2461 370 2519 ‘lib
390 2461 410 2519 ΙΙ
429 2462 464 2517 ll.
482 2463 530 2522 Ill.
549 2463 584 2517 de
602 2464 767 2517 interdictis'
786 2467 913 2531 sumptae
932 2465 995 2527 sint,
1016 2463 1067 2516 sed
1079 2479 1128 2517 no·

174 2545 240 2583 men
259 2528 317 2582 lCti
335 2529 442 2582 nullum
453 2531 659 2607 praescriptum
672 2531 801 2592 habeant,
821 2548 838 2583 a
850 2531 991 2599 plerisque
1005 2530 1128 2600 Ulpiano

173 2597 343 2655 tribuuntur.
357 2613 391 2650 ea
400 2599 574 2666 potissimum
585 2598 618 2651 de
629 2615 719 2660 causa,
730 2598 816 2664 quod,
826 2614 897 2665 quae
910 2598 1037 2665 proxime
1051 2602 1128 2652 ante·

174 2663 291 2728 cedunt,
308 2663 421 2732 Ulpiani
439 2669 510 2718 sunt.
545 2665 598 2719 Sed
617 2665 668 2717 boc
686 2667 758 2717 stare
781 2681 836 2717 non
859 2668 963 2732 potest,
987 2682 1054 2718 nam
1076 2681 1128 2719 nec

175 2730 328 2800 Ulpianum
346 2731 473 2801 proprios
491 2732 526 2786 de
538 2732 694 2785 interdictis
708 2732 792 2784 libros
806 2732 944 2798 scripsisse
962 2734 1061 2786 notum
1075 2735 1127 2796 est,

174 2800 293 2865 atquae
311 2799 339 2851 in
358 2804 380 2863 ξ.
399 2805 440 2852 90.
459 2800 493 2852 de
511 2798 660 2852 interdicto
679 2797 770 2860 ‘Quod
793 2798 961 2868 legatorum’
984 2801 1128 2867 profertur

176 2866 325 2930 sententia,
343 2867 370 2919 ei
387 2867 556 2920 contrariam
573 2866 674 2935 probat
686 2864 721 2917 Ul
742 2866 821 2917 ianus
840 2864 868 2917 L.
884 2872 905 2922 l.
924 2871 946 2929 §-
960 2871 985 2918 8.
1004 2864 1037 2918 D.
1052 2866 1127 2934 quod

142 2977 144 2986 .
173 2931 259 3001 legat.
279 2936 378 2999 (43,3).
407 2933 532 2998 Accedit,
550 2932 704 2999 quodcum
743 2931 853 2984 enuleio
866 2931 1023 2997 Saturnino,
1043 2949 1126 3001 quem

177 3016 273 3066 unum,
291 2999 315 3053 si
328 3000 475 3053 Arrianum
489 3001 636 3054 obscurum
654 3000 797 3051 auctorem
815 3000 965 3067 exceperis,
985 2999 1020 3053 de
1039 3002 1126 3054 inter-

175 3066 257 3120 dictis
274 3066 415 3136 scripsisse
439 3068 552 3130 scimus,
575 3065 747 3119 confidenter
770 3066 929 3118 abiudicare
950 3081 1032 3133 posse
1057 3069 1126 3121 istos

174 3132 326 3186 Vaticanus
343 3134 418 3187 locos
435 3134 634 3187 Buchholtzius
656 3133 707 3184 sibi
726 3132 801 3184 visus
819 3135 872 3199 est,
893 3147 996 3223 parum
1014 3134 1045 3186 id
1064 3149 1125 3202 pro·

174 3199 314 3253 babilibus
326 3201 498 3276 argumentis
510 3201 608 3254 fecisse
621 3199 847 3266 deprehenditur.
879 3199 951 3251 bam
962 3216 1015 3253 nec
1027 3217 1126 3256 verum

176 3269 226 3329 est,
245 3265 320 3333 quod
338 3271 378 3318 art
394 3283 423 3333 p.
443 3273 516 3328 297„
534 3272 573 3330 ἐς.
594 3281 678 3343 supra
695 3268 746 3317 scri
769 3268 860 3320 tarum
878 3269 1022 3321 auctorem
1040 3269 1126 3322 inter·

174 3332 251 3408 dicta
271 3331 313 3406 ita
338 3333 480 3408 tractasse
495 3334 526 3384 ut
552 3332 716 3386 divisionem
741 3282 817 3385 iilam
845 3335 1021 3401 sequeretur,
1049 3335 1126 3403 quod

173 3396 325 3449 interdicta
342 3397 388 3450 vel
406 3397 601 3474 adipiscendae
620 3398 665 3452 vel
682 3399 845 3453 retinendae
858 3400 904 3454 vel
915 3402 1125 3469 recuperandae

194 3464 356 3538 ossessionis
375 3463 439 3530 sint,
458 3464 488 3516 id
506 3466 580 3532 quod
598 3466 660 3534 ipsa
677 3483 720 3519 res
738 3467 890 3535 redarguit,
909 3484 961 3521 neo
981 3468 1125 3534 credibile,

201 3528 342 3582 enule1um
360 3546 393 3582 ex
411 3532 562 3598 partitione
580 3533 609 3586 in
627 3533 822 3600 prohibitoria,
842 3534 1015 3588 restitutoria
1033 3537 1063 3588 et
1080 3551 1126 3588 ex·

173 3596 307 3648 bibitoria
319 3597 431 3665 singula
442 3599 593 3652 interdictu
604 3600 777 3668 ineptissime
790 3603 967 3668 persecutum
978 3617 1046 3654 esse.
1065 3602 1125 3655 Imo

173 3662 341 3740 Uaticanum
360 3668 502 3719 auctorem
521 3666 605 3720 edicti
623 3667 753 3735 perpetui
771 3667 897 3720 ordinem
914 3671 1042 3721 secutum
1055 3684 1125 3733 esse,

172 3745 234 3798 rpsa
256 3730 402 3784 titulorum
425 3736 658 3801 praescriptorum
681 3733 766 3786 series
789 3734 918 3787 ostendit.
959 3736 1035 3788 Idem
1057 3751 1125 3790 uero

173 3796 260 3850 etiam
279 3797 439 3865 Venuleius,
458 3801 481 3853 si
499 3801 573 3853 locos
590 3816 624 3853 ex
643 3801 702 3853 eius
720 3800 799 3853 libris
817 3802 845 3853 in
859 3800 981 3870 Digestis
999 3805 1125 3855 servatos

173 3868 303 3919 accurate
326 3867 400 3920 iuter
422 3883 452 3921 se
475 3869 584 3920 etcum
607 3868 704 3920 ordine
728 3866 812 3920 edicti
835 3869 998 3931 contuleris,
1024 3869 1124 3923 fecisse

173 3932 402 4001 deprehenditur,
421 3936 453 3986 ut
465 3935 558 3987 tamen
570 3934 721 3987 interdicta
733 3933 767 3986 de
779 3934 862 3987 rebus
875 3934 963 3987 divini
976 3938 1006 3989 et
1017 3935 1126 4003 publici
