2378 4386
437 1298 549 1371 [Desunt
561 1304 677 1369 paaiaae
694 1297 848 1370 octoginta]

453 1456 494 1496 Ex
511 1454 615 1496 ΕΜΡΤΟ
631 1455 672 1496 ΕΤ
686 1451 833 1496 vurtmro.

61 1552 159 1662 [tlwb-
231 1552 270 1617 l.¹
297 1600 351 1616 ...
374 1556 432 1626 Qua
452 1576 470 1614 a
492 1561 610 1615 muliere
626 1549 630 1634 Ι
649 1559 708 1613 sino
730 1557 830 1613 tutoris
852 1557 1016 1614 auctoritate
1040 1561 1170 1619 sciensb·

64 1624 226 1705 williconem
249 1643 363 1716 mancipi
386 1644 460 1711 emit,
484 1641 527 1697 uel
549 1641 618 1697 salso
641 1648 733 1696 tutore
755 1649 876 1712 auctore,
899 1657 979 1712 quem
996 1645 1062 1699 sciit
1077 1661 1132 1703 non

65 1710 118 1748 ω’
131 1707 159 1755 ⁰)
169 1743 239 1796 esse,
256 1743 311 1782 uon
328 1727 436 1782 uidetur
451 1724 521 1781 bona
536 1723 588 1780 lide
603 1726 709 1779 emisse.
746 1725 838 1798 itaque
853 1733 879 1780 et
895 1731 1004 1781 ueteres
1021 1737 1132 1800 putant,

170 1819 197 1868 et
212 1809 326 1867 Sabinus
348 1818 376 1865 et
392 1809 498 1864 Cassius
520 1806 653 1864 scribunt.
697 1806 785 1864 Labeo
801 1807 908 1880 quidem
930 1808 1057 1882 putabat,
1079 1829 1132 1869 neo

170 1911 219 1969 pro
237 1903 359 1968 emptore
374 1909 435 1950 eum
450 1891 599 1966 possidere,
622 1891 670 1948 sed
686 1908 736 1965 pro
752 1908 926 1965 possessore3
949 1892 1086 1952 Proculus
1103 1905 1131 1951 ct

169 1978 279 2051 Celsus,
301 1993 352 2051 pro
374 1985 510 2050 emptore,
533 1975 606 2048 quod
628 1984 670 2031 est
692 1977 796 2031 uerius:
818 1992 878 2031 nam
894 1983 921 2030 et
937 1976 1046 2033 fructus
1063 1996 1130 2035 suos

169 2062 249 2132 iacit,
271 2063 332 2135 quin
348 2060 451 2116 scilicet
467 2059 606 2115 uoluntate
621 2058 745 2115 dominae
760 2061 889 2132 percipit;
911 2068 939 2115 et
955 2061 1054 2117 mulier
1068 2064 1128 2119 sinc

169 2147 269 2204 tutoris
298 2144 458 2200 auctoritate
486 2143 689 2214 possessionem
717 2142 831 2199 alienare
861 2151 967 2216 potest:
996 2145 1126 2217 lulianus,

169 2238 282 2303 propter
297 2226 453 2282 Rutilianam
473 2220 710 2283 constitutionem²
725 2243 797 2296 eum,
820 2229 865 2299 qui
885 2229 1004 2300 pretium
1019 2229 1128 2285 mulieri

169 2311 302 2380 dedisset,
330 2310 409 2364 etlam
438 2324 599 2382 usucapere3
630 2319 656 2366 ct
678 2313 701 2366 si
723 2319 783 2366 ante
810 2313 1003 2384 usucapionem
1032 2312 1128 2370 ollerat

170 2393 267 2450 mulier
281 2393 436 2465 pecuniam,
451 2391 574 2448 desinere
589 2410 649 2449 eum
666 2410 822 2467 usucapere.

64 2471 160 2550 ἦῆ,
234 2471 262 2533 2.
287 2468 475 2549 ³Papinlanus⁴
489 2475 558 2532 libro
575 2476 615 2532 lll.
632 2477 841 2551 Responsorum.
868 2477 973 2534 Usurae
990 2480 1127 2537 uenditori

85 2555 152 2594 ³⁸⁸⁹·
172 2569 236 2635 post
258 2559 383 2617 traditam
397 2561 599 2633 possessionem
613 2561 724 2617 arbitrio
739 2561 835 2617 iudicis
851 2572 1041 2636 praestantur3
1065 2573 1128 2621 ante

170 2645 296 2703 traditam
311 2652 400 2701 autem
415 2646 615 2718 possessionem
631 2647 745 2718 emptori
762 2661 871 2718 quoque
890 2646 995 2701 lructus
1010 2649 1051 2703 cci
1067 2649 1127 2704 uice

171 2738 263 2786 mutua
278 2729 400 2804 praeberi
416 2744 526 2786 necesse
542 2738 597 2785 est:
613 2730 639 2784 in
654 2736 753 2785 neutro
769 2745 843 2784 mora
859 2728 1083 2787 considerabitur.

233 2810 262 2872 8.
288 2807 449 2877 ⁶Venditor,
472 2814 519 2886 qui
540 2813 628 2887 legem
650 2815 860 2869 commissarium
882 2829 1009 2870 exercere
1027 2815 1127 2885 noluit,

172 2896 207 2954 ob
222 2897 358 2953 residuum
375 2899 490 2971 pretium
512 2897 611 2953 iudicio
628 2896 731 2953 uentliti
753 2906 827 2955 recte
849 2898 919 2970 agit;
941 2913 996 2971 quo
1019 2909 1127 2969 secuto,

170 2981 226 3055 legi
240 2984 422 3038 renuntiatum
442 2981 558 3038 uidetur.

246 3146 265 3213 ¹)
282 3150 402 3199 Fortasse
417 3150 483 3198 idem
492 3151 564 3199 locus
574 3155 720 3213 tantumque
730 3149 785 3197 iuri
796 3146 939 3198 Iustiniana
949 3150 1126 3200 accommoda·

172 3227 213 3269 tus
227 3227 264 3268 cat
279 3219 310 3267 1..
325 3230 359 3269 ut.
383 3219 415 3266 D.
430 3220 462 3267 ale
477 3227 559 3268 contr.
574 3226 647 3281 empt.
663 3217 712 3282 (re,
727 3217 764 3282 1),
783 3234 816 3268 ear
833 3218 920 3267 Paulli
935 3217 977 3268 lib.
999 3220 1076 3272 VIII.
1092 3221 1128 3270 ad

171 3288 294 3338 Sublatam
308 3289 447 3349 desumpta.
476 3288 515 3336 De
529 3295 617 3338 nostra
632 3289 666 3349 cs.
683 3289 840 3351 Zeilscbr.s.
858 3289 908 3338 Ciu.
925 3305 948 3338 aa.
961 3289 1040 3340 Prae.
1054 3289 1084 3340 N.
1096 3290 1125 3339 F.

177 3357 253 3406 XIV.
265 3373 293 3419 p.
304 3369 337 3407 to.
363 3357 506 3406 Labeonem
520 3359 626 3407 mouisse
636 3359 746 3416 uidetur,
762 3360 830 3422 quod
838 3361 929 3408 mulier
938 3375 972 3408 ea
982 3369 1064 3423 empto
1075 3376 1126 3410 non

172 3435 273 3476 tenetur
287 3425 449 3491 (Gai.1‚1ut)
464 3428 532 3475 sicat
544 3428 678 3489 furiosus:
691 3436 736 3477 aut
751 3430 819 3493 quod
832 3431 888 3478 viro
903 3427 935 3478 ab
950 3445 1034 3479 uxore
1044 3432 1125 3480 ‹lona-

172 3505 222 3546 tum
237 3512 287 3546 aaa
299 3512 350 3559 pro
365 3498 460 3547 donato
472 3499 629 3560 possidetur.
653 3499 700 3547 sed
713 3506 822 3563 utraque
836 3515 915 3549 causa
930 3500 1065 3550 dissimilis
1078 3510 1124 3550 eet.

173 3567 287 3617 Ceterum
302 3568 336 3629 cs.
349 3566 379 3615 L.
391 3579 422 3618 to.
440 3569 462 3629 ξ.
474 3581 493 3619 u.
514 3568 546 3616 l).
562 3569 593 3618 ale
610 3568 709 3618 Public.
725 3567 755 3634 (6,
766 3571 797 3633 2).
812 3569 844 3618 L.
855 3581 887 3619 re.
908 3569 939 3619 D.
955 3570 986 3618 de
1002 3586 1063 3619 nox.
1074 3579 1125 3621 aet.

171 3636 202 3702 (e,
216 3637 248 3702 a).
323 3634 344 3702 ¹)
362 3637 399 3699 Cf.
420 3638 507 3688 Valer.
524 3639 597 3688 Illac.
614 3651 634 3698 o,
649 3651 669 3697 o,
685 3653 704 3690 1.
779 3636 800 3704 8)
817 3640 855 3702 Cf.
872 3640 947 3688 Paat.
963 3638 988 3688 S.
1007 3640 1037 3689 ll.
1053 3652 1074 3698 s,
1090 3653 1123 3691 ra.

171 3709 195 3770 ξ.
209 3720 229 3760 a.
244 3708 275 3757 L.
292 3721 325 3759 no.
341 3710 379 3771 ἐξ.
396 3720 428 3759 no.
445 3721 477 3760 m.
499 3710 530 3759 D.
546 3711 577 3759 de
591 3717 641 3759 act.
656 3716 729 3773 empt.
744 3708 789 3774 (re,
805 3709 834 3774 1).
850 3709 881 3759 L.
896 3721 915 3761 o.
934 3710 959 3759 C.
971 3712 1026 3760 eod.
1039 3715 1068 3775 (a.
1079 3712 1124 3774 to).

172 3779 203 3827 1..
219 3791 238 3830 ².
257 3779 281 3828 0.
298 3780 329 3829 de
345 3794 415 3828 usur.
431 3778 462 3843 (t,
473 3780 517 3845 et).
569 3779 590 3839 ⁴)
605 3781 630 3830 P.
651 3780 681 3829 V.
693 3782 709 3829 i.
721 3795 742 3830 e.
755 3780 917 3843 Papinianus
932 3779 993 3845 (non
1008 3781 1125 3839 Paullus,

171 3848 202 3897 L.
218 3852 288 3912 Μ.
304 3863 324 3901 1.
345 3851 376 3900 D.
392 3852 423 3899 de
438 3866 508 3899 asnar.
520 3863 553 3911 m,
564 3850 595 3914 1).
649 3848 669 3916 ⁶)
686 3851 723 3914 Cf.
738 3850 770 3900 J..
781 3862 801 3902 t.
821 3851 853 3900 ll.
868 3852 899 3901 de
914 3853 929 3900 l.
941 3866 1027 3901 comm.
1039 3850 1125 3916 (rma).

173 3919 202 3969 L.
218 3933 244 3973 38
254 3937 298 3985 pr.
317 3921 349 3970 D.
365 3922 396 3970 de
410 3922 500 3971 minor.
516 3921 547 3986 (a,
562 3923 592 3985 e).

61 4022 114 4104 k
