2378 4386
419 580 454 614 nti
472 579 584 615 mum
603 580 681 614 unsis
699 581 728 618 11.
1014 575 1057 633 43

153 705 184 765 8.
207 706 239 773 Q.
263 705 369 778 Optime
385 720 460 775 uero,
477 705 569 774 irater,
585 713 612 760 et
628 703 685 760 lieri
700 707 740 761 sic
755 706 841 762 decet

155 790 198 845 lV.
215 791 255 845 M.
272 787 414 844 Videamus
430 788 514 861 igitur
524 805 628 858 rursus,
640 791 716 861 prius
729 805 809 862 quam
820 788 1010 862 adgrediamur
1024 791 1057 846 ad

90 877 168 948 leges
183 872 315 947 singulas,
332 873 385 927 uim
399 881 577 944 naturamque
592 872 672 944 legis,
688 888 732 943 ne,
748 889 831 945 quom
846 873 987 930 relerenda
1003 876 1058 930 siut

90 959 125 1014 ad
141 974 200 1014 eam
215 957 295 1012 uobis
311 956 417 1024 omnia,
437 954 556 1010 labamur
574 955 708 1011 interdum
723 971 816 1011 errore
830 959 961 1013 sermonis
978 960 1056 1031 igno-

91 1058 238 1114 remusque
255 1041 308 1095 uim
326 1032 485 1093 'relationis¹
501 1039 575 1102 eius,
592 1054 644 1111 qua
662 1040 719 1094 iura
734 1038 812 1094 nobis
827 1038 976 1096 delinienda
991 1043 1055 1096 sint.

156 1125 191 1192 Q.
206 1123 275 1179 Sane
291 1120 398 1196 quidem
414 1120 515 1191 hercle,
530 1130 559 1176 et
572 1131 615 1176 est
629 1124 680 1178 ista
695 1131 768 1179 recta
784 1122 896 1178 docendi
912 1126 965 1183 ula.

156 1208 197 1264 li.
219 1207 295 1262 Hanc
311 1206 395 1277 igitur
412 1199 506 1260 uideo²
518 1206 777 1277 sapientissimorum
788 1206 873 1261 luisse
884 1209 1056 1277 seutentiam,

93 1292 182 1365 legem
196 1306 286 1363 neque
302 1289 441 1343 hominum
456 1289 571 1360 ingeniis
586 1289 764 1361 excogitatam
779 1305 829 1345 nec
840 1291 935 1346 scitum
948 1290 1056 1364 aliquod

92 1391 153 1430 esse
168 1374 343 1449 populorum,
359 1371 406 1427 sed
422 1378 560 1427 aeternum
573 1371 707 1444 quiddam,
723 1372 797 1444 quod
809 1375 964 1428 uniuersum
977 1390 1055 1429 mun·

93 1457 158 1513 dum
179 1464 289 1530 regeret
309 1454 456 1528 imperandi
469 1454 683 1528 prohibendique
694 1457 834 1528 sapientia.
860 1457 897 1509 ite
909 1456 1056 1527 principem

93 1541 181 1613 legem
202 1539 275 1596 illam
297 1548 326 1595 et
347 1537 468 1593 ultimam
489 1547 605 1592 mentem
629 1554 689 1592 esse
711 1536 835 1593 dicebaut
850 1540 938 1592 omnia
953 1541 1056 1594 ratione
1143 1534 1146 1541 ’

93 1632 141 1679 aut
155 1625 278 1695 cogentis
293 1629 340 1678 aut
355 1622 471 1676 uetantis
486 1620 544 1676 dei:
560 1636 593 1675 ex
607 1636 659 1692 qua
674 1620 719 1676 illa
733 1620 785 1689 lex,
803 1636 881 1692 quam
896 1620 922 1676 di
938 1621 1055 1678 humano

94 1708 191 1779 generi
212 1705 353 1768 dederunt,
376 1713 451 1760 recte
473 1713 515 1759 est
537 1703 658 1769 laudata3
681 1712 724 1759 est
745 1705 816 1758 cuim
838 1705 905 1760 ratio
926 1720 1056 1779 mensque

93 1789 225 1862 sepientis
239 1787 272 1843 ad
285 1787 430 1845 iubendum
445 1796 473 1843 et
487 1786 521 1842 ad
537 1786 728 1842 deterrendum
742 1787 848 1842 idonea.

158 1869 187 1930 θ.
208 1871 239 1940 0.
262 1871 432 1945 Aliquotiens
453 1873 504 1926 iam
525 1872 577 1926 iste
591 1870 667 1927 locus
682 1888 697 1926 a
713 1878 741 1926 te
754 1875 840 1926 tactus
856 1879 909 1941 est,
929 1870 976 1926 sed
993 1880 1056 1927 ante

92 1972 174 2030 quam
189 1955 222 2012 ad
236 1956 383 2030 populares
399 1954 474 2028 leges
490 1956 600 2024 uenias,
621 1957 675 2010 uim
690 1956 769 2010 istius
784 1955 908 2011 caelestis
926 1955 995 2028 legis
1010 1971 1056 2011 er·

94 2040 182 2113 plana,
203 2044 227 2096 sl
243 2040 343 2115 placet,
368 2055 401 2094 ue
421 2048 511 2094 aestus
532 2054 582 2093 not
603 2038 806 2094 consuetudinis
822 2038 964 2094 absorbeat
979 2049 1006 2095 et
1020 2035 1055 2095 ad

94 2125 227 2180 sermonis
242 2139 346 2179 morem
361 2123 453 2178 usitati
469 2122 566 2181 trahat.

156 2207 197 2264 M.
220 2207 348 2280 Aparuls
365 2206 450 2275 enim,
467 2205 581 2275 Quinte,
602 2204 743 2260 didicimus
759 2205 793 2260 ‘si
808 2206 836 2260 in
851 2206 893 2259 ius
910 2203 1001 2259 uocat’
1017 2214 1056 2260 at·

92 2283 161 2362 quel
183 2291 239 2346 elus
259 2288 333 2346 modi
352 2290 428 2361 leges
448 2288 512 2344 alias
532 2289 685 2357 nominare3
711 2287 759 2344 sed
786 2303 852 2343 uero
873 2287 996 2360 intellegi
1017 2289 1056 2344 sic

95 2381 214 2446 oportet,
237 2380 265 2429 et
285 2373 339 2428 hoc
358 2381 386 2428 et
406 2371 455 2428 alla
474 2375 547 2428 iussa
562 2388 593 2427 ac
608 2374 689 2426 uetita
705 2372 868 2444 populorum
885 2373 940 2427 uim
955 2371 1055 2428 habere

91 2456 126 2512 ad
140 2464 215 2512 recte
237 2455 307 2512 iacta
330 2455 442 2512 uocandi
465 2465 493 2512 et
514 2471 529 2510 a
551 2455 668 2528 peccatis
690 2455 831 2525 auocandl‚
854 2471 922 2528 quse
942 2458 986 2512 uis
1000 2472 1055 2512 oon

83 2539 176 2596 ‘modo
191 2541 284 2593 senior
299 2546 341 2593 est
356 2554 433 2611 quam
450 2548 523 2595 aetas
538 2538 701 2612 populorum
718 2548 745 2593 et
760 2540 921 2608 ciuitatium,
944 2540 991 2594 sed
1012 2555 1055 2595 ae·

92 2621 183 2694 qualis
205 2619 278 2675 illius
300 2619 401 2676 caelum
420 2631 502 2695 atque
525 2630 609 2676 terras
633 2622 733 2674 tuentis
749 2629 775 2674 et
791 2623 909 2689 regentis
925 2621 977 2676 dei.
1007 2620 1055 2677 10.

92 2719 184 2778 neque
208 2705 277 2759 enirn
300 2718 360 2759 esse
379 2719 454 2760 mens
475 2705 564 2760 diuina
586 2704 644 2758 sine
666 2704 771 2757 ratione
791 2710 893 2775 potest,
916 2718 966 2756 nec
987 2704 1055 2758 ratio

92 2787 186 2845 diuina
208 2803 264 2843 non
285 2786 353 2845 lane
373 2788 429 2844 nim
450 2790 478 2844 iu
500 2789 582 2843 rectis
605 2786 750 2858 prauisque
771 2784 923 2840 sanciendis
948 2781 1054 2850 habet⁴;

93 2887 155 2937 nec,
178 2871 241 2944 qaia
262 2886 396 2943 nusquam
419 2879 475 2926 eret
497 2873 639 2942 scriptum,
662 2878 693 2924 nt
716 2878 810 2925 contra
833 2870 919 2924 omnis
935 2868 1054 2924 hostiurn

92 2954 185 3028 copias
205 2956 232 3010 in
254 2963 339 3027 ponte
355 2970 424 3009 unus
439 2952 582 3009 adsisteret
596 2970 611 3008 a
627 2962 760 3026 tergoque
775 2961 885 3027 pontem
900 2953 1055 3010 interscindi

91 3036 207 3109 iuberet,
222 3036 323 3096 idcirco
338 3038 427 3093 minus
441 3037 569 3093 Coclitem
584 3037 660 3093 illum
675 3053 732 3093 rena
746 3039 864 3111 gessisse
886 3046 985 3093 tantam
1002 3036 1055 3093 lor·

91 3121 217 3179 titudinis
239 3121 301 3194 lege
323 3129 403 3194 atquc
425 3123 538 3194 imperio
560 3120 724 3195 putabimus,
747 3138 807 3192 nec,
829 3123 852 3176 sl
874 3130 1004 3192 regnante
1019 3120 1049 3176 L.

91 3204 239 3278 Tarquinio
254 3203 329 3261 nulla
343 3213 401 3260 erat
416 3203 516 3260 iiomae
529 3207 629 3276 scripta
644 3203 687 3259 lex
702 3203 735 3259 de
749 3206 865 3276 stupris,
887 3204 985 3260 idcirco
1001 3220 1055 3260 non

89 3297 189 3345 contra
203 3287 277 3344 iliam
292 3287 381 3360 legem
393 3290 582 3361 sempiternam
594 3286 655 3343 Sex.
668 3287 827 3360 Tarquinius
840 3289 894 3343 uim
904 3286 1054 3354 Lucretiae,

92 3371 247 3447 Tricipitini
260 3369 344 3441 tiliae,
356 3371 457 3428 attulit.
479 3380 537 3428 eret
551 3373 622 3427 enim
636 3372 716 3441 ratio,
732 3373 853 3444 prolecta
869 3387 883 3426 a
903 3387 993 3427 rerum
1008 3388 1054 3427 na-

90 3464 152 3512 tura
166 3463 196 3512 et
211 3454 245 3510 ad
254 3463 329 3511 recte
343 3454 495 3511 iaciendum
509 3454 642 3528 inpellens
657 3463 686 3510 et
700 3471 715 3510 a
729 3454 828 3510 delicto
845 3469 971 3525 auocans,
986 3471 1056 3527 quae

89 3555 147 3597 non
168 3547 227 3595 tuan
246 3536 363 3611 denique
383 3539 478 3612 incipit
496 3537 624 3608 teresse,
645 3553 728 3611 quom
742 3540 841 3612 scripta
857 3548 909 3607 est,
924 3538 971 3594 sed
988 3546 1055 3611 tum,

86 3640 151 3678 cum
171 3630 231 3679 orta
247 3630 303 3689 est;
326 3629 387 3677 orta
408 3631 496 3677 autem
512 3629 554 3677 est
568 3621 649 3677 simul
668 3637 729 3677 cum
744 3629 833 3677 meute
848 3621 946 3678 diuina.
977 3638 1056 3695 quam

163 3806 184 3874 ¹)
202 3808 321 3859 sermonis
335 3807 392 3858 AB
403 3810 501 3858 rationis
515 3810 555 3859 ed.
567 3809 598 3858 V.
642 3805 664 3873 ¹)
679 3822 707 3857 er
724 3809 785 3858 cdd.
800 3807 856 3857 AB
868 3808 907 3857 ed.
918 3807 948 3856 V.
984 3803 1005 3869 ')
1020 3815 1056 3855 at·

84 3896 135 3947 que
149 3888 174 3930 at
188 3878 245 3928 AB
271 3877 293 3945 ⁴)
307 3878 398 3928 Malim
412 3879 507 3929 hebere.
