2378 4386
19 39 1122 311 u

480 146 530 173 ‘a
549 154 560 159 .-
611 162 627 169 .-

125 515 191 580 272
406 537 464 574 eur
481 536 576 573 ruarrr.
595 517 629 571 Il.
650 523 798 572 221-226.

127 665 190 726 221.
203 668 257 725 Sed
274 669 404 724 diuersae
415 665 532 735 ecboloe
543 674 666 721 auctores
679 671 784 738 putant,
797 666 875 720 etiam
888 672 1014 721 extraneo
1028 682 1078 739 per

128 753 344 827 praeceptionem
355 750 439 823 legari
453 763 534 822 posse
544 747 669 823 proinde,
685 750 747 805 acsi
761 750 797 804 ita
812 750 956 805 scribatur:
972 765 1077 809 'rrrrvs

127 850 269 892 mourunu
285 847 422 891 urrunnu
438 847 563 904 cantro,
575 848 742 906 superuacuo
758 831 859 887 adiecta
870 849 950 890 enan
962 832 1078 905 syllaba3

128 918 245 992 ideoque
260 933 308 991 per
323 916 530 973 uindicationem
546 932 602 972 eam
615 931 674 972 rem
689 916 803 989 legatam
817 915 916 972 uideri:
933 932 1000 990 quae
1015 933 1077 973 aen·

129 1003 213 1058 tentia
238 1001 337 1057 dicitnr
361 999 416 1055 ‹liul
443 1000 567 1056 lladriani
598 1001 795 1056 constitutione
826 998 980 1056 conlirmata
1009 1017 1077 1056 esse.

128 1080 195 1142 222.
219 1084 372 1142 Secundum
388 1085 456 1139 banc
470 1085 555 1156 igitur
575 1085 728 1156 opinionem
749 1085 771 1141 si
788 1099 818 1139 ea
834 1099 878 1138 res
893 1100 925 1138 ex
940 1085 999 1139 iure
1015 1082 1077 1150 Qui·

130 1171 220 1225 ritium
242 1167 484 1241 deiunctiluerlt,
506 1175 598 1241 potest
618 1185 631 1222 a
653 1167 783 1241 legatario
805 1166 948 1237 uindicari,
975 1169 1033 1223 siue
1054 1171 1078 1224 is

128 1269 198 1308 unus
213 1268 246 1308 ex
262 1250 408 1308 heredibus
422 1253 467 1320 eit,
484 1252 543 1307 siue
558 1259 714 1318 extraneus;
736 1258 778 1307 set
793 1251 816 1305 si
832 1252 858 1306 in
881 1250 957 1306 bonis
973 1260 1077 1308 tantum

128 1338 269 1393 testatoris
285 1335 382 1404 luerit,
402 1343 529 1392 extraneo
550 1335 658 1407 quidem
679 1350 711 1390 cx
732 1342 842 1389 senatus
864 1335 989 1391 consulto
1012 1335 1078 1392 utile

127 1422 179 1478 erit
195 1420 330 1493 legatum,
346 1419 438 1475 heretli
454 1434 519 1474 uero
535 1417 649 1473 familiae
665 1416 856 1475 herciscundae
876 1417 971 1474 iudicis
987 1417 1078 1476 oibcio

128 1502 320 1579 praestabitur3
342 1501 438 1576 quodsi
459 1501 535 1559 nullo
553 1503 612 1558 lure
633 1500 714 1558 luerit
734 1501 889 1572 testatoris,
912 1511 964 1558 tam
986 1502 1077 1558 benedi

129 1604 207 1662 qnam
229 1594 356 1643 extraneo
378 1603 410 1642 ex
435 1594 545 1641 senatus
572 1585 698 1642 consulto
723 1585 788 1641 utile
814 1587 873 1640 erit.
923 1582 991 1643 228.
1014 1586 1077 1643 Siue

129 1681 218 1728 tamen
235 1670 394 1745 heredibus,
410 1669 557 1726 secundum
573 1677 728 1725 nostrorum
745 1671 909 1744 opinionem,
924 1673 983 1726 siue
998 1673 1077 1726 etiam

128 1755 278 1826 extraneis,
303 1754 448 1810 secunlum
470 1752 577 1808 illorum
599 1753 769 1825 opinionem,
794 1753 900 1809 duobus
921 1753 1078 1827 pluribusne

128 1837 220 1894 eodem
236 1854 279 1894 res
295 1838 456 1893 coniunctim
478 1844 522 1890 aut
541 1834 696 1893 disiunctim
718 1837 807 1911 legata
827 1837 925 1908 luerit,
948 1838 1049 1912 singull
1073 1832 1077 1916 l

58 1928 119 1977 112.
128 1932 217 1995 partes
234 1921 330 1978 babere
345 1919 452 1976 debent.

192 2011 227 2060 bd
246 2011 321 2072 tegern
336 2009 475 2058 Falcidiam.
512 1998 580 2059 224.
604 2002 656 2058 Seri
672 2003 738 2059 olim
754 2003 861 2076 quidem
876 2000 971 2059 licebat
990 2013 1077 2060 toturn

129 2090 319 2163 patrimonium
335 2088 432 2161 legatis
448 2096 528 2160 atque
545 2085 710 2143 libertatibus
726 2101 855 2159 erogare,
871 2088 1076 2160 necquicquam

130 2173 221 2229 beredi
237 2172 389 2245 relinquere
405 2179 591 2244 praeterquam
606 2172 684 2226 inane
695 2186 792 2226 nomen
804 2168 925 2239 beredis;
942 2172 1023 2244 itique
1035 2171 1077 2227 lex

129 2272 175 2312 xrr
197 2255 344 2311 tabularum
365 2256 522 2328 permittere
543 2253 696 2321 uidebatur,
724 2270 775 2327 qua
794 2262 920 2325 cauetur,
946 2262 976 2309 ut
1003 2256 1076 2328 quod

129 2340 244 2412 quisque
260 2338 293 2393 tle
308 2355 336 2394 re
351 2355 399 2394 sua
416 2346 531 2395 testatus
546 2347 627 2409 esset,
644 2338 669 2394 tt
686 2347 772 2394 ratum
788 2338 943 2409 baberetur,
958 2339 1000 2394 his
1017 2356 1077 2395 uer·

128 2422 183 2478 bis:
205 2420 257 2477 ‘uti
272 2422 383 2496 legasset
398 2439 463 2479 attae
478 2427 533 2493 rei,
554 2425 591 2478 ita
613 2424 655 2478 ius
677 2420 769 2479 esto:'
785 2415 898 2495 'quare¹
921 2425 966 2496 qui
982 2425 1077 2495 scripti

128 2505 242 2561 heredes
257 2516 342 2575 erant,
359 2506 391 2562 ab
407 2506 556 2563 hereditate
567 2522 596 2562 se
608 2504 784 2578 abstinebant,
799 2514 826 2562 et
843 2505 942 2562 idcirco
954 2507 1076 2582 plerique

128 2591 247 2647 intestati
264 2591 454 2647 moriebantur.
497 2587 564 2650 225.
587 2589 679 2664 ltaque
700 2591 750 2646 lata
772 2598 813 2647 est
832 2590 873 2647 let
895 2589 991 2665 Furia,
1015 2607 1077 2663 qua,

128 2678 247 2749 exceptis
267 2678 392 2749 personis
407 2674 580 2750 quibusdam,
602 2677 699 2731 ceteris
714 2666 776 2747 plus
797 2674 857 2730 mile
878 2672 981 2730 assibus
1004 2675 1121 2750 lega-[19

129 2766 218 2816 torum
234 2760 341 2816 nomine
357 2762 487 2816 mortisue
502 2775 580 2816 causa
597 2773 693 2832 capere
707 2761 867 2832 permissum
878 2774 933 2813 non
945 2768 997 2814 est.
1030 2759 1076 2815 sed

129 2850 156 2897 et
172 2843 242 2899 lrocc
256 2842 298 2898 lex
314 2859 367 2899 non
383 2844 513 2918 perfecit,
530 2841 601 2916 quod
618 2841 718 2898 uolutit:
740 2844 785 2916 qui
807 2843 877 2898 enim
901 2841 974 2897 uerbi
991 2844 1077 2916 qratia

129 2927 247 2998 quinque
263 2922 364 2982 nlilium
381 2927 453 2982 aeris
470 2926 658 2999 patrimonium
679 2924 808 2995 babebat,
830 2934 937 3000 poterat
958 2928 1076 3000 quinque

128 3007 280 3063 hominibus
295 3010 409 3083 singulis
432 3010 544 3065 milenos
567 3024 639 3064 asses
655 3008 770 3083 legantlo
786 3018 872 3065 totum
889 3010 1074 3083 patrimonium

128 3106 250 3165 erogare.
289 3087 357 3149 226.
382 3093 443 3147 lrleo
460 3102 555 3167 postea
571 3091 623 3148 lata
640 3101 681 3148 est
697 3094 738 3148 lex
756 3093 885 3164 Voconia,
901 3110 954 3166 qua
968 3101 1075 3149 cautum

137 3208 338 3217 .—

202 3254 221 3325 ¹)
235 3274 279 3323 qae
293 3261 471 3323 superscripto
486 3275 498 3307 a
514 3262 616 3309 litterae
629 3275 644 3323 q
659 3274 706 3309 nec
724 3262 776 3310 ullo
795 3268 870 3310 notae
888 3263 963 3327 eipno
983 3264 1078 3311 litteris

129 3342 156 3377 ae
171 3329 260 3381 addito
279 3329 305 3378 V
307 3326 339 3392 ’ῖς
354 3328 513 3394 quamobrem
528 3346 596 3379 nunc
610 3345 665 3379 eum
681 3332 840 3379 ceterieedd.
851 3334 984 3381 emendavi
993 3348 1077 3396 qnare.

199 3502 224 3575 §-
239 3508 298 3557 222.
326 3505 364 3567 Os.
384 3506 595 3567 §§.to.1m.ma.
672 3500 697 3572 §-
712 3507 772 3555 223.
801 3505 838 3568 Cf.
853 3506 923 3570 Epic.
944 3520 999 3566 nu.
1019 3511 1078 3571 §.a

128 3577 160 3625 L.
176 3593 218 3626 un.
233 3578 256 3638 5.
267 3588 300 3626 11.
318 3574 342 3624 G.
358 3575 390 3625 de
404 3575 494 3625 eadee.
505 3573 536 3637 (o,
547 3573 591 3640 nt).
642 3570 667 3641 ξ.
679 3576 738 3623 224.
756 3574 793 3635 Os.
803 3591 845 3637 pr.
861 3577 883 3625 Ι,
898 3579 929 3627 (le
940 3581 995 3643 lepe
1008 3579 1077 3629 l'ulc.

129 3646 161 3712 (2,
175 3644 211 3712 tt)
226 3661 282 3696 cum
300 3644 408 3707 lbeopb.
423 3645 457 3693 uti
472 3641 581 3711 legassit]
596 3644 630 3706 cf.
642 3643 754 3692 Dirkaen
773 3643 833 3692 XII
843 3646 909 3695 tabb.
924 3659 944 3703 5,
956 3659 975 3697 e.
991 3647 1079 3698 Seboll

125 3732 152 3779 p.
168 3727 214 3768 lta.
277 3710 302 3782 ξ.
319 3717 378 3765 225.
404 3715 442 3777 Os.
458 3712 521 3763 Inat.
536 3722 560 3763 et
578 3712 687 3777 Tbeopb.
702 3714 718 3761 t.
734 3728 756 3762 c.
772 3714 844 3775 infra
858 3727 880 3771 t,
894 3727 927 3765 aa.
952 3716 1006 3778 Uip.
1022 3730 1078 3774 1,1.

127 3798 160 3839 28,
177 3798 197 3838 t.
222 3784 266 3834 Fr.
286 3785 344 3834 Vnt.
359 3796 405 3836 tol.
435 3783 514 3833 Varr.
531 3785 627 3849 srapm.
649 3783 692 3832 lib.
707 3782 759 3832 111.
774 3783 805 3832 tle
820 3785 862 3832 uit.
875 3800 935 3847 pop.
954 3785 1022 3834 llom.
1038 3788 1077 3836 ed.

127 3855 186 3921 Bip.
201 3871 229 3920 p.
250 3867 296 3906 tat.
369 3851 394 3923 ξ.
414 3857 474 3905 226.
500 3853 538 3917 Cf.
558 3853 622 3904 loct.
642 3860 667 3903 et
688 3852 797 3915 Tbeoplt.
817 3854 833 3901 l.
849 3869 871 3903 c.
896 3854 942 3903 lex
962 3854 1078 3926 Voconia]
