2378 4386
111 619 152 677 16
442 627 468 667 e.
487 627 585 663 severas
603 624 745 662 scaaroas.

111 765 199 810 morte
221 760 418 807 testamentouo
439 752 496 805 eius
517 750 672 806 tantundem
694 742 809 820 capiat,¹
833 757 961 819 quantuni
982 765 1074 805 omnes

111 836 233 891 beredes.
264 835 290 888 ld
308 851 416 907 quoque
432 835 541 900 ordine;
564 842 605 888 est
621 834 690 887 enim
706 832 738 885 ad
755 833 794 898 id,
816 830 888 902 quod
903 834 1073 904 propositum

111 928 165 985 est,
189 919 430 974 accommodatum.
468 917 559 971 'lertio
580 917 655 986 loco,
677 917 796 968 sinemo
817 915 852 968 sit
867 913 959 985 lieres,
981 917 1012 977 is,
1028 919 1074 990 qui

110 1003 143 1057 de
160 1003 254 1075 bonis,
272 1018 340 1073 quae
356 1003 413 1055 eius
430 1001 543 1072 luerint,
560 1016 641 1072 quom
657 998 785 1067 moritur,
807 1012 858 1050 usu
873 1001 973 1069 ceperit
990 1000 1074 1070 pluri·

109 1102 183 1140 mum
199 1084 372 1158 possidendo.
402 1083 514 1152 Quarto,
529 1078 602 1157 [qui]
616 1085 639 1136 si
652 1097 730 1136 nemo
742 1082 785 1150 sit,
802 1083 848 1153 qui
863 1080 944 1136 ullam
959 1098 1016 1136 rean
1032 1099 1074 1138 ce·

110 1171 193 1241 perit,
217 1168 259 1223 ’de
282 1161 475 1222 creditoribus²
497 1168 554 1221 eius
578 1167 621 1237 qni
646 1165 789 1236 plurimum
811 1174 912 1220 seruet.
950 1164 1072 1221 Extrema

110 1268 226 1324 persona
242 1259 293 1315 est,
311 1261 349 1320 ut,
366 1253 388 1305 si
405 1252 449 1319 qui
465 1251 502 1317 ei,
519 1250 564 1321 qui
581 1257 704 1302 anortuus
718 1250 770 1315 sit,
787 1250 926 1321 pecuniam
939 1249 1070 1310 debuerit.
1078 1270 1118 1318 [ιε]

111 1337 265 1408 neminique
281 1350 338 1388 enm
354 1335 476 1400 soluerit,
494 1331 605 1404 proinde
618 1329 758 1400 babeatur,
774 1335 849 1405 quasi
863 1350 920 1387 earn
933 1336 1072 1405 pecuniam

110 1420 224 1490 ceperit.
257 1417 327 1471 llaec
343 1433 392 1471 nos
408 1433 422 1469 a
438 1416 565 1470 Scaeuola
582 1415 737 1486 didicimus,
760 1433 813 1470 non
835 1419 870 1472 ita
892 1417 1026 1490 descripta
1041 1416 1073 1473 ab

111 1503 239 1574 antiquis.
257 1532 295 1539 -
311 1500 364 1554 Cic.
382 1498 415 1553 eie
432 1498 485 1569 leg.
500 1498 528 1565 2,
548 1497 594 1553 19.
611 1499 658 1569 33.
675 1498 810 1556 47-49.
825 1518 849 1556 ε.
862 1501 903 1557 20
919 1502 978 1559 init.

175 1591 219 1650 15.
242 1596 329 1665 Atque
353 1593 431 1644 etiarn
455 1590 506 1645 boc
528 1590 593 1645 dant
608 1590 763 1661 Scaeuolae,
787 1609 868 1664 quom
891 1602 933 1647 est
956 1594 1073 1665 partitio,

111 1687 151 1746 ut,
174 1680 197 1730 si
220 1677 246 1730 in
269 1681 429 1730 testamento
452 1673 566 1731 deducta
589 1678 689 1748 scripta
713 1692 766 1730 non
790 1678 835 1748 sit,
858 1678 964 1750 ipsique
987 1677 1074 1732 urinas

111 1761 242 1832 ceperint,
264 1774 342 1830 quam
363 1757 487 1812 omnibus
511 1758 652 1814 heredibus
669 1760 846 1832 relinquatur,
871 1763 953 1816 saeris
969 1777 1003 1816 ne
1018 1761 1074 1815 alli·

111 1853 221 1917 gentur.
252 1841 279 1896 ln
295 1842 440 1895 donatione
454 1842 504 1896 boc
520 1843 600 1897 iidem
616 1859 694 1899 secus
711 1844 935 1916 interpretantur:
959 1852 987 1899 et
1002 1844 1074 1916 quod

111 1927 300 2000 paterfamilias
322 1925 350 1979 ln
373 1926 431 1978 eius
454 1924 610 1994 donatione,
635 1930 680 1997 qui
705 1928 730 1978 in
753 1930 810 1981 eius
834 1935 969 1999 potestate
992 1938 1074 1998 esset,

111 2011 280 2083 approbabit,
303 2016 389 2062 ratum
406 2005 478 2076 est;3
502 2008 573 2081 quod
590 2025 621 2062 eo
638 2011 767 2063 insciente
784 2011 883 2064 lactum
899 2019 950 2073 est,
972 2011 994 2063 si
1008 2010 1034 2064 id
1051 2013 1074 2066 is

110 2110 165 2148 nou
187 2092 333 2166 approbat,
354 2102 441 2146 ratum
464 2109 518 2147 non
537 2087 604 2147 est.⁴
621 2121 659 2130 -
676 2091 729 2149 Cic.
746 2092 778 2146 de
794 2092 847 2164 leg.
865 2093 892 2159 2,
911 2093 961 2149 20.
978 2092 1004 2163 S.
1022 2093 1073 2151 50.

174 2172 219 2234 16.
243 2177 408 2249 Nefreades
423 2180 512 2233 dictos
527 2177 632 2230 asserit
644 2173 677 2239 Q.
691 2174 806 2230 dinetus
817 2176 945 2230 Scaeuola
958 2181 1072 2248 armates,

113 2262 185 2336 quod
209 2261 334 2318 dentibus
358 2260 482 2315 frendere
504 2275 558 2313 non
582 2259 696 2330 possint.
722 2289 759 2299 -
784 2258 855 2314 Fest.
879 2276 902 2311 v.
926 2258 1073 2315 Nelrendes

158 2348 226 2405 162.

112 2365 128 2420 p
174 2425 214 2484 1⁷.
235 2427 346 2482 Petilom
367 2442 456 2481 suram
475 2427 570 2480 siccam
592 2434 619 2479 et
640 2425 813 2480 substrictam
836 2424 919 2498 uulgo
941 2428 1074 2498 interpre-

112 2520 212 2566 tantur.
251 2510 380 2566 Scaeuela
395 2512 440 2579 ait,
458 2509 585 2582 ungulam
602 2508 687 2564 albam
702 2511 764 2582 equi
780 2511 816 2564 ita
832 2509 946 2566 dien-
959 2508 1031 2565 dest.
1048 2528 1072 2564 v.

110 2595 220 2651 Petilam
236 2611 264 2667 p.
282 2593 352 2651 205.

173 2676 216 2735 18.
238 2678 395 2734 Scaeuolam
424 2693 532 2750 quoque
559 2687 587 2732 et
609 2675 638 2731 t.
662 2677 766 2732 Aelium
789 2686 840 2733 etc.
861 2706 903 2717 -
923 2676 982 2734 Vid.
1006 2677 1075 2734 inira

111 2766 218 2819 dteinm
233 2764 390 2836 Capitonem
407 2761 457 2816 at.

173 2846 219 2905 19.
243 2846 334 2902 Pueris
364 2863 417 2900 non
447 2847 536 2917 prius,
567 2859 645 2915 quam
673 2851 764 2915 togam
793 2844 896 2899 uirilem
926 2854 1074 2915 sumerent,

112 2931 210 3003 puellis
238 2946 293 2985 non
321 2939 462 3000 antequam
490 2926 638 2999 nuberent,
667 2928 841 2999 praenomina
869 2930 970 3002 liuponi
993 2930 1074 2984 moris

185 3155 204 3222 ¹)
219 3157 309 3221 Itaque
324 3173 390 3207 unus
405 3165 510 3216 tantum,
525 3165 696 3207 utsacrorunt
706 3160 775 3208 ratio
786 3159 958 3215 desiderabat,
973 3157 1041 3220 qnod
1050 3164 1074 3205 et

113 3230 139 3277 in
154 3229 316 3292 sequentibus
328 3229 456 3291 ‚qrudibus
469 3237 603 3276 serantur:
620 3244 694 3277 secas
713 3238 788 3294 atque
803 3233 829 3278 ia
844 3229 997 3282 deredibns,·
1016 3243 1074 3274 nam

112 3300 181 3348 inter
195 3315 238 3349 eas
252 3307 309 3349 erut
323 3301 392 3348 actia
404 3300 522 3360 fandilae
536 3300 724 3349 herciscundae
752 3317 802 3364 qun
817 3303 861 3364 qni
874 3315 952 3349 sacra
964 3299 1073 3359 fecerat,

113 3376 211 3419 ceteros
225 3370 257 3419 de
272 3371 439 3418 indemnitate
454 3371 591 3418 conuenire
601 3378 713 3432 poterat.
753 3368 774 3436 1)
795 3369 954 3419 creditoribus
968 3365 1073 3428 Saviqn.

112 3442 144 3502 qi.
174 3439 232 3488 Sed.
249 3442 299 3489 atu
319 3440 361 3488 lib.
382 3456 460 3489 meum
476 3437 570 3489 ‘necat
587 3442 612 3489 d.
630 3438 741 3489 Nexaern’
755 3457 781 3503 p.
797 3453 830 3490 et.
861 3437 881 3504 8)
900 3438 954 3497 Qua
973 3438 1074 3485 ratione

112 3527 168 3559 cum
175 3513 247 3573 pilius
254 3511 328 3559 lieres
336 3515 396 3575 pius
406 3513 518 3560 retinere
536 3512 654 3559 uideatur
669 3513 726 3575 (seeo
736 3514 802 3560 enim
809 3511 881 3566 iacto
890 3507 965 3557 dubet
973 3506 1074 3555 beredi-

112 3588 187 3629 tatem
198 3582 371 3644 deminutam),
386 3584 533 3644 partiarius
542 3584 628 3631 sacris
638 3599 688 3632 non
699 3582 836 3647 oblipatur.
866 3576 887 3644 ⁴)
902 3577 1013 3640 Ideoque
1027 3579 1073 3626 ad·

112 3651 162 3699 buc
173 3653 199 3699 in
207 3654 311 3714 peculio
321 3660 359 3701 est
368 3654 403 3700 ad
414 3669 526 3716 euntque,
536 3656 611 3702 cuius
617 3656 747 3717 peculiam
754 3654 784 3714 fit
795 3652 872 3712 (uelut
882 3649 1074 3712 leqaturit'par·

113 3724 189 3770 tiaria'
199 3738 250 3784 pro
261 3726 358 3785 partel,
372 3726 447 3772 etiarn
464 3727 586 3773 nolentem
601 3733 680 3775 morte
691 3723 810 3785 peruenit
823 3721 1005 3768 etsacriseum
1016 3721 1074 3767 atta·-

110 3799 173 3856 pat:
191 3809 336 3856 quanquam
353 3797 387 3850 is,
402 3797 447 3861 qui
462 3812 517 3844 aaran
532 3798 603 3844 nulla
618 3798 766 3844 testamento
780 3790 900 3839 deductio
914 3791 1015 3852 scripta
1029 3798 1075 3849 est,

111 3865 195 3912 narinus
208 3879 243 3913 ecc
257 3868 349 3928 laquie,
364 3881 438 3927 qnam
448 3866 563 3915 omnibus
572 3862 709 3914 heredibus
723 3861 840 3909 retiatum
850 3865 896 3919 eal,
912 3862 965 3923 ipse
981 3875 1075 3922 capere

108 3941 201 3997 potest,
216 3936 302 3998 itaque
315 3938 401 3985 sacris
415 3951 465 3986 aon
480 3939 612 3999 altiputur.
