2378 4386
144 535 186 594 56
485 546 511 582 ar.
531 545 641 580 usumve
659 545 760 580 cicero.

143 669 188 731 41.
208 671 255 726 sed
270 672 350 726 etiam
362 671 397 740 ei,
410 670 456 742 qui
467 685 544 727 sacro
556 669 788 738 commendatum
806 670 879 743 quod
891 679 918 727 et
930 688 1001 727 nnnc
1013 673 1105 729 multis

144 755 175 811 lit
195 757 222 810 in
238 753 316 824 lanis,
336 751 384 824 (ei)
401 752 551 808 Alexander
568 752 701 809 incilicia
722 753 880 827 deposuisse
896 755 965 827 apud
983 754 1105 814 Solensis
1156 807 1158 811 .

143 841 172 894 lu
193 836 307 893 delulrro
328 835 468 909 pecuniam
490 836 589 891 dicitur
607 844 636 892 et
649 837 821 893 Atheniensis
842 837 993 894 Clisthenes
1009 839 1105 897 lunoni

144 921 256 989 Samiae,
269 922 336 976 ciuis
351 922 488 994 egregius,
506 936 588 993 quom
604 919 685 977 rebus
702 923 809 978 timeret
824 923 890 985 suis,
908 921 1021 978 liliarum
1032 923 1105 980 dotis

145 1004 300 1062 credidisse.

207 1088 260 1144 lam
275 1088 309 1144 de
326 1089 463 1162 periuriis,
486 1087 519 1144 de
541 1089 647 1144 incesto
670 1088 735 1145 nihil
757 1105 820 1145 sane
841 1089 893 1145 hoc
913 1090 1019 1162 quidem
1042 1089 1104 1147 loco

144 1171 338 1247 disputandum
353 1180 405 1227 est.

207 1256 289 1312 Douis
308 1257 382 1329 impii
403 1270 437 1310 ne
457 1254 563 1328 placare
584 1254 700 1311 audeant
721 1255 803 1326 deos,
826 1255 965 1311 Platonem
985 1256 1105 1328 audiant,

144 1341 191 1415 qul
206 1347 284 1397 uetat
297 1339 431 1409 dubitare,
448 1355 498 1412 qua
514 1341 551 1394 sit
565 1347 655 1394 mente
667 1339 774 1394 iuturus
786 1339 864 1411 deus,
880 1356 962 1413 quom
974 1342 1104 1397 uirnemo

143 1423 232 1482 bouus
246 1423 279 1480 ab
293 1421 409 1498 inprobo
424 1439 454 1479 se
469 1422 563 1478 donari
578 1423 653 1478 uelit.

207 1509 376 1583 diligentiam
394 1515 522 1563 uotorum
544 1508 607 1562 satis
627 1508 656 1562 iu
669 1506 732 1580 lege
746 1506 847 1563 dictum
862 1514 904 1563 est
919 1500 969 1564 *ed
987 1523 1017 1563 ac
1032 1510 1105 1564 uotis

144 1593 268 1668 sponsio,
291 1609 342 1664 qua
366 1590 517 1663 obligamur
538 1590 598 1646 deo.
627 1607 716 1664 poena
737 1605 804 1647 uero
826 1592 945 1647 uiolatae
965 1591 1105 1664 religionis

143 1679 242 1733 iustam
262 1676 459 1731 recusationem
480 1690 535 1731 nou
556 1674 646 1731 habet.
683 1675 747 1749 qnid
770 1691 823 1750 ego
848 1677 892 1732 hic
911 1674 1106 1732 sceleratorum

143 1768 206 1818 utar
227 1758 366 1834 exemplis,
388 1773 505 1832 quorum
527 1758 622 1832 plenae
644 1758 816 1833 tragoediae?
838 1775 906 1833 quae
928 1768 990 1815 ante
1010 1759 1106 1816 oculos

143 1853 219 1915 sunt,
234 1860 265 1899 ea
277 1845 368 1916 potius
383 1842 527 1915 adtingam.
562 1844 615 1899 etsl
637 1842 703 1898 haec
723 1845 942 1899 commemoratio
959 1860 1057 1899 uereor
1072 1860 1106 1900 ne

143 1943 224 2001 supra
239 1928 356 1982 hominis
376 1927 511 1982 fortunam
528 1942 588 1983 esse
604 1926 737 1997 uideatur,
758 1933 857 1995 umen,
874 1928 1001 1999 quoniam
1016 1943 1106 1982 sermo

144 2012 209 2066 mihi
225 2016 268 2066 est
282 2010 353 2083 apud
368 2027 430 2081 uos,
447 2009 513 2065 nihil
528 2009 647 2066 reticebo
663 2009 806 2082 nolamque
821 2010 888 2079 hoc,
909 2009 982 2082 quod
998 2010 1105 2082 loquar,

143 2094 194 2150 diis
209 2093 396 2151 inmortalibus
412 2102 519 2168 gratum
535 2095 626 2167 potius
641 2093 728 2149 uideri
743 2109 822 2167 quam
838 2109 930 2167 graue.
961 2092 1037 2148 llllll.
1058 2089 1107 2153 42.

144 2179 234 2235 omnia
248 2185 307 2235 tum
321 2178 487 2252 perditorum
503 2179 601 2233 ciuium
616 2176 719 2233 scelere
730 2177 851 2233 discessu
867 2193 927 2233 meo
942 2177 1106 2250 religionum

144 2263 202 2319 iura
224 2263 327 2336 polluta
347 2270 429 2334 sunt,
450 2263 538 2318 uexati
559 2263 646 2317 nostri
670 2260 751 2317 Lares
774 2261 932 2331 familiares,
959 2263 986 2316 in
1012 2277 1106 2317 eorum

144 2345 254 2402 sedibus
269 2345 469 2402 exaedificatum
486 2345 615 2420 templum
630 2344 783 2417 Licentiae,
798 2345 893 2420 pulsus
908 2362 923 2401 a
938 2343 1058 2401 delubris
1073 2349 1104 2417 ls,

144 2432 190 2504 qul
205 2430 251 2485 illa
266 2440 403 2485 seruarat:
419 2432 614 2504 circumspicite
629 2430 753 2486 celeriter
767 2432 866 2502 animo,
881 2430 949 2486 nihil
964 2432 1034 2485 enim
1045 2431 1106 2485 atti·

144 2522 191 2570 net
207 2530 369 2588 quemquam
385 2515 528 2586 nominari,
544 2516 590 2588 qul
605 2516 660 2571 sint
674 2531 765 2570 rerum
777 2517 864 2571 exitus
875 2514 1028 2572 consecuti:
1044 2529 1106 2585 nos,

142 2599 191 2673 qui
204 2597 278 2655 illam
294 2599 435 2655 custodem
450 2598 525 2656 urbis
540 2599 665 2656 omnibus
681 2601 782 2673 ereptis
794 2602 895 2657 nostris
912 2597 993 2654 rebus
1005 2613 1035 2653 ac
1045 2614 1107 2671 per·

143 2684 208 2740 ditis
224 2683 321 2740 uiolari
335 2682 368 2740 ab
383 2685 472 2758 impiis
488 2685 561 2757 passi
576 2701 631 2740 non
646 2700 741 2739 sumus
752 2699 864 2755 eamque
877 2700 910 2738 ex
921 2692 1014 2737 nostra
1025 2681 1106 2738 domo

144 2770 171 2823 ln
187 2769 270 2842 ipsius
288 2771 371 2840 patris
386 2769 496 2824 domum
512 2766 780 2835 detulimus,iudicia
790 2773 912 2835 senatus,
928 2765 1027 2835 ltaliae,
1039 2782 1106 2838 geu-

144 2853 211 2906 tium
237 2852 352 2923 denique
379 2854 498 2907 omnium
518 2857 694 2905 conseruatae
714 2849 817 2920 patriae
837 2850 975 2903 consecuti
996 2864 1105 2918 sumus3

144 2949 200 3008 quo
220 2934 285 3004 quid
306 2933 427 2989 accidere
447 2933 538 3005 potuit
552 2931 654 2986 homini
669 2929 850 3002 praeclarius?
871 2945 988 3002 quorum
1004 2930 1107 2987 scelere

143 3015 290 3087 religiones
319 3023 377 3070 tum
399 3022 553 3087 prostratae
576 3013 751 3084 adllictaeque
774 3019 854 3082 sunt,
876 3015 974 3084 partim
997 3028 1030 3067 ex
1052 3012 1105 3068 illis

143 3099 264 3154 distracti
279 3114 310 3154 ac
324 3097 445 3170 dissipati
461 3098 565 3167 iacent,
581 3098 627 3170 qui
643 3111 708 3151 uero
724 3111 757 3151 ex
771 3097 804 3150 iis
819 3104 846 3151 et
861 3095 958 3150 horum
972 3095 1106 3152 scelerum

144 3182 279 3256 principes
300 3179 406 3236 fueraut
429 3188 458 3236 et
479 3188 587 3253 praeter
608 3185 714 3235 ceteros
736 3180 763 3233 ln
787 3180 860 3234 omni
881 3178 1014 3251 religione
1028 3180 1105 3252 inpii,

144 3280 198 3321 uon
221 3263 309 3319 solum
333 3264 388 3317 uita
409 3257 463 3320 es²
485 3264 596 3318 cruciati
618 3271 700 3335 atque
722 3262 870 3333 dedecore,
899 3277 994 3317 uerum
1024 3265 1106 3320 etiam

143 3347 283 3421 sepultura
299 3356 326 3401 et
342 3348 421 3402 iustis
437 3349 610 3420 exequiarum
626 3354 781 3402 caruerunt.

206 3426 255 3487 48.
277 3431 308 3499 Q.
332 3429 461 3503 Equidem
481 3432 533 3486 ista
553 3445 683 3504 agnosco,
703 3430 795 3500 irater,
816 3438 843 3486 et
857 3430 967 3485 meritas
988 3428 1029 3485 dls
1045 3448 1106 3505 gra-

144 3517 195 3571 tias
211 3531 272 3588 ago,
290 3514 336 3570 sed
352 3516 430 3569 nimis
445 3531 525 3588 saepe
540 3530 618 3570 secus
633 3514 769 3587 aliquanto
786 3514 907 3569 uidemus
923 3513 1048 3574 euadere.

217 3642 237 3711 ¹)
251 3645 421 3695 Intercidiaae
435 3645 466 3694 V.
477 3652 568 3708 putat:
587 3641 704 3695 ‘seruare'
716 3652 852 3708 oportere:
868 3647 1026 3710 grauissima
1040 3649 1107 3697 enim

143 3732 178 3768 ex
192 3716 307 3767 omnibus
317 3718 455 3779 promissio
468 3713 527 3774 est',
546 3716 651 3766 Malim:
671 3713 785 3764 ‘servari
798 3723 932 3779 oporterer
953 3717 1022 3779 quod
1040 3720 1106 3767 enim

143 3790 296 3854 promissam
310 3802 390 3851 aeque
404 3795 521 3838 sanetum
536 3784 583 3836 est’
601 3802 628 3836 ac
642 3787 692 3837 uoti
711 3787 809 3851 sponsio
824 3788 851 3835 io
859 3787 911 3849 fine
922 3788 1106 3853 interrogatio·

144 3861 273 3925 eissigno
283 3861 378 3922 posito.
409 3855 430 3924 ²)
447 3855 627 3910 ‘excesserunt
641 3854 810 3908 conscientia'
826 3859 927 3921 supplet
937 3857 968 3907 V.
