2378 4386
458 553 520 591 eurr
540 556 639 592 resurr.
660 536 694 591 ΙΙ.
712 544 821 598 44-49.
1060 541 1122 608 231

157 714 226 773 quac
249 713 304 754 non
326 712 342 752 a
364 697 473 755 domiuo
492 697 570 754 nobis
593 698 706 756 traditae
729 697 840 771 fuerint,
864 699 923 756 siue
939 701 1053 774 mancipi
1068 702 1123 757 sint

159 799 206 840 eae
221 798 265 838 res
280 783 338 838 siue
354 798 405 839 nec
419 784 544 856 mancipi,
559 783 673 841 simodo
688 777 764 840 ‘eea¹
780 783 850 841 bona
863 782 916 840 fide
929 787 1122 859 acceperimus,

159 882 219 924 cum
240 867 424 936 crederemus,
448 883 526 938 eum,
549 869 595 942 qui
618 862 782 940 ’traderet,²
807 868 945 926 dominum
968 885 1039 928 esse.
1073 865 1123 929 44.

160 951 232 1025 quod
247 951 307 1008 ideo
323 959 463 1024 receptum
480 951 600 1023 uidetur,
623 968 656 1009 ne
672 969 762 1009 rerum
783 954 897 1010 domtuia
914 954 1015 1011 diutius
1030 955 1058 1011 iu
1080 956 1121 1011 iu·

158 1044 234 1092 certo
250 1044 352 1107 essent,
367 1052 427 1093 cum
440 1031 598 1094 sufficeret³
613 1037 722 1093 domino
736 1038 767 1093 ad
779 1037 964 1112 inquirendam
977 1055 1034 1096 rem
1045 1056 1121 1095 suam

160 1122 227 1176 cuni
243 1129 288 1177 ant
309 1119 314 1193 Ι
331 1119 437 1194 biennii⁴
448 1123 575 1194 spatium,
592 1120 665 1196 quod
681 1130 787 1195 tempus
803 1121 835 1177 ad
851 1125 1041 1197 usucapionem
1057 1140 1120 1197 pos·
1132 1125 1175 1177 65.

160 1206 260 1260 sessori
276 1204 408 1261 tributum
424 1214 476 1261 est.

222 1285 269 1347 45.
290 1289 337 1345 Set
359 1289 503 1362 aliquando
526 1291 630 1346 etiamsi
646 1292 757 1346 menime
778 1291 839 1363 quis
859 1289 927 1346 icona
944 1289 995 1347 fide
1011 1291 1124 1347 alienum

159 1390 215 1429 rem
231 1373 383 1447 possideat,
406 1391 460 1430 non
477 1383 565 1429 tamen
582 1373 622 1429 ilii
636 1375 764 1447 usucapio
780 1374 918 1447 procedit,
939 1374 1015 1430 uelut
1034 1375 1058 1429 si
1079 1377 1124 1448 qui

159 1474 214 1513 rem
235 1457 363 1513 furtiuum
378 1467 425 1512 sut
448 1460 474 1512 ni
498 1473 651 1530 possessam
673 1457 826 1530 possidcct3
849 1474 908 1513 uam
932 1458 1060 1514 furtiuum
1083 1458 1125 1514 ier

161 1559 208 1599 xrr
232 1541 385 1597 tabularum
408 1541 519 1614 usucapi
541 1540 685 1614 prohibet,
715 1542 741 1597 ui
770 1556 922 1613 possessam
946 1542 988 1598 ier
1011 1540 1075 1597 iulia
1097 1551 1125 1599 et

158 1627 273 1683 Plautia.
322 1620 373 1680 46.
396 1625 462 1680 Item
491 1625 665 1698 prouincialis
694 1624 802 1699 praedia
828 1628 1020 1700 usucapionem
1044 1623 1125 1700 (non)

159 1710 306 1782 recipiunt.
350 1703 397 1765 47.
421 1705 518 1783 '(Item
539 1701 639 1788 οἱιίη)4
661 1709 794 1782 mulieris,
825 1713 941 1784 quaein
965 1721 1124 1786 agnatorum

160 1794 248 1850 tutela
264 1801 332 1862 erat,
348 1811 391 1850 res
407 1794 521 1868 mancipi
538 1795 649 1868 usucapi
665 1811 719 1851 non
739 1804 877 1870 poterant,
898 1804 1087 1870 praeterquam
1103 1799 1126 1853 si

159 1878 266 1953 abipsa
283 1885 376 1934 tutore
391 1870 541 1956 (erectore)
559 1878 672 1935 traditae
695 1889 802 1936 essent:
826 1875 929 1954 'quodi
952 1881 986 1937 ita
1003 1879 1064 1956 tege
1080 1897 1126 1939 111

160 1963 312 2020 tabularum
324 1963 442 2019 'cautum
454 1956 546 2029 &uid
559 1961 611 2025 48.
619 1963 683 2020 item
696 1964 796 2022 liberos
809 1966 930 2022 homines
944 1974 971 2021 et
983 1981 1026 2020 res
1037 1980 1126 2022 sacras

161 2056 188 2104 et
210 2047 353 2122 religiosas
377 2050 487 2123 usncnpt
511 2064 566 2105 uon
588 2065 670 2123 posse
692 2049 864 2107 manifestum
888 2058 940 2107 est.
978 2045 1030 2107 49.
1047 2048 1125 2118 Quod

160 2148 226 2205 ergo
243 2131 328 2206 uulgo
352 2131 460 2204 dicitur,
484 2133 645 2190 [urticarum
661 2150 752 2191 rerum
768 2141 796 2191 et
814 2136 841 2190 ut
857 2125 1046 2208 possessarum
1062 2151 1125 2191 nsu-

91 2225 142 2278 peu
161 2217 299 2290 cepionem
314 2233 364 2292 per
378 2209 496 2292 'legem⁷
510 2218 672 2291 prohibitam
688 2236 759 2292 esse,
780 2235 835 2275 non
850 2236 883 2277 eo
899 2221 1028 2294 pertinet,
1044 2229 1074 2277 ut
1089 2235 1127 2276 nc

161 2304 224 2373 ipsc
237 2300 286 2358 iur
300 2305 386 2375 quiue
404 2318 461 2375 per
477 2304 530 2358 uim
544 2305 679 2374 possidet,
703 2320 854 2376 usucapere
868 2306 960 2378 possit
976 2304 1047 2378 (nam
1063 2304 1127 2361 tnuic

160 2385 215 2442 elia
231 2388 336 2443 ratione
352 2388 482 2460 usucapio
496 2403 551 2442 non
562 2386 703 2461 competit,
721 2391 781 2462 quta
793 2388 897 2445 scilicet
914 2389 981 2446 mata
997 2387 1049 2447 tide
1061 2406 1126 2463 pos-

159 2467 260 2546 sidet);
276 2471 326 2527 sed
341 2488 391 2528 nec
407 2471 573 2542 ullusulius,
589 2488 750 2546 quamquam
766 2472 798 2528 ab
815 2489 848 2529 eo
864 2474 934 2529 bona
950 2473 1003 2530 fide
1014 2476 1126 2543 emerit,

235 2620 254 2689 ¹)
268 2622 314 2672 Eos
329 2623 421 2673 Gbscd.
436 2623 476 2673 ed.
496 2637 523 2670 ce
545 2622 570 2673 θ.
594 2622 634 2670 ed.
653 2621 702 2687 Bp.
716 2638 752 2671 esc
767 2623 872 2672 Laelius
891 2624 1062 2679 auctoritate,
1082 2625 1127 2686 qui

160 2695 285 2759 exemptis
294 2696 394 2758 partim
404 2695 513 2744 incertis
523 2694 622 2756 partim
636 2692 804 2742 dissimilibus
815 2694 843 2742 id
856 2693 981 2755 defendit.
1012 2691 1128 2742 Ceterum

158 2773 231 2829 puto,
249 2764 318 2815 banc
332 2781 416 2815 uocem
435 2765 577 2830 aliquando
592 2771 653 2828 post
671 2763 733 2812 bono
752 2764 798 2812 iide
818 2763 849 2813 ob
868 2763 991 2813 uiciniam
1009 2765 1128 2813 omissum

162 2835 213 2886 duc
226 2838 291 2886 mute
304 2837 458 2886 masciatum
472 2851 535 2886 esec.
593 2830 615 2900 ¹)
629 2835 759 2885 tradiderit
768 2834 826 2884 edd,
846 2833 900 2884 Sed
913 2835 1016 2883 litterae
1032 2830 1083 2883 ‘di’
1100 2837 1128 2884 in

159 2907 212 2969 fine
226 2922 315 2957 versus
328 2907 468 2957 secuudum
487 2903 532 2955 V'i
547 2921 598 2956 non
617 2913 689 2964 sunt,
709 2922 768 2963 nec,
788 2922 845 2956 cum
863 2905 988 2965 tradidit,
1006 2906 1054 2955 scd
1072 2922 1129 2957 cum

161 2977 288 3036 trudebat,
303 2978 352 3029 doc
366 2994 413 3028 noe
427 2978 571 3028 credidisse
583 2993 684 3027 necesse
694 2985 747 3035 est:
761 2979 871 3042 denique
886 2979 955 3027 uliae
964 2977 1129 3029 scribendum

160 3057 227 3099 esset
241 3050 387 3098 tradidisset.
454 3045 474 3114 8)
493 3050 613 3099 Fortasse
623 3050 723 3099 excidit
737 3049 840 3116 et(iam).
906 3047 927 3116 ⁴)
943 3063 981 3098 res
998 3049 1024 3100 O.
1045 3047 1126 3101 ‘item’

161 3120 201 3169 ed.
216 3119 265 3187 Bp.
302 3119 355 3170 Sed
369 3120 394 3170 it.
410 3120 478 3183 oiim,
499 3119 589 3184 quibus
608 3137 646 3170 ou.
661 3123 719 3186 quis
734 3136 773 3170 res
787 3122 941 3180 addiderat,
960 3120 991 3171 ob
1008 3124 1128 3173 similitu·

161 3191 247 3241 dinem
261 3207 283 3241 o.
300 3191 431 3240 mulie-ris
445 3192 577 3241 eccidisse
591 3192 701 3251 uidetur,
716 3194 781 3243 mole
796 3200 896 3244 retenta
911 3209 933 3242 u.
948 3207 996 3242 res.
1067 3191 1088 3260 ⁶)
1105 3194 1129 3242 id

161 3261 227 3328 (pro
247 3261 290 3328 qd)
308 3259 353 3310 1⁷¹2
366 3269 391 3311 et
404 3261 494 3327 Suppt.
510 3259 565 3312 ‘et’
581 3263 621 3312 ed.
636 3262 685 3329 Bp.
759 3261 779 3328 ⁶)
795 3279 817 3313 m
832 3265 883 3332 (uel
896 3263 936 3328 ce)
955 3260 1009 3313 W.
1039 3264 1130 3315 Fuerit

162 3349 183 3382 c.
203 3334 250 3383 erit
268 3333 298 3399 (it
316 3341 488 3398 exsequente
507 3333 541 3400 υ.)
617 3331 697 3398 ⁷)Euc
711 3335 775 3385 Inst.
793 3343 817 3385 et
836 3338 893 3400 ipsc
914 3350 942 3384 re
958 3334 1131 3399 (nequeenim

166 3404 228 3453 XII
233 3403 284 3454 tub.
295 3405 331 3453 ud
344 3421 387 3454 res
401 3407 427 3455 ui
436 3420 571 3468 possessos
582 3406 758 3471 pertinebant)
769 3415 887 3471 apparet,
901 3421 940 3455 xn
950 3406 1007 3463 tub„
1023 3407 1092 3470 quod
1103 3405 1129 3455 U.

162 3474 250 3535 addit,
267 3477 395 3541 ptossemu
409 3490 471 3525 esse.
505 3476 600 3526 Iisdem
618 3477 743 3527 debentur
756 3480 931 3542 supplementa
948 3478 974 3525 in
989 3478 1028 3538 ἐς.
1044 3489 1079 3528 ts.
1094 3488 1128 3527 50.

235 3632 260 3705 §-
275 3639 318 3687 45.
336 3636 374 3698 Cf.
390 3637 429 3699 βξ.
446 3649 466 3688 1.
481 3649 501 3689 e.
521 3636 543 3687 Ι.
559 3638 591 3687 de
606 3653 677 3687 usuc.
693 3636 725 3703 (s,
737 3636 769 3703 s).
796 3636 859 3686 dett.
875 3649 909 3699 rr,
923 3649 944 3687 a.
983 3630 1074 3822 pto.
1092 3633 1130 3696 Cf.

159 3722 203 3771 pr.
220 3707 242 3756 I.
258 3707 292 3757 ib.
316 3707 348 3756 L.
369 3723 412 3756 un.
433 3707 459 3757 C.
479 3708 535 3759 eod.
555 3707 654 3773 (nel).
686 3723 769 3772 supra
788 3709 827 3770 ξς.
843 3720 863 3758 r.
879 3718 913 3757 21.
1027 3706 1069 3755 47.
1091 3703 1130 3765 Cf.

163 3789 252 3839 1,1en.
291 3779 343 3828 Cic.
364 3778 725 3843 cidestensium
746 3777 1008 3829 dioecensin.
1030 3774 1066 3822 ad
1087 3772 1130 3820 di.

161 3848 226 3982 gVc:
243 3856 402 3970 psephismata.
456 3845 481 3918 ξ.
497 3852 539 3900 48.
557 3849 595 3911 Cf.
611 3851 633 3912 ἕ.
649 3862 669 3899 1.
688 3847 711 3897 I.
726 3849 758 3897 de
777 3863 849 3897 usuc.
864 3846 900 3910 (s,
915 3843 947 3908 6).
998 3839 1023 3910 §-
1039 3845 1080 3892 49.
1098 3862 1132 3882 =
