2378 4386
165 521 229 587 306
469 537 531 574 asar
547 538 641 579 auena,
658 519 707 574 ΙΙΙ.
724 525 835 574 82—84.

167 688 215 738 aut
229 682 287 754 ipse
299 679 401 749 debuit,
417 694 507 753 neque
518 677 652 736 bonorum
667 677 834 752 ’possessori
841 672 849 712 ¹
867 693 958 752 neque
974 680 978 746 Ι
996 676 1133 734 bonorum

166 757 312 838 ’emptori²
333 765 393 837 ipso
408 765 468 820 iure
482 755 651 820 ’debentur³
669 763 730 820 ’out
745 767 802 835 ipsi
822 764 939 834 debent,
961 771 988 818 et
1008 755 1085 819 ideo*
1099 761 1134 818 de

167 847 292 906 omnibus
315 846 396 905 rebus
418 844 544 904 ’utilibus
564 849 726 904 actionibus
747 854 775 903 et
798 852 993 919 experiantur
1016 854 1042 902 et
1065 863 1133 903 eon·

167 936 342 1003 uestiemur,
368 949 443 1006 quas
467 936 498 989 in
525 933 650 1006 sequenti
676 933 870 988 commentario
894 924 1132 1006 protponemus.⁵l

91 1016 150 1067 149·
232 1014 283 1077 82.
307 1016 377 1073 Sunt
392 1026 481 1074 autem
498 1018 576 1072 etism
591 1016 703 1073 alterius
718 1017 826 1090 generis
845 1017 1043 1087 successiones,
1060 1031 1134 1088 quae

166 1117 256 1174 neque
271 1100 333 1176 lege
348 1117 394 1158 111
409 1100 561 1157 tabularum
576 1116 665 1173 neque
683 1102 818 1174 praetoris
832 1101 930 1172 edicto,
951 1100 999 1155 sed
1015 1116 1048 1156 eo
1064 1101 1133 1173 iure,

167 1179 272 1263 (quod)
294 1200 432 1243 consensu
455 1193 594 1260 receptum
617 1194 675 1254 est,
703 1184 874 1242 introductae
897 1193 971 1242 sunt.
1015 1180 1064 1242 88.
1089 1184 1133 1240 Et·

167 1271 238 1327 enlm
253 1286 314 1327 eum
334 1269 527 1344 paterfamilias
541 1285 572 1325 se
593 1271 620 1325 in
642 1269 817 1344 adoptionem
838 1269 928 1340 dedit,
951 1269 1082 1325 mulierue
1105 1270 1132 1324 in

166 1370 274 1411 manum
291 1356 437 1425 conuenit,
461 1370 556 1411 omues
578 1355 636 1410 eius
657 1370 701 1410 res
720 1354 906 1427 incorporales
928 1364 955 1410 et
977 1352 1133 1427 corporales

95 1430 105 1449 '
167 1455 290 1514 quaeque
306 1440 347 1495 els
361 1437 468 1496 debitae
483 1447 556 1509 sunt,
573 1439 644 1512 patri
659 1436 789 1512 adoptiuo
806 1440 1067 1513 coemptionatoriue
1087 1437 1132 1493 ad·

167 1525 324 1597 quitantur,
337 1525 457 1597 exceptis
467 1524 520 1593 his,
532 1538 601 1596 quae
612 1538 660 1595 per
671 1522 768 1597 capitis
780 1521 993 1579 deminutionem
1006 1530 1131 1598 pereunt,

167 1607 260 1682 quales
275 1615 339 1663 sunt
356 1606 542 1678 ususfructus,
562 1623 705 1681 operarum
718 1605 849 1677 obligatio
863 1609 1041 1680 libertorum,
1062 1623 1131 1681 quae

166 1707 217 1765 per
230 1690 415 1748 iusiurandum
431 1699 570 1747 eontracta
585 1699 638 1760 est,
659 1698 688 1746 et
707 1690 780 1748 ’lites
796 1686 990 1749 contestatoe⁶
1008 1692 1130 1767 legitimo

167 1776 276 1834 iudicio.
319 1773 368 1834 84.
391 1768 442 1830 Ἕκ
458 1775 568 1831 diuerso
584 1775 657 1848 quod
673 1776 695 1830 is
717 1776 821 1846 debuit,
845 1781 894 1850 qur·
916 1793 946 1833 se
962 1781 990 1833 in
1006 1776 1130 1850 adoptio·

166 1875 227 1918 nem
250 1859 326 1916 dedit
348 1875 453 1932 quaeue
473 1860 500 1913 ln
517 1875 623 1914 manum
639 1864 779 1931 conuenit,
804 1877 859 1917 uon
882 1862 977 1916 transit
992 1861 1024 1916 ad
1041 1878 1132 1918 eoem·

166 1947 349 2020 ptionatoreur
362 1942 450 1999 autad
468 1949 569 2016 patrem
582 1942 752 2016 adoptiuum,
768 1948 825 2001 nisi
838 1948 864 2000 si
876 1944 1067 2001 hereditarium
1085 1962 1130 2002 aes

167 2028 283 2085 alienum
306 2029 409 2091 luerit,·
430 2029 466 2084 de
482 2043 514 2083 eo
531 2030 535 2095 Ι
552 2029 637 2099 enim,
661 2030 723 2102 quis
744 2030 803 2103 ipse
825 2037 901 2103 pater
915 2027 1061 2101 adoptiuus
1085 2039 1131 2085 aut

96 2139 104 2149 ⁸
166 2115 383 2187 coemptiouator
398 2112 477 2168 heres
498 2110 536 2175 tir,
560 2112 663 2170 directo
679 2121 789 2169 tenetur
803 2115 870 2183 iure,
893 2115 919 2168 is
934 2128 1012 2182 uero,
1036 2117 1131 2184 quise

166 2272 239 2315 certe
253 2281 269 2313 o
283 2263 357 2313 sedo
376 2266 444 2313 lecta
457 2267 497 2314 oel
511 2272 616 2316 enotata
633 2272 706 2323 sunt,
725 2264 858 2327 effeceris:
877 2278 923 2313 nee
938 2262 1130 2329 s(enatus)c(0n-

166 2334 264 2400 saltum)
280 2337 434 2384 concesserit
451 2334 528 2401 e(ius)
548 2338 651 2386 ciuitati
670 2337 711 2385 ius
727 2333 731 2401 Ι
747 2350 793 2399 quo
813 2334 899 2400 q(uoe)
914 2332 1038 2400 ciuib(os)
1053 2334 1132 2401 ebus)

162 2407 256 2469 populi
274 2421 291 2454 a
310 2405 411 2456 ciuibus
427 2406 549 2457 Romanis
565 2404 722 2474 alienanjtor
740 2420 880 2469 usucapere
895 2404 1031 2471 poss(unt).
1069 2405 1130 2457 Solo

167 2477 313 2526 commercii
327 2478 384 2527 inre
399 2479 460 2528 dato
474 2479 523 2528 boe
537 2481 579 2528 ius
593 2495 643 2529 aon
659 2477 838 2528 continebatur
853 2476 909 2543 (st.
929 2476 988 2526 Vct.
1003 2475 1067 2543 tus);
1084 2493 1130 2527 uec

166 2555 250 2597 tamen
264 2546 384 2599 dubitare
399 2551 468 2608 licet,
483 2551 569 2599 multis
579 2551 685 2613 populis
695 2565 751 2597 cum
766 2550 811 2598 illo
824 2551 881 2598 turc
891 2550 967 2598 etiam
981 2548 1030 2598 lroc
1044 2551 1131 2599 dotum

166 2634 221 2669 esse
236 2626 260 2669 et
274 2627 379 2670 senatus
393 2622 494 2686 quidem
509 2622 634 2681 consulto,
650 2622 694 2684 qui
708 2627 732 2668 et
746 2619 842 2669 liberas
856 2621 974 2670 civitates
988 2618 1092 2683 repebat
1107 2627 1131 2670 et

161 2692 308 2756 privitepia
322 2692 409 2741 dabat.
485 2689 504 2758 ¹)
520 2706 676 2756 possessores
690 2691 749 2740 edd.
772 2705 900 2754 possessor
916 2690 941 2743 0.
956 2691 989 2740 ed
1003 2707 1057 2740 orrea
1073 2704 1091 2741 t.
1107 2698 1131 2739 et

166 2761 213 2828 Bp.
234 2774 255 2814 t.
329 2758 350 2827 ²)
371 2763 509 2826 eruptor'C.
538 2770 658 2825 emptores
677 2762 735 2810 edd.
764 2761 820 2810 Iam
839 2769 864 2811 et
882 2776 950 2819 eom,
970 2764 1045 2811 coires
1064 2761 1130 2812 bone

163 2833 285 2896 suerunt,
304 2835 437 2898 singulari
454 2849 560 2883 numero
582 2833 663 2882 Gaius
682 2834 783 2882 extulit.
855 2828 876 2889 ε)
891 2832 980 2881 debeat
995 2832 1021 2882 C.
1041 2833 1131 2882 debent

165 2905 223 2953 edd.
253 2903 315 2953 Item
329 2906 369 2953 sic
383 2904 423 2952 ed.
438 2902 485 2968 Bp.
501 2915 521 2955 t.
596 2900 618 2967 ⁴)
634 2903 755 2953 liestitui.
821 2901 901 2967 ⁵)t2e
920 2898 1079 2966 Vttmeae:
1095 2902 1131 2951 ad

165 2989 267 3023 sensum
280 2976 406 3037 suppleto.
432 2970 491 3021 ‘in’
509 2989 577 3022 otone
591 2974 641 3038 (ed.
651 2973 675 3039 u)
690 2974 789 3023 addidi.
862 2970 884 3038 ⁰)
899 2973 944 3023 Sic
959 2973 1071 3035 Budors.
1086 2974 1129 3021 die

166 3047 210 3093 les·
224 3042 292 3092 Ecce.
307 3060 332 3092 o.
347 3045 373 3097 d.
388 3043 451 3091 Iost.
466 3043 491 3091 d.
509 3043 590 3092 Gaios
605 3042 643 3109 (in
658 3061 745 3094 eornm.
760 3045 835 3094 acad.
850 3043 950 3110 Berol.)
964 3042 1051 3092 Berol.
1067 3053 1129 3094 1866.

161 3124 252 3177 μω.
273 3115 318 3176 (cs.
340 3113 453 3162 Callisto.
473 3113 504 3162 L.
518 3123 544 3164 ts
560 3111 615 3179 (bt).
643 3115 675 3162 D.
694 3116 726 3164 de
746 3115 795 3164 obt.
814 3123 838 3164 et
852 3124 903 3166 cet.
922 3126 962 3178 u,
981 3112 1013 3178 t).
1041 3112 1091 3162 Ed.
1107 3126 1127 3164 a.

165 3185 323 3246 scripseram
340 3180 416 3247 ‘quoe
432 3182 616 3235 continentur'.
644 3186 713 3250 quod
731 3182 776 3233 Vtt
789 3188 927 3235 conuenire
941 3184 1029 3236 Stdus
1044 3192 1128 3250 nepot.

165 3253 225 3318 Ipse
235 3253 304 3318 quod
314 3269 360 3303 uos
370 3254 460 3312 edidit,
475 3269 619 3318 quenquam
629 3271 720 3321 apopr.
731 3272 757 3319 p.
773 3256 883 3306 XXXI.
898 3259 951 3306 uit:
964 3257 996 3307 de
1006 3271 1036 3307 eo
1047 3258 1130 3305 antuus

165 3324 293 3374 commode
304 3326 417 3389 cogitari
428 3323 514 3390 (qoam
524 3326 593 3389 quod
601 3334 651 3375 tarro
663 3326 769 3384 volebat,
785 3342 845 3390 qnae
856 3326 977 3392 aguntur).
1026 3325 1045 3391 ⁷)
1056 3327 1129 3377 Ilaec

165 3410 264 3459 quoque
279 3397 302 3456 5.
317 3410 351 3444 es
371 3393 420 3443 1⁷⁸²
436 3397 568 3460 plerisque
583 3399 647 3447 loeis
662 3399 812 3462 refiupendo
824 3398 887 3461 suit,
921 3399 960 3447 De
974 3398 1060 3448 dubiis
1075 3400 1129 3463 qui·

165 3465 271 3515 busdam
286 3468 381 3518 notaui.

236 3604 261 3676 ξ.
278 3607 501 3672 82 =pr.l.de
515 3625 572 3672 aeq.
584 3624 634 3673 per
648 3610 740 3675 udrop.
757 3610 787 3676 (t,
803 3610 848 3675 ao).
921 3607 947 3679 ξ
963 3611 1093 3672 83.=§.
1109 3623 1128 3660 1.

165 3678 186 3727 1.
202 3680 258 3727 eod.
281 3679 318 3742 Cf.
334 3694 354 3742 a,
370 3691 403 3731 26.
428 3679 484 3743 Ulp.
500 3691 632 3741 19‚1s.-
648 3680 699 3730 Cic.
714 3680 804 3744 rope.
820 3685 843 3744 ξ.
855 3692 889 3733 tt.
908 3681 1011 3732 Srcetoa.
1031 3681 1085 3730 Tib.
1096 3690 1129 3731 1⁶.

165 3763 259 3812 operar.
276 3750 321 3801 obl.
351 3752 386 3813 cs,
402 3750 434 3801 L.
450 3761 470 3801 t.
490 3750 522 3799 D.
537 3751 569 3800 de
584 3767 654 3815 oper.
670 3751 712 3800 tib.
729 3751 773 3817 (38,
789 3754 820 3818 i).
849 3753 914 3814 legit.
930 3749 991 3819 iud]
1005 3754 1039 3814 ef.
1051 3764 1071 3813 s,
1083 3763 1129 3805 181.

184 3822 249 3871 .84.
270 3821 308 3884 Cf.
344 3833 386 3874 .u.
406 3821 474 3871 tae
489 3836 545 3886 aeq.
558 3838 608 3885 per
622 3837 711 3887 utroq.
723 3823 755 3889 (s,
766 3823 810 3889 ιο).
831 3824 863 3872 L.
873 3835 893 3874 a.
914 3822 946 3873 D.
958 3823 989 3871 de
1000 3839 1057 3886 cup.
1070 3823 1129 3871 min.

176 3904 198 3956 s,
212 3892 251 3959 s),·
272 3894 344 3956 infre
359 3904 380 3954 s,
394 3904 428 3943 ss.
443 3904 478 3944 so.
