2378 4386
160 495 224 560 600
344 515 451 553 oourrrr
468 514 575 553 rurum
592 514 690 551 rmore.
709 495 794 551 XXII.
813 501 927 551 25—32.

161 653 237 716 eunt,
252 649 318 703 item
329 646 375 717 qui
387 646 414 699 iu
425 643 677 716 rehnuuer'putioue
691 652 766 713 suut,
784 662 802 699 α
813 650 939 716 parente
951 660 1016 701 eum
1026 645 1115 701 liher-

160 736 219 787 tute
233 729 354 785 heredes
368 728 492 799 scriptos
505 734 627 798 praetor
641 744 757 785 suorum
771 731 835 784 ioco
850 728 936 783 hahet
944 751 953 791 ,·
973 731 1071 801 itaque
1086 736 1115 785 et

159 816 231 886 ipsis
246 812 408 869 abstinendi
419 818 548 882 potestus
562 810 668 886 datur).

226 889 291 954 ¹26.
316 893 462 950 Extraneus
484 894 563 951 heres
590 895 722 968 siquidem
745 911 806 953 cum
833 896 953 952 cretione
976 897 1012 951 sit
1034 895 1113 952 heres

160 980 311 1049 institutus,
323 977 458 1034 cernendo
470 978 500 1033 iit
513 979 605 1051 heres3
622 982 645 1035 si
658 996 725 1036 uero
736 980 794 1034 sine
806 979 936 1049 cretione,
951 995 1001 1051 pro
1014 979 1113 1036 herede

160 1063 291 1139 gerendo.
328 1056 378 1119 26.
403 1054 469 1118 ²Pro
485 1062 584 1119 herede
599 1064 680 1136 gerit,
701 1065 747 1136 qui
764 1061 843 1117 rehus
859 1061 1030 1118 hereditariis
1045 1071 1109 1119 tam·

161 1146 381 1222 quemdominus
397 1147 497 1216 utitur,
517 1147 593 1203 uelut
609 1150 654 1220 qui
670 1149 822 1205 auctionem
837 1161 927 1202 rerum
940 1146 1113 1203 hereditaria·

160 1247 220 1288 rum
242 1230 320 1302 iacit,
347 1239 393 1287 aut
415 1232 504 1287 seruis
525 1230 694 1287 hereditariis
717 1230 813 1286 eiharia
836 1229 890 1286 dat.
932 1226 979 1289 27.
1004 1222 1114 1287 ³Cretio

161 1325 202 1372 est
217 1323 353 1373 certorum
369 1313 473 1370 dierum
488 1317 620 1388 spatium,
645 1313 717 1387 quod
732 1313 812 1368 datur
827 1315 952 1368 instituto
974 1313 1067 1370 heredi
1081 1313 1113 1369 ad

161 1398 372 1470 deliberandum,
396 1407 486 1453 utrum
508 1400 633 1472 expediat
655 1400 679 1454 ei
702 1397 774 1453 audire
797 1396 973 1453 hereditatem
997 1413 1046 1454 nec
1068 1413 1112 1469 ne,

162 1482 251 1541 uelut:
268 1496 374 1540 rrrrvs
389 1496 490 1539 nunus
506 1497 585 1540 nero
599 1496 797 1544 construens
814 1496 846 1538 ru
860 1496 974 1540 ornans
991 1497 1114 1539 cnnrvn

159 1580 319 1638 rnoxnsrs,
337 1580 450 1629 ovrsvs
466 1580 587 1622 screnus
602 1559 821 1629 rornursuvn.4
852 1579 916 1621 ursi
931 1581 986 1624 rra
1002 1581 1114 1624 ennun-

160 1665 222 1720 nte,
237 1664 379 1707 nunnus
395 1664 485 1708 sort).
524 1646 573 1706 28.
597 1648 712 1704 Cernere
728 1657 769 1703 est
785 1648 865 1704 uerba
881 1649 1010 1704 cretionis
1025 1649 1117 1705 dicere

161 1733 194 1790 ad
205 1732 277 1790 hunc
288 1733 412 1790 modurn:
428 1749 508 1798 otoo
518 1748 563 1789 ne
576 1747 690 1789 unrrvs
703 1747 852 1789 urrunnu
863 1747 1033 1802 nummum,
1050 1748 1114 1790 nau

160 1832 386 1875 nnnuutrurnu
407 1831 491 1873 enno
514 1831 688 1879 ennuouvn.
734 1811 784 1873 29.
807 1815 869 1872 Sine
892 1817 1012 1872 cretione
1034 1816 1113 1872 heres

56 1902 301 1958 roosumsumrus
324 1895 328 1977 Ι
354 1902 377 1955 si
400 1901 587 1969 constituerit,
616 1898 689 1955 nulle
710 1915 739 1955 se
765 1899 891 1955 heredem
920 1916 995 1971 esse,
1022 1901 1114 1956 statiua

161 1984 313 2041 excluditur
334 1983 365 2039 ab
389 1982 552 2053 hereditate,
575 1991 602 2038 ct
624 1983 739 2055 amplius
761 1999 818 2038 eam
840 1984 913 2039 adire
935 1999 989 2040 non
1011 1991 1112 2057 potest.

159 2063 211 2128 80.
234 2067 299 2124 Cum
322 2069 443 2123 cretione
466 2082 531 2121 uero
555 2066 633 2121 heres
661 2068 803 2122 institutus
830 2068 902 2123 sicut
924 2065 1057 2122 cernendo
1081 2064 1184 2129 iitrooe]

160 2152 255 2221 heres,
278 2152 314 2207 ita
329 2167 384 2205 non
400 2149 478 2204 aliter
493 2148 658 2220 excluditur,
681 2166 760 2221 quarn
776 2152 799 2205 si
814 2151 883 2206 intra
899 2150 968 2207 diem
983 2150 1112 2206 cretionis

161 2249 215 2290 non
230 2234 361 2289 creuerit:
384 2231 499 2305 ideoque
515 2235 618 2288 etiamsi
633 2235 821 2303 constituerit,
845 2234 918 2290 nolle
933 2251 963 2290 se
986 2232 1113 2290 heredem

160 2332 231 2387 esse,
247 2323 345 2384 tannen,
360 2317 383 2370 si
396 2318 532 2389 supersint
549 2316 605 2372 dies
621 2319 765 2388 cretionis,
784 2319 949 2391 paenitentia
964 2325 1040 2372 actus
1056 2333 1113 2373 cer-

160 2399 249 2456 nendo
265 2399 344 2454 heres
359 2397 417 2455 deri
432 2409 532 2473 potest.

223 2480 270 2543 81.
293 2482 381 2540 Cretio
397 2493 443 2539 aut
458 2484 578 2558 uulgaris
594 2483 691 2541 dicitur
706 2491 752 2539 aut
767 2486 909 2540 continua:
930 2484 1067 2557 uulgaris,
1085 2486 1112 2540 in

161 2583 214 2642 qua
235 2568 387 2624 adiciuntur
409 2567 474 2624 iraec
496 2567 590 2624 uerba:
621 2582 732 2631 uvrnvs
755 2582 876 2625 screnus
898 2583 1112 2637 eorsnrsuvs;

160 2654 298 2723 contiuua,
318 2654 345 2709 in
361 2669 413 2725 qua
428 2669 483 2708 non
498 2651 658 2709 adiciuntur.
700 2647 750 2709 ³2.
775 2650 814 2721 Ei,
836 2653 881 2724 qui
898 2652 1036 2723 uulgarem
1055 2669 1112 2709 cre·

160 2737 261 2793 tionem
276 2735 373 2807 hahet,
396 2736 453 2792 dics
473 2736 512 2791 iiii
529 2735 668 2792 duntaxat
690 2742 897 2807 computantur,
920 2734 1017 2808 quibus
1039 2738 1112 2806 sciit,

159 2954 195 2991 eoa
213 2932 413 3008 ὁμοιοτελεύτῳ
432 2939 549 3004 (potestus
563 2953 610 2987 non
625 2937 694 2987 datur
709 2964 741 2974 -
758 2934 882 3001 ‘potestus
895 2935 997 3002 dutur’)
1012 2939 1111 3000 suetum

159 3016 205 3059 eet.
234 3009 334 3059 Vereor
347 3017 439 3067 tanreu,
454 3025 485 3058 ne
499 3011 574 3058 etiam
586 3011 665 3071 ptura
680 3011 809 3063 omiserit:
823 3011 870 3057 uix
883 3011 949 3057 enirn
963 3015 1008 3067 eat,
1029 3016 1056 3058 ut
1069 3008 1110 3059 ut-

157 3081 253 3143 piauue
272 3082 342 3128 ilium
356 3082 472 3142 requiam
483 3076 616 3127 ‘Omnibus
630 3085 722 3135 turrreu,
736 3077 828 3142 ortibus
842 3078 988 3128 abstinendi
997 3085 1111 3142 potestus

160 3155 205 3203 est,
219 3150 244 3195 ei
252 3163 280 3197 ee
290 3149 363 3198 bonis
377 3149 568 3203 imrrrieeueriat‚
579 3150 618 3196 uei
627 3149 690 3212 quid
700 3149 759 3197 iude
769 3151 919 3210 amoverint,
929 3151 1039 3212 crupitur
1047 3148 1111 3198 duee

156 3225 272 3282 potestus
286 3233 336 3267 nou
351 3214 451 3274 datur',
466 3217 531 3266 libro
545 3232 592 3267 suo
607 3233 657 3267 uon
672 3220 820 3270 inseruerit.
874 3216 894 3284 ¹)
908 3220 952 3268 Ad
965 3222 1005 3281 ἓξ.
1016 3229 1112 3271 25-82.

160 3288 195 3350 ef.
213 3286 267 3335 Gai.
285 3298 310 3344 s,
329 3298 451 3337 rus-ras.
516 3283 537 3349 ¹)
558 3286 595 3350 Cf.
617 3289 691 3338 Puut.
711 3303 736 3345 e,
751 3302 771 3340 e.
791 3291 814 3351 §-
829 3300 862 3341 uu.
882 3291 905 3351 5.
926 3301 946 3339 r.
967 3290 987 3338 I.
1006 3290 1038 3339 de
1056 3290 1111 3338 ter.

160 3355 355 3421 quaiit.(s,1o).
421 3353 441 3421 ³)
458 3356 495 3413 Cf.
511 3357 584 3419 infru
597 3359 620 3419 ξ.
634 3370 668 3410 ue.
691 3359 746 3408 Gai.
762 3371 783 3416 2,
797 3371 844 3412 tre.
909 3357 930 3423 ⁴)
947 3359 1025 3410 Recte
1038 3359 1112 3408 habet

159 3428 224 3477 duee
241 3427 354 3476 secunda
370 3441 484 3490 persona
499 3434 559 3491 post
579 3431 759 3479 norninutr'uum
780 3431 808 3478 io
827 3432 871 3480 itto
895 3428 998 3479 Titius
1020 3430 1112 3479 hereo

160 3504 240 3554 erto,
255 3498 367 3560 perinde
381 3505 456 3561 utque
470 3500 496 3546 in
511 3501 640 3549 actionum
655 3501 792 3562 feruentior
810 3516 869 3549 nom
886 3507 914 3549 ut
928 3508 1038 3563 praetor
1056 3515 1112 3550 eum

160 3567 255 3626 iudice,
270 3570 306 3616 itu
321 3574 428 3617 testator
443 3584 498 3618 euru
508 3569 600 3619 herede
616 3573 687 3620 iussu
700 3585 747 3620 ruo
758 3571 831 3633 sueto
842 3585 920 3635 uqere
930 3571 1032 3619 uidetur
1041 3569 1111 3634 (Gai.

159 3638 254 3704 2,1⁰a);
269 3638 402 3702 utrobique
417 3646 500 3689 autem
513 3643 668 3691 nonriuutiuo
679 3656 741 3690 euru
756 3642 865 3691 iudicem
880 3643 919 3690 uei
928 3641 1054 3699 heredem,
1068 3641 1114 3704 qui

160 3722 212 3757 non
228 3709 308 3768 adest,
324 3710 419 3759 iussum
433 3724 487 3760 esse
502 3717 610 3774 oportet,
624 3712 660 3760 ud
673 3726 744 3775 quem
756 3712 871 3774 formula
886 3714 925 3760 uel
940 3719 1113 3761 testamentum

160 3780 218 3829 iure
228 3781 374 3841 perueniat,
389 3787 522 3845 antequam
534 3796 589 3830 cum
603 3796 632 3830 eo
643 3789 753 3843 praetor
766 3783 806 3830 uel
816 3788 922 3830 testator
932 3788 1052 3846 tunquam
1063 3796 1114 3845 per

159 3851 292 3914 epistolum
306 3852 378 3915 loqui
387 3853 478 3914 possit.
505 3850 543 3913 Cf.
559 3849 590 3899 L.
606 3863 631 3903 se
642 3867 685 3914 pr.
710 3852 742 3900 D.
757 3852 789 3901 de
802 3854 850 3917 deo.
865 3864 886 3902 2.
