2378 4386
422 514 545 551 nomrrvs
564 513 699 550 summus.
969 494 1033 561 565

83 638 212 694 Ceterum
231 636 344 691 illorum
362 637 450 705 probo
468 634 649 699 senientiam,
674 634 726 702 qui·
745 634 829 687 variis
851 635 960 688 casibus
977 633 1034 689 iam

82 722 138 759 non
157 704 331 764 definiendis,
351 703 426 757 haud
439 719 506 756 vero
519 704 597 756 certa
608 703 716 756 ratione
734 717 776 766 ea,
796 717 867 770 qnae
880 703 909 754 in
921 701 1035 770 Ulpiani

83 774 154 827 libro
174 772 376 833 desiderantur,
395 772 511 839 periisse
529 773 638 838 putant,
657 769 698 823 ita
709 771 804 823 tamen
817 771 850 822 ut
861 770 938 823 casui
950 769 1034 822 etiam

82 840 260 894 librariorum
283 838 395 891 fraudes
419 838 464 891 vel
482 837 563 889 unius
582 837 743 901 alteriusve,
767 836 816 903 qui
839 836 942 890 librum
960 839 1035 889 tran

83 907 260 961 scribendum
279 907 372 965 daret,
397 905 595 972 parsimoniam
614 905 752 971 quaedam
771 905 862 958 minus
880 903 1036 958 necessaria

83 974 230 1028 alibrario
254 989 309 1026 non
333 973 493 1049 exigentem
517 970 694 1024 adnumerari
712 970 809 1023 velim:
834 970 938 1024 similes
961 970 1035 1025 enim

83 1042 197 1094 iniurias
221 1041 306 1094 etiam
330 1038 392 1091 Gaii
415 1038 567 1105 epitomem
591 1040 620 1090 et
642 1036 733 1089 Paulli
757 1038 916 1091 Sententiae
941 1054 1035 1106 passas

84 1125 143 1162 esse
162 1110 280 1161 constat.
314 1104 374 1158 Hoc
393 1104 415 1156 si
433 1108 568 1163 tenemus,
588 1104 616 1155 in
635 1105 732 1156 critica
750 1105 905 1158 exercenda
921 1121 977 1158 non
994 1105 1035 1158 in·

83 1175 153 1229 certi
172 1177 200 1228 et
217 1175 291 1227 inter
308 1172 423 1239 Ulpiani
447 1174 476 1224 et
499 1170 665 1223 breviatoris
683 1187 797 1223 manum
815 1172 894 1238 quasi
911 1171 1035 1240 suspensi

82 1241 276 1302 titubabimus,
287 1240 336 1292 sed
348 1239 452 1305 ubique
464 1237 583 1304 Ulpiano
594 1237 660 1303 quid
675 1237 799 1305 dignum,
811 1238 880 1303 quid
889 1237 1035 1306 indignum

83 1310 127 1373 sit,
166 1324 322 1361 uaeramus.

147 1325 235 1428 initio
253 1374 350 1425 harum
370 1371 550 1436 reliquiarum
569 1385 660 1437 patrea
677 1373 707 1422 et
724 1370 752 1422 in
771 1371 824 1423 fine
843 1370 933 1423 multa
946 1385 1035 1437 eaque

83 1443 159 1496 certe
183 1457 247 1493 casu
270 1438 398 1506 periisse,
422 1452 517 1488 omnes
540 1437 723 1493 consentiunt.
758 1435 799 1490 De
822 1438 916 1502 initio,
940 1437 989 1489 ubi
1006 1438 1035 1490 in

84 1509 114 1566 C,
133 1507 197 1561 Vat.
221 1507 292 1558 hanc
315 1504 395 1556 velut
416 1502 625 1569 inscriptionem
648 1521 730 1556 ruere.
755 1523 846 1557 rrrvar
865 1523 899 1556 ax
917 1521 1035 1557 consona

83 1591 196 1628 vaslius
215 1573 317 1624 ‘Mores
334 1573 400 1623 sunt
417 1570 517 1623 tacitus
536 1586 683 1623 consensus
701 1571 798 1638 populi
821 1572 905 1640 longa
922 1587 1035 1625 eonsue-

83 1641 181 1694 tudine
200 1639 386 1692 inueteratus‘
407 1638 512 1704 excipit
528 1637 613 1690 index
631 1637 790 1701 titulorum,
810 1638 911 1692 deinde
930 1655 1033 1698 versus,

83 1709 106 1761 si
125 1707 176 1759 illa
193 1714 296 1759 ‘mores
309 1743 315 1759 .
330 1744 335 1759 .
353 1747 359 1759 .
378 1705 562 1757 inueteratus’
582 1720 770 1767 connumeras,
790 1705 833 1757 bis
849 1707 959 1773 septeni
971 1706 1035 1759 deni

83 1776 194 1828 inverso
222 1773 319 1826 ordine
347 1771 443 1839 scripti
466 1775 542 1834 sunt,
570 1771 721 1825 bellissima
743 1776 785 1825 est
807 1774 837 1825 et
864 1773 931 1826 satis
959 1775 1037 1826 certa

82 1841 249 1895 Mommseni
268 1837 436 1902 coniectura,
456 1839 505 1891 hos
523 1839 551 1891 in
570 1838 665 1891 codice
677 1839 732 1892 iam
746 1839 853 1904 mutilo,
871 1839 945 1893 unde
958 1839 1036 1893 Vati·

84 1924 170 1962 canus
188 1906 326 1971 manavit,
345 1905 429 1974 primi
447 1905 508 1958 solii
526 1906 605 1958 binus
622 1907 739 1975 paginas
761 1906 927 1976 complesse,
949 1906 1035 1974 idque

83 1975 228 2029 librarium
246 1990 308 2026 curn
328 1973 449 2025 solutum
467 1973 627 2036 invenisset,
646 1973 751 2027 infelici
769 1990 834 2026 casu
848 1974 994 2027 invertisse
1006 1976 1037 2027 et

84 2043 123 2095 sic
141 2041 356 2109 transcripsisse.
393 2039 448 2093 Sed
467 2040 521 2093 dno
540 2040 642 2094 addere
661 2040 739 2094 licet:
759 2042 888 2110 primum,
906 2041 977 2094 illud
995 2041 1036 2096 fo·

84 2109 153 2162 lium
165 2111 194 2162 in
205 2108 358 2161 vetustiore
371 2106 467 2160 codice
481 2107 603 2176 corporis
613 2107 728 2176 Ulpiani
739 2110 912 2177 postremum
925 2109 1036 2178 quater-

84 2176 174 2228 nionis
196 2176 280 2228 fuisse
304 2174 407 2238 videri,
435 2175 464 2226 in
491 2190 546 2242 quo
569 2173 649 2227 solito
672 2192 748 2230 more
772 2177 877 2245 pariter
899 2178 984 2245 atque
1006 2176 1036 2229 iu

85 2243 174 2318 primo
187 2242 358 2309 adscriptum
371 2257 456 2318 supra
467 2243 495 2294 in
509 2242 645 2296 exteriore
664 2243 789 2313 margine
803 2245 877 2298 esset
889 2262 963 2297 coss.
975 2261 1036 2298 rar.

86 2310 127 2361 ita
143 2311 176 2361 ut
192 2308 263 2363 hanc
286 2309 495 2376 inscriptionem
519 2309 613 2362 statim
637 2313 801 2378 sequeretur
821 2311 937 2365 initialis
954 2310 1037 2364 huius

85 2377 205 2445 paginae
224 2377 362 2453 scriptura
386 2385 489 2430 ‘mores
511 2381 584 2430 sunt’
608 2380 675 2441 etc,
699 2378 751 2431 hoc
776 2379 851 2432 enim
875 2379 932 2431 sine
951 2378 1036 2431 dubio

85 2444 174 2496 movit
190 2443 344 2507 librarium,
363 2447 421 2496 tarn
440 2447 471 2496 ut
489 2444 559 2497 hanc
577 2445 709 2511 paginam
728 2447 808 2510 quasi
827 2445 1036 2512 inscriptionem

86 2511 274 2564 continentem
301 2527 352 2578 pro
379 2511 517 2563 anteriore
549 2511 677 2575 haberet,
706 2529 790 2578 quam
817 2514 850 2564 ut
875 2511 963 2564 verba
986 2510 1037 2563 illa

85 2585 187 2631 ‘mores
201 2619 207 2629 .
219 2622 225 2634 .
237 2621 242 2630 .
256 2579 446 2641 inueteratus',
467 2578 497 2628 in
510 2578 578 2640 cod,
592 2594 654 2629 cum
667 2579 904 2630 introductionem
915 2576 1035 2642 finirent,

86 2659 103 2696 a
124 2644 305 2712 sequentibus
328 2645 418 2712 spatio
446 2644 589 2707 distincta,
617 2643 765 2696 deficiente
788 2643 930 2710 ceteroqui
953 2643 1036 2697 titulo

86 2711 221 2777 opusculi,
230 2726 282 2778 pro
295 2711 426 2763 lemmate
439 2711 560 2777 quodam
574 2713 720 2778 acciperet.
730 2710 807 2778 quod
815 2712 879 2778 post
890 2708 1035 2763 titulorum

86 2776 170 2829 index
188 2780 253 2844 apte
272 2779 447 2830 scriberetur.
478 2777 604 2829 Alterum
623 2781 674 2842 cst,
692 2776 763 2829 illud
780 2778 872 2845 ipsum
884 2776 982 2829 solium
1000 2777 1035 2830 ab

12 2854 75 2902 [cro]
89 2842 220 2896 inferiore
269 2847 328 2897 arte
359 2844 509 2897 abscissum
536 2844 635 2907 fuisse3
667 2861 732 2897 nam
758 2861 809 2897 nec
835 2843 1036 2910 septemdecim

87 2925 182 2962 versus
209 2861 271 2965 Vei.
298 2910 402 2964 codicis
429 2911 556 2979 integrae
585 2911 706 2979 paginae
732 2910 887 2974 sufiiciunt,
918 2912 951 2963 ut
979 2911 1036 2963 iam

58 2988 61 2995 ·
86 2976 280 3031 Lachmannus
298 2981 373 3031 recte
390 2978 536 3043 iudicavit,
555 2981 584 3031 et
601 2979 639 3031 sic
658 2978 824 3046 explicatur,
843 2993 929 3045 quare
947 2979 1036 3032 utros·

87 3150 203 3199 manasse,
218 3151 286 3200 quern
302 3137 413 3199 grandem
429 3145 452 3185 et
467 3138 574 3201 inprimis
589 3139 697 3186 versibus
707 3138 953 3201 satlongisscriplum
964 3139 1036 3188 luisse

86 3207 183 3255 credere
203 3223 247 3270 par
266 3216 313 3268 est,
334 3209 384 3255 cius
404 3209 437 3255 rci
460 3207 535 3256 adhuc
555 3209 615 3257 aliud
636 3224 728 3272 quoquc
748 3209 870 3270 vestigium
884 3218 994 3274 superest
1012 3210 1036 3259 iu

86 3277 187 3340 quodam
203 3278 311 3326 vitiorum
326 3293 420 3338 gcuerc,
436 3279 458 3325 in
474 3279 583 3327 Vaticano
600 3280 662 3340 cod,
677 3280 739 3343 quod
754 3281 858 3329 editores
873 3281 939 3341 sugit,
955 3281 1036 3329 admo·

86 3347 140 3396 dum
160 3348 289 3410 frequenti,
310 3348 351 3397 scd
371 3356 393 3396 cl
413 3364 440 3397 ec
460 3350 532 3397 mullo
554 3350 693 3413 antiquiore.
724 3351 780 3399 lllud
796 3351 864 3412 dico,
883 3351 945 3414 quod
965 3365 1036 3414 saepe

86 3418 197 3466 uocabula
213 3419 303 3479 singula
318 3420 353 3468 sel
369 3421 488 3482 complura
506 3420 650 3480 exciderunt,
665 3436 724 3483 quae
740 3421 815 3468 slicuo
830 3421 882 3468 loco
893 3435 954 3469 nunc
965 3422 1036 3469 inler-

87 3488 141 3536 dum
157 3490 236 3537 mullis
252 3488 304 3554 (sed
320 3499 342 3538 el
357 3489 478 3553 brevilurs)
494 3491 602 3539 uersibus
617 3490 718 3539 distante
734 3492 821 3539 inserta
837 3498 899 3550 sunl,
914 3490 1005 3551 reluta,
1016 3502 1036 3540 8.

85 3563 1036 3622 satanacam.11,a1s,1.so,a.ao,s.ua‚1c.ss·.saissa.

85 3641 119 3690 25,
134 3643 154 3680 s.
171 3642 238 3681 5.1o.
255 3643 286 3680 ιι.
303 3642 335 3680 rs.
356 3641 389 3686 ss,
406 3640 425 3678 r.
447 3640 527 3688 ss,1a
548 3640 582 3695 ss,
598 3643 616 3678 r.
647 3629 696 3678 llcc
712 3632 787 3691 enin,
802 3645 853 3679 curn
869 3645 928 3693 quse
943 3631 1037 3679 excide-

85 3708 151 3762 rant,
171 3701 237 3749 initio
258 3716 270 3748 e
290 3701 385 3760 regione
405 3699 434 3747 ad
454 3700 583 3760 marginem
601 3700 709 3762 suppleta
727 3715 780 3748 esse
800 3701 902 3764 putanda
922 3701 981 3760 sint,
1001 3700 1036 3747 rix

85 3770 137 3818 lieri
152 3772 235 3832 potuit,
250 3770 296 3818 nisi
312 3770 432 3833 antiquum
448 3769 512 3817 illum
528 3769 642 3830 codicem,
653 3770 676 3817 in
686 3784 732 3833 quo
742 3771 774 3819 ils
786 3770 957 3832 inserebantur,
968 3783 1036 3832 prae·

86 3839 167 3901 longos
182 3855 264 3889 versus
279 3840 390 3888 habuisse
405 3853 488 3902 ponas.
