2378 4386
73 39 1163 296 u

463 555 497 591 ax
515 555 600 591 maan
619 556 741 592 vsunrro.
1015 536 1076 600 725

127 686 287 760 progenitos
302 685 442 741 seruitutis
457 683 549 759 adlligi
564 684 711 759 dispendiis
727 686 835 741 minime
846 693 984 759 oportere,
1000 685 1080 742 etlam

127 769 215 826 nostri
231 768 358 843 temporis
374 769 567 841 tranquillitate
582 770 716 837 sancitum
739 784 789 825 nec
804 768 854 825 snb
870 768 984 845 obtentu
999 769 1080 824 lultae

127 852 291 910 uentiitlonis
310 852 426 909 inlicitae
439 851 516 908 decet
535 854 729 926 ingenuitatem
751 852 870 926 infringi.
915 867 997 927 quare
1011 852 1080 908 ludl-

128 953 184 993 cem
199 944 398 1010 competentem
413 936 486 992 adire
500 952 550 1009 par
565 945 621 1006 est,
642 937 729 1007 quiin
744 934 846 992 liberali
861 951 941 992 causa
955 952 986 991 ea
1001 935 1081 992 iaciet

126 1020 257 1093 conpleri,
272 1020 383 1094 quaein
398 1018 584 1075 huiuscemodi
599 1019 819 1074 contentionibus
834 1020 952 1076 ordinari
966 1035 1081 1076 consue·

126 1113 206 1173 ruut,
231 1103 379 1160 secundum
400 1102 564 1157 iudiciariam
587 1102 753 1175 disciplinam
776 1102 898 1175 partibus
919 1103 1081 1160 audientiam

127 1188 310 1261 praebiturus.
354 1185 404 1241 PP.
426 1185 492 1240 idib.
511 1187 580 1258 Aug.
603 1184 716 1254 Romae,
738 1185 914 1242 Constantino
937 1194 966 1242 et
979 1185 1081 1243 Licinio

127 1271 198 1345 Aug.
215 1270 268 1329 llll.
283 1262 390 1326 conas.¹

189 1350 239 1409 34.
263 1345 405 1426 (Iidem)¹¹
430 1354 519 1430 lagg.
543 1360 571 1408 et
586 1352 675 1408 Caesa.
693 1350 731 1407 l'l.
756 1351 893 1424 ‘Aprillae
931 1349 997 1406 Cum
1019 1366 1081 1424 pro·

128 1434 237 1504 litcaris,
249 1445 276 1490 te
291 1444 363 1491 certa
379 1437 529 1507 quantitate
542 1437 702 1508 mancipium
718 1451 749 1490 es
761 1438 892 1508 sangnine
908 1449 1081 1506 conparasse,

127 1520 203 1574 cuius
232 1520 397 1590 pretiumte
419 1518 569 1574 exsoluisse
597 1518 663 1574 ilicis
690 1526 717 1575 et
743 1519 927 1574 instrumentis
955 1532 1015 1572 esse
1037 1515 1082 1573 ilr-

128 1609 242 1656 matnm:
266 1593 352 1673 ’quia²
374 1616 388 1655 a
409 1601 552 1657 nobisiam
568 1601 633 1658 olim
655 1603 849 1676 praescriptum
863 1595 931 1670 est‚³
951 1600 1036 1674 quod,
1057 1601 1080 1656 si

128 1680 294 1756 (uenditor)⁴
311 1683 429 1740 noluerit
443 1685 556 1741 bbernm
571 1701 650 1740 suum
665 1686 815 1760 legitimum
829 1686 992 1759 reciperare,
1016 1693 1081 1741 tunc

126 1770 154 1823 in
170 1769 227 1823 eius
243 1767 331 1823 locum
347 1770 507 1842 mancipium
522 1770 632 1825 domino
648 1769 734 1840 daret,
756 1778 802 1824 ant
817 1771 944 1842 pretium,
962 1784 1017 1840 quo
1033 1785 1081 1824 ua·

128 1844 248 1921 luisset,⁶
271 1859 438 1907 numeraret:
463 1854 542 1907 etiam
565 1845 720 1924 ’mancipat
734 1869 749 1908 a
764 1855 820 1908 suls
836 1851 991 1927 parentibus
1006 1861 1082 1908 certo

127 1937 216 2009 pretio
240 1934 387 2008 'conparati
406 1929 481 2006 (itu)⁷
503 1937 546 1991 ius
567 1935 679 1993 dominii
703 1936 858 2008 'possidere
881 1930 926 1991 tn⁸
948 1937 1082 1991 existima·

128 2034 197 2074 mus.
241 2018 346 2075 nulium
368 2027 458 2074 autem
480 2035 511 2076 er
534 2013 695 2093 gentilibus⁹
717 2019 831 2077 liberum
850 2018 992 2092 adprobari
1007 2019 1082 2076 licet.

128 2100 285 2219 Subscrppta
296 2101 350 2160 itti.
361 2101 413 2159 lsai.
430 2103 509 2177 ’ling
522 2103 699 2160 Constantino
715 2101 756 2179 (et
766 2097 889 2179 Licinio)
903 2096 1023 2178 Augg.¹⁰
1037 2102 1082 2159 lli.

128 2202 219 2242 conss.

191 2265 238 2326 35.
262 2266 377 2344 (iidem)
404 2271 494 2343 llugg.
517 2277 544 2325 et
564 2269 653 2328 Caess.
670 2270 721 2342 (1.)
736 2270 813 2327 Nulla
834 2271 1016 2328 uerecundiae
1037 2270 1082 2327 uel

128 2354 227 2426 quietis
243 2369 318 2409 mora
333 2347 431 2410 'uec¹²
445 2352 567 2426 quolibet
582 2354 725 2412 interuallo
740 2355 883 2411 cunctandi
897 2357 995 2429 passim
1011 2370 1083 2411 nunc

127 2437 240 2510 singuli,
256 2436 336 2493 modo
352 2436 456 2510 populi,
473 2447 635 2510 proruentes
651 2439 688 2494 'iu
703 2443 792 2494 nostri
801 2441 860 2494 oris
875 2432 1029 2508 obtutus‚¹³
1043 2439 1083 2495 sic

73 2520 418 2593 ÷so1unitormesqueretas
438 2520 533 2576 iisdem
552 2519 608 2576 iere
628 2522 896 2578 sermocinationibus
912 2522 1082 2587 uolutarunt,

128 2611 160 2659 ut
173 2621 223 2661 nac
234 2604 464 2677 interpellantium
480 2599 660 2661 ’cretaritati¹⁴
675 2605 779 2662 ualeret
790 2606 905 2679 occurri,
921 2621 972 2660 nec
983 2605 1081 2678 allega·

129 2745 340 2756 ———

203 2828 223 2896 ¹)
237 2848 260 2881 a.
275 2844 323 2884 arn.
382 2828 403 2897 ¹)
418 2832 441 2880 b'
456 2854 489 2874 =
504 2834 549 2882 boe
569 2832 627 2882 Vnt.
641 2833 699 2882 edd.
727 2831 780 2882 Sed
791 2833 912 2896 suspicor
926 2834 986 2882 olim
997 2833 1083 2895 fuisse

127 2894 141 2966 ti
157 2923 190 2945 a
205 2903 244 2965 qni
256 2917 307 2964 pro
321 2903 344 2951 b'
363 2903 501 2952 accedente
519 2904 701 2968 geminandae
717 2924 750 2945 a
765 2904 827 2966 qnia.
893 2899 915 2964 ⁸)
931 2903 999 2952 Puta
1013 2903 1044 2951 l..
1060 2913 1081 2953 a.

132 2972 157 3022 0.
172 2973 284 3035 deputa.
300 2974 374 3036 pili.
392 2972 489 3038 (sna).
518 2973 556 3035 Cf.
575 2973 607 3022 1..
626 2989 668 3023 ua.
692 2973 736 3022 Ta.
757 2974 783 3022 C.
809 2974 841 3022 de
858 2973 912 3030 Itis,
931 2974 1080 3038 quisaupu.

129 3042 160 3105 (n,
175 3043 199 3106 s)
217 3050 241 3091 et
259 3043 282 3104 5.
297 3055 330 3093 aa.
404 3040 426 3107 ⁴)
440 3042 568 3106 Suppteui.
597 3042 708 3093 masau
726 3043 806 3092 aditor
824 3043 855 3092 ab
872 3057 980 3107 sequeus
997 3043 1082 3092 simile

130 3113 224 3162 uoluer·
238 3138 273 3149 -
286 3110 365 3177 (quia)
379 3114 437 3162 edd.
453 3127 472 3164 1.
483 3126 504 3164 a.
554 3113 575 3179 ⁰)
590 3115 608 3163 i.
622 3129 644 3163 e.
658 3115 818 3163 aestimatum
831 3122 910 3169 essen·
925 3114 960 3176 cs.
970 3112 1002 3162 L.
1013 3125 1026 3164 a
1037 3115 1081 3163 cit.

130 3175 178 3248 ⁶)rl
196 3182 240 3247 (=
256 3183 328 3247 nunc)
343 3184 364 3232 si
379 3183 437 3233 Vct.
447 3184 506 3233 edd.
516 3185 562 3233 sed
573 3185 672 3246 sactum
685 3186 715 3233 id
723 3191 788 3247 puto
803 3199 838 3233 ex
850 3182 957 3248 ‘ci(pi),
972 3199 1028 3233 cum
1043 3186 1082 3233 iu·

128 3254 213 3316 sipide
228 3255 368 3316 imperator
382 3254 464 3311 dicat,
484 3255 512 3303 id
526 3256 595 3318 quod
607 3257 667 3304 clius
681 3256 863 3311 constituerat,
882 3256 958 3303 etiam
972 3269 1041 3303 nuuc
1053 3268 1083 3304 se

130 3325 201 3373 nelle.
254 3321 274 3388 ⁷)
288 3326 424 3387 conparasti
443 3325 502 3374 Vnt.
512 3326 570 3374 edd.
594 3325 721 3390 Intellipe,
737 3326 773 3373 ita
789 3332 815 3374 ut
828 3325 958 3375 venditari
971 3324 1000 3373 id
1011 3325 1082 3374 redi·

130 3409 198 3443 mere
211 3396 298 3445 liceat.
362 3391 383 3459 8)
403 3393 430 3443 V
431 3393 451 3443 ⁶¹.
470 3403 493 3443 ta
509 3395 632 3457 possidere
647 3397 686 3445 ed.
701 3395 795 3444 Holtw.
856 3392 877 3461 ⁹)
892 3397 909 3444 i.
924 3411 946 3445 e.
962 3394 1084 3444 barbaria

130 3465 233 3526 imperii
250 3465 356 3513 accolis.
386 3463 424 3520 Cf.
439 3465 470 3513 L.
486 3481 528 3512 un.
552 3464 595 3513 Tit.
613 3466 638 3514 C.
654 3466 685 3514 de
704 3473 774 3527 nupt.
792 3464 988 3529 peutil.(s,1s).
1019 3466 1083 3516 Coa·

129 3535 235 3583 stantia.
253 3533 383 3597 Porphyr.
398 3534 430 3582 de
444 3534 510 3582 adm.
526 3536 584 3596 imp.
600 3551 622 3583 c.
638 3545 670 3585 ts.
738 3532 771 3599 ¹⁰)
784 3534 914 3598 Suppieni.
943 3550 1010 3596 augg.
1026 3550 1083 3584 con·

130 3604 234 3652 stantino
248 3619 300 3665 aug.
321 3603 379 3653 Vat.
447 3599 480 3668 ¹¹)
494 3618 518 3651 a.
533 3615 580 3653 arn.
647 3600 679 3667 ¹²)
694 3604 731 3652 uel
751 3604 809 3652 Vct.
824 3605 881 3653 edd.
897 3611 957 3654 uota
972 3619 986 3652 n
1002 3620 1054 3667 pro
1069 3620 1084 3652 n

130 3682 245 3737 accepta.
304 3670 336 3738 ¹³)
352 3675 374 3722 in
390 3680 485 3720 nostros
499 3673 522 3720 la
538 3673 632 3720 obtutus
652 3673 709 3721 Vnt.
730 3673 753 3722 ia
768 3680 863 3723 nostros
878 3675 973 3722 obtutus
988 3673 1083 3724 liottw.

132 3744 245 3796 Moruma.
260 3744 318 3792 edd.
333 3769 367 3779 -
384 3742 489 3792 Factum
503 3741 551 3791 boc
565 3743 675 3799 videtur,
690 3757 746 3790 cum
762 3742 945 3793 Constantinus
958 3746 1022 3793 anui
1035 3755 1083 3794 stt.

131 3814 206 3863 initio
222 3813 302 3863 Roma
318 3812 493 3862 Mediolanum
503 3812 725 3875 proficisceretur,
740 3819 764 3860 et
779 3804 929 3863 Mediolu'ui.
993 3810 1025 3877 ¹⁴)
1040 3810 1086 3861 aa

129 3880 229 3931 Baebi.
245 3886 278 3945 cp'.
293 3881 428 3930 credulitati
447 3882 505 3930 Vat.
521 3882 578 3929 edd.
593 3882 660 3930 uude
669 3882 757 3944 possis
771 3888 870 3931 tentare
884 3882 1013 3932 sedulitati.
