2378 4386
276 549 334 585 tros.
354 549 387 584 nr
404 549 464 585 nou.
484 547 573 584 nsuvu
591 547 698 584 contar.
716 529 737 583 Ι.
757 533 834 585 6-8.
964 528 1028 592 649

78 677 201 752 lapidem.
225 694 279 753 quo
301 680 447 749 moriatur,
471 695 525 735 noo
548 677 726 751 pardulum,
752 685 780 734 et
801 678 926 740 ceciderit
947 693 1030 750 super

79 779 149 833 eum,
172 771 200 818 et
220 769 345 819 mortuus
367 762 464 827 lueritc
487 764 509 817 sl
532 770 621 818 autem
644 779 698 819 non
719 763 842 818 inimicus
857 763 916 817 elus
938 759 1029 830 luerit,

79 862 166 920 neque
195 848 339 918 quaesierit
365 845 523 901 malefacere
551 846 591 914 ei,
630 842 658 901 3.
681 844 832 902 iudicabitis
859 847 930 901 inter
958 860 1029 916 eum,

79 932 124 1004 qui
146 933 295 1004 percussit,
323 937 350 985 et
372 931 521 1002 proximum
544 930 644 984 mortui
666 929 813 985 secundum
835 928 932 985 indicia
953 928 1029 999 hacc,

77 1009 107 1070 4.
131 1023 158 1070 et
173 1013 319 1070 liberabitis
335 1028 530 1085 percussorem.

140 1097 204 1171 llap.
229 1097 269 1152 Vl.
313 1096 479 1168 Ulpianus
507 1094 596 1150 libro
624 1103 657 1150 et
685 1095 810 1165 titulo,
838 1097 897 1169 qui
925 1111 1029 1170 supra

78 1181 198 1238 relati:
243 1178 268 1236 1.
292 1180 494 1235 Distinctionem
516 1194 594 1233 casus
616 1185 644 1233 ct
665 1177 814 1234 uoluntatis
836 1180 863 1232 in
886 1179 1029 1235 homicidio

77 1267 188 1334 seruari,
211 1265 353 1336 ’rescripto
371 1254 508 1316 lladriani¹
531 1259 713 1320 confirmatur.
746 1255 776 1315 2.
793 1259 877 1315 Verha
892 1263 1029 1335 rescripti:

79 1347 123 1403 ‘Et
139 1349 184 1420 qui
201 1348 335 1402 hominem
353 1346 459 1413 occidit,
482 1343 586 1399 absolui
600 1344 678 1413 solet,
702 1337 829 1399 ’scilicet²
849 1345 871 1398 si
888 1359 943 1398 non
959 1344 1029 1400 occl-

78 1431 157 1486 dendi
173 1433 261 1485 animo
277 1429 304 1484 lcl
320 1428 440 1483 admisit:
464 1427 553 1498 etqui
576 1443 630 1482 non
651 1426 764 1491 occidit,
787 1425 834 1482 sed
858 1426 946 1483 uoluit
961 1427 1030 1482 occi·

78 1513 158 1582 dere,
186 1528 236 1583 pro
260 1510 391 1567 homicida
414 1510 564 1565 dannatur.
606 1507 635 1566 3.
664 1508 734 1565 Ere
756 1506 813 1584 ’(it)
839 1503 945 1582 ltaque³
966 1525 1030 1565 con·

79 1594 246 1649 stituendum
268 1603 310 1649 est
332 1587 562 1668 ’er(quirendo),⁴
584 1610 638 1667 quo
654 1594 726 1649 lerro
744 1595 878 1666 percussit
893 1592 1030 1667 tpatrott·

79 1686 132 1737 tus.
177 1677 242 1734 Nam
257 1680 280 1732 sl
295 1677 413 1750 gladluan
429 1678 574 1747 instrinxit,
598 1685 645 1732 aut
660 1675 715 1733 telo
730 1679 874 1750 percussit,
897 1677 959 1750 quial
981 1677 1030 1732 du·

78 1761 150 1817 hinnu
166 1769 217 1833 est,
237 1764 302 1835 quin
318 1761 456 1818 occidendi
472 1763 559 1817 auimo
577 1761 758 1833 percusserit?
785 1760 812 1816 Si
828 1761 905 1817 clane
920 1775 1029 1834 percus·

78 1847 123 1915 sit,
140 1854 187 1901 aut
202 1862 323 1917 cucuma,
339 1861 399 1900 curn
416 1844 489 1900 lorte
503 1846 649 1901 rixaretur:
664 1845 738 1900 lerro
754 1847 896 1918 percussit,
912 1844 1030 1900 sednon

79 1929 218 1986 occidendi
233 1937 332 1986 mente.
369 1923 398 1984 4.
422 1927 494 2002 Ergo
511 1929 563 1984 hoc
578 1929 718 2002 exquirite,
734 1930 799 1984 etsi
815 1928 942 1984 uoluntas
960 1927 1029 1984 occi·

78 2012 158 2068 dendi
181 2013 242 2085 luit,
266 2020 296 2068 ut
314 2012 474 2069 homicidam
496 2007 628 2069 'seruum⁶
649 2011 783 2085 supplicio
805 2004 919 2068 ’crucis⁸
939 2010 1030 2067 iubete
1118 2009 1121 2014 ’

77 2090 174 2156 adhci.⁷

142 2179 206 2254 llap.
230 2181 281 2240 vti.
324 2180 448 2238 Paulus
476 2179 566 2237 lihro
592 2173 708 2238 'sent.⁸
752 2181 893 2254 quinto,
922 2178 1029 2237 titulo

78 2279 143 2337 quo
159 2258 287 2337 supra.⁹
323 2261 348 2321 1.
373 2263 574 2331 contaminem
590 2263 697 2328 occidit,
714 2263 856 2338 aliquando
869 2263 1028 2335 ahsolultur,

77 2354 105 2401 et
127 2350 173 2420 qui
199 2364 253 2403 non
270 2348 382 2418 'occidit¹
406 2356 437 2403 ut
459 2347 590 2404 homicida
614 2348 767 2403 damnatur:
795 2347 937 2404 consillum
959 2349 1030 2404 enim

78 2432 305 2504 uniuscuiusque,
329 2448 382 2488 nou
405 2431 504 2487 lactum
526 2430 690 2505 puniendum
712 2440 764 2486 est.
805 2430 923 2504 ldeoque
945 2424 1030 2504 ’qui¹⁰

78 2529 139 2569 curn
154 2514 237 2571 uellet
252 2515 385 2585 occidere,
400 2508 488 2587 ’(ἰά)ιι
503 2531 567 2571 casu
578 2514 670 2588 aliquo
688 2523 844 2587 perpetrare
859 2529 913 2569 non
929 2514 1028 2586 potuit,

78 2604 109 2651 ut
124 2597 256 2655 homicida
273 2601 385 2672 punitur
392 2613 400 2666 ;
423 2607 451 2655 et
464 2602 498 2668 is,
522 2599 567 2671 qui
582 2614 644 2653 casu
660 2590 808 2672 ’(iuctu)¹¹
831 2596 878 2653 teli
894 2596 1028 2652 hominem

78 2682 262 2753 imprudenter
284 2682 402 2752 lenierit,
427 2681 585 2738 absoluitur.
628 2678 656 2738 2.
684 2674 818 2746 ¹²Quodsl
840 2681 868 2735 iu
890 2680 946 2733 risa
967 2694 1028 2752 per·

78 2780 174 2820 cussus
197 2766 277 2821 laomo
300 2767 426 2838 perierit,
455 2767 580 2839 quonlam
602 2765 670 2820 ictus
694 2778 803 2836 quoque
831 2763 905 2835 ipsos
934 2770 1027 2817 contra

78 2863 295 2922 unumquemque
312 2850 487 2922 contemplari
506 2854 624 2921 oportet,
640 2847 702 2902 ideo
718 2845 874 2901 humiliores
886 2847 912 2900 in
925 2844 1028 2917 ludum,

10 2939 65 2988 [⁵⁵2]
78 2939 124 2985 aut
139 2933 166 2986 iu
188 2933 324 2989 metallum
339 2933 516 3002 damnantur,
539 2932 709 2986 honestiores
731 2928 836 2985 dimidia
852 2936 928 3002 parte
943 2928 1028 2984 hono·

77 3030 137 3069 rum
152 3016 257 3071 multati
272 3016 439 3089 relegantur.

140 3098 204 3172 llap.
228 3099 292 3159 Vlll.
342 3101 424 3156 ltem
453 3098 688 3171 Gregorlanus
716 3094 822 3151 'libro
852 3088 959 3154 xtv.¹³
991 3095 1027 3151 ad

151 3247 170 3313 ¹)
185 3250 223 3299 De
233 3265 282 3313 qno
292 3251 327 3314 cf.
338 3251 369 3300 t.
380 3264 399 3301 1.
415 3252 438 3312 §-
448 3263 468 3302 a.
484 3250 515 3298 D.
527 3251 562 3299 nd
571 3253 619 3314 lep.
632 3249 707 3299 Corn.
719 3249 808 3299 decio.
820 3247 865 3314 (48,
875 3245 906 3310 8).
946 3242 966 3312 ¹)
976 3245 1027 3296 Eu.

77 3319 145 3368 Pith.
161 3320 204 3368 secl
221 3320 296 3381 Cata,
311 3328 397 3370 natum
411 3337 446 3369 eac
459 3321 511 3369 scil.
576 3318 597 3385 ⁸)
617 3321 676 3370 Vid.
691 3320 723 3369 L.
738 3334 757 3370 1.
776 3321 818 3368 cit.
884 3315 905 3382 ⁴)
920 3331 947 3366 cx
964 3317 1025 3368 Cdd.

76 3398 99 3437 et
112 3405 147 3439 en
162 3390 230 3439 Pera.
241 3393 274 3453 φ’.
285 3392 324 3440 ed.
335 3391 375 3439 Bl.
402 3390 475 3450 Quod
483 3393 663 3454 supplevimus,
673 3390 704 3440 ob
718 3389 911 3439 similitudinem
920 3403 1028 3452 sequen-

76 3461 137 3508 tium
152 3476 240 3510 uocum
254 3463 383 3510 excidisse
397 3462 513 3515 uidetur:
527 3462 560 3517 cf.
576 3463 600 3522 ξ.
610 3474 631 3512 a.
683 3459 704 3526 ⁵)
721 3459 782 3508 Cdd.
798 3473 922 3508 seruorum
936 3459 975 3507 cd.
985 3457 1026 3507 Bl.

76 3526 97 3594 θ)
112 3545 165 3579 cnm
181 3532 231 3579 inre
246 3530 276 3580 B.
301 3546 329 3580 eo
348 3532 398 3579 iure
423 3530 464 3578 Vi.
488 3545 540 3578 cnm
561 3532 611 3578 iure
635 3530 679 3579 Vc.
712 3528 802 3578 Omnia
819 3530 975 3592 locosancto
993 3543 1028 3578 eac

71 3603 159 3662 prima
173 3603 261 3650 littera
277 3602 354 3650 crucis
370 3616 421 3663 pro
435 3603 501 3664 siplo
515 3599 610 3648 habita.
634 3600 699 3648 cruci
714 3600 754 3648 ed·
769 3599 808 3648 Bi.
874 3596 895 3663 ἵ)
910 3598 941 3647 Β.
956 3598 1027 3659 adilgi

80 3670 120 3720 Vi.
142 3670 187 3723 Vc.
202 3672 241 3721 ed.
257 3670 297 3720 Bi.
317 3671 375 3719 Via.
394 3670 468 3718 Paul.
483 3669 510 3718 S.
527 3669 557 3718 it.
572 3680 635 3727 mut.
652 3670 705 3730 §.t
758 3665 780 3734 8)
796 3671 879 3718 tertius
899 3668 940 3716 Vi.
955 3669 1026 3717 tertio

74 3739 105 3788 B.
126 3741 181 3799 Vc,
197 3743 271 3791 initio
286 3756 321 3792 so.
338 3749 391 3790 tert,
403 3755 455 3804 pro
470 3748 529 3788 sent.
546 3747 572 3788 ut
587 3741 613 3786 in
630 3738 740 3787 Censuit.
756 3755 778 3788 c.
793 3751 813 3790 a.
865 3735 934 3801 'ln
950 3737 1025 3788 Paul.

74 3808 100 3856 S.
118 3810 147 3859 ti.
164 3814 307 3873 5,2³.§.³.
361 3809 392 3872 ¹⁰)
410 3809 461 3859 One.
475 3809 506 3858 B.
526 3810 545 3858 si
566 3809 607 3857 Vt.
627 3808 671 3857 Ve.
687 3809 726 3858 ed.
741 3808 781 3857 Bl.
841 3805 1025 3872 ¹¹)Ita12aar.

79 3878 134 3927 Vis.
203 3878 236 3947 ¹²)
253 3883 290 3944 Cf.
306 3882 337 3929 L.
353 3893 386 3931 tt.
410 3880 442 3929 D.
462 3880 497 3929 ad
515 3881 562 3944 lep.
580 3879 655 3928 Coro.
669 3878 701 3927 de
714 3880 761 3931 sic.
776 3878 824 3942 (te,
839 3876 870 3942 8).
937 3872 970 3940 1³)
987 3876 1024 3937 Cf.
