2378 4386
10 19 1164 393 -

418 644 550 681 unumve
568 643 663 680 ῈᾸΒΠΙ
680 643 783 680 Pteron.
1064 633 1082 690 3

185 771 214 831 2.
237 815 245 831 .
270 818 277 830 .
300 774 371 828 sicut
386 770 515 827 Veranius
530 787 562 826 ex
577 773 663 844 primo
677 762 760 825 libro¹
775 768 890 824 Pictoris
905 769 941 823 ita
956 767 1084 823 disserta-

121 860 224 915 tionem
244 858 324 913 huius
340 855 415 911 uerbi
431 864 559 911 executus
574 864 628 910 est:
652 852 728 910 ‘Exta
744 855 929 926 porriciunto,
945 852 986 906 dis
1002 851 1083 906 danto

121 944 150 998 iu
165 941 259 997 altaria
278 955 385 995 aramue
401 939 527 996 iocumue
543 954 628 1010 eoue,
650 954 704 1011 quo
720 946 778 994 exta
794 938 850 992 dari
867 935 1024 993 debebunt’.
1042 963 1085 975 -

121 1024 237 1085 llacrob.
253 1024 309 1080 Sat.
326 1024 356 1094 3,
373 1023 401 1080 2.
418 1024 446 1093 S.
463 1023 492 1083 3.

185 1104 212 1166 ³.
235 1108 417 1164 caerimoniae
432 1108 571 1180 impositae
587 1105 686 1161 damini
702 1104 765 1160 Diali
781 1105 893 1171 multae,
914 1106 978 1160 item
994 1110 1083 1157 castus

81 1192 295 1266 rssmulupltces,
318 1208 387 1265 quos
405 1193 432 1246 in
454 1191 540 1261 libris,
564 1189 661 1262 quide
681 1188 866 1246 sacerdotibus
881 1187 996 1262 publicis
1011 1203 1084 1242 com·

121 1277 206 1350 positi
221 1284 298 1347 suut,
322 1277 386 1330 item
406 1276 433 1330 in
449 1273 521 1330 uano
537 1274 650 1330 Pictoris
667 1274 794 1329 librorum
810 1276 896 1346 primo
912 1273 1031 1344 scriptos
1046 1270 1085 1325 le·

122 1362 228 1433 gimus;
251 1359 320 1415 unde
342 1358 409 1414 haec
430 1359 512 1413 lerme
533 1367 614 1430 sunt,
636 1374 704 1431 quae
723 1349 984 1413 commeminimusz²
1010 1354 1084 1428 Equo

121 1442 221 1498 llialetn
237 1443 369 1498 flaminem
385 1442 448 1496 uehi
463 1442 560 1515 religio
576 1451 626 1510 est,
644 1438 691 1515 (et)
707 1441 819 1496 classem
834 1442 998 1513 procinctam
1011 1447 1085 1493 extra

121 1529 284 1600 pomerium,
300 1526 326 1581 id
343 1533 387 1581 est
401 1526 547 1580 exercitum
562 1533 709 1593 armatum,
725 1524 829 1590 uidere3
848 1523 949 1578 idcireo
964 1530 1086 1576 rarenter

122 1609 220 1666 damen
236 1609 314 1664 liialis
330 1616 436 1664 creatus
452 1606 547 1662 consul
563 1614 620 1677 est,
641 1622 701 1661 cuin
719 1606 789 1660 bella
810 1605 965 1661 consulibus
982 1604 1086 1658 manda·

121 1693 231 1750 bantur.
263 1695 328 1747 item
344 1692 432 1744 iurare
448 1688 545 1742 Dialem
562 1688 599 1742 las
615 1704 752 1759 nunquam
767 1696 817 1743 est.
850 1689 912 1742 item
932 1687 1031 1743 annulo
1047 1688 1086 1742 uli

121 1778 177 1833 nisi
199 1776 295 1846 perulo
316 1788 449 1844 cassoque
470 1771 508 1825 las
523 1786 577 1826 non
594 1779 647 1826 est.
677 1773 767 1843 ignem
782 1787 796 1826 e
812 1769 925 1826 daminia
940 1771 967 1827 id
983 1780 1025 1827 est
1040 1770 1086 1827 lla·

121 1859 204 1915 ruinis
221 1855 299 1912 liialis
320 1855 401 1911 domo
417 1856 469 1910 nisi
482 1871 586 1911 sacrum
602 1855 691 1910 ellerri
706 1856 748 1910 ius
763 1871 817 1911 non
834 1863 883 1911 est.
919 1858 1048 1926 uinctum,
1063 1858 1085 1911 si

122 1942 206 1999 aedes
223 1942 281 1996 eius
296 1940 446 2008 introierit,
468 1939 538 1995 solui
554 1955 695 1995 necessum
710 1948 752 1994 est
766 1948 793 1995 et
810 1939 917 1996 uincula
929 1957 978 2014 per
992 1940 1087 2013 implu-

123 2029 198 2082 uium
215 2026 242 2080 in
259 2023 365 2096 tegulas
379 2021 493 2078 subduci
507 2032 587 2097 atque
602 2025 664 2079 inde
679 2023 752 2080 ieras
767 2024 794 2079 in
809 2026 880 2082 uiam
896 2024 1009 2081 demitti.
1033 2025 1086 2082 No·

123 2111 187 2166 dum
211 2110 237 2164 in
253 2110 327 2180 apice
342 2123 431 2179 neque
447 2110 473 2162 in
489 2109 578 2163 cinctu
593 2124 681 2181 neque
695 2109 723 2163 in
738 2109 786 2163 alia
801 2117 878 2181 parte
893 2110 977 2165 ullum
995 2110 1084 2165 habet.

122 2195 146 2249 sl
163 2195 224 2266 quis
238 2192 271 2247 ad
287 2190 484 2247 uerberandum
498 2191 623 2261 (lucatur,
639 2193 662 2247 si
677 2191 709 2246 ad
724 2193 807 2265 pedes
822 2195 880 2248 eius
896 2195 1007 2265 supplex
1024 2210 1086 2265 pro-

123 2276 263 2347 cubuerit,
284 2291 317 2331 co
339 2274 382 2330 die
396 2274 530 2331 uerberari
546 2275 680 2348 piaculum
697 2283 748 2332 est.
777 2276 903 2350 capillum
919 2277 1013 2343 llialis,
1036 2277 1085 2330 nisi

125 2361 173 2432 qui
194 2360 260 2415 liber
281 2360 362 2414 homo
388 2367 444 2422 est,
472 2375 525 2414 non
551 2352 718 2416 'detondet.³
747 2376 851 2433 capram
873 2369 900 2415 et
921 2376 1027 2414 carnem
1046 2360 1085 2413 in·

125 2451 230 2500 coctana
251 2452 278 2499 et
299 2443 426 2498 hederam
446 2450 473 2499 et
495 2442 579 2497 labam
600 2459 688 2515 neque
705 2453 814 2516 taugere
830 2444 895 2499 lliali
909 2461 968 2500 mos
984 2452 1026 2500 est
1040 2459 1086 2497 ne·

125 2542 180 2599 que
194 2530 341 2582 nominare.
367 2527 531 2599 propagines
547 2541 561 2579 e
577 2526 677 2580 ultibus
692 2527 771 2582 altius
788 2537 943 2599 praelautos
958 2545 1013 2582 non
1025 2543 1085 2582 suc-

126 2609 207 2668 cedit.
241 2610 323 2682 pedes
344 2609 422 2680 lecti,
445 2611 471 2664 in
493 2624 547 2681 quo
569 2606 661 2677 cubat,
682 2608 740 2664 luto
757 2613 830 2665 tenui
845 2611 1010 2666 circumlitos
1026 2626 1086 2665 esse

127 2699 254 2764 oportet,
282 2692 363 2749 etde
385 2710 418 2748 eo
438 2693 510 2749 lecto
533 2692 688 2746 trinoctium
709 2694 865 2748 continuum
887 2709 941 2748 non
962 2692 1086 2762 decubat,

125 2791 216 2848 neque
236 2776 261 2831 ln
282 2792 314 2832 eo
336 2777 408 2832 lecto
429 2775 527 2833 cubare
548 2775 630 2830 alium
652 2775 689 2829 las
710 2782 767 2842 est;
788 2771 917 2848 denique⁴
938 2775 1009 2847 apud
1030 2777 1087 2829 eius

124 2860 189 2916 lecti
216 2859 331 2916 fulcrum
357 2860 492 2934 capsulam
517 2876 576 2915 esse
599 2875 659 2914 cum
678 2867 755 2914 strue
774 2866 855 2930 atque
877 2859 947 2913 iusto
969 2867 1086 2931 oportet.

125 2945 258 3017 unguium
273 2944 350 2999 Dialis
366 2949 393 2999 et
408 2945 495 3018 capilli
510 2945 631 3017 segmina
648 2942 741 2999 subter
756 2942 879 2999 arborem
895 2942 998 3000 felicem
1016 2952 1086 3000 terra

124 3029 295 3102 operiuntur.
332 3028 411 3083 liialis
432 3027 552 3102 quotidie
573 3027 687 3083 iestatus
708 3037 758 3083 est.
788 3030 847 3083 sine
867 3029 942 3101 apice
957 3027 1008 3083 sub
1023 3029 1086 3085 diuo

124 3128 187 3168 esse
201 3110 303 3167 licitum
319 3127 374 3166 non
390 3119 441 3169 est.
471 3111 522 3166 sub
536 3120 608 3167 tecto
622 3113 663 3166 uti
678 3111 781 3177 liceret,
802 3129 855 3168 non
871 3114 973 3185 pridem
989 3130 1002 3167 a
1018 3130 1085 3185 pon·

125 3193 244 3252 tilicibus
265 3197 462 3266 constitutum,
483 3194 615 3250 llasurius
630 3194 744 3250 Sabinus
760 3198 883 3270 scripsit,
900 3197 990 3252 atalia
1007 3214 1087 3269 quae·

123 3279 186 3335 dam
212 3281 323 3335 remissa
351 3282 491 3353 gratiaque
516 3279 621 3353 aliquot
646 3281 866 3336 caerimoniarum
892 3281 959 3336 lacta
979 3281 1085 3338 dicitur.

123 3362 250 3419 Farinam
266 3362 399 3419 fermento
415 3362 542 3418 imbutam
558 3366 692 3436 attingere
707 3366 731 3419 ei
747 3365 785 3419 ias
802 3373 916 3422 nonest.
943 3368 1032 3421 tunica
1048 3368 1087 3421 in-

126 3448 200 3519 tima,
218 3448 268 3502 nisl
284 3448 312 3502 iu
328 3445 396 3505 locis
412 3448 499 3511 tectis,
515 3465 570 3503 non
585 3449 659 3503 exuit
674 3465 712 3511 se.
729 3444 784 3522 (ne)
802 3448 852 3503 sub
867 3449 944 3505 coelo
961 3459 1087 3521 tauquam

199 3600 221 3668 ¹)
228 3611 309 3667 puta:
318 3605 527 3668 iuriapontiflcit',
537 3607 582 3668 qui
589 3604 651 3653 libri
658 3606 716 3654 item
723 3604 845 3666 deinceps
852 3606 1014 3669 intelligendi
1020 3613 1087 3662 sunt,

125 3674 170 3724 uti
178 3675 248 3724 aliua
262 3676 353 3724 titulus
367 3676 517 3738 adscriptus
526 3690 576 3725 non
587 3682 632 3724 est.
658 3670 678 3738 ²)
695 3673 854 3734 Necessaria,
864 3683 1088 3739 praesequantur,

123 3760 161 3795 ea:
176 3744 257 3795 Fabio
275 3746 408 3810 desumpta
422 3760 489 3803 ease,
505 3748 593 3808 polam
607 3752 653 3795 est.
687 3741 831 3809 ³)delonset
846 3747 903 3795 edd.
937 3744 958 3809 ⁴)
973 3745 1074 3806 Scripsi
1079 3761 1089 3797 ,-

124 3830 203 3880 neqne
218 3822 278 3865 ante
291 3816 363 3865 alium
378 3817 468 3866 addito
482 3831 511 3865 ne
527 3816 606 3880 (quod
616 3817 755 3880 fugitivum
769 3823 793 3865 et
812 3824 932 3864 mactatum
947 3830 981 3862 ea·
995 3815 1089 3860 deesse

124 3886 240 3952 videtur)
257 3885 318 3936 cdd.
334 3883 437 3954 ne[que]
453 3887 524 3936 aliurn
537 3888 573 3936 las
588 3894 625 3935 est
639 3900 715 3948 neque
729 3893 787 3947 aput
797 3921 803 3934 .
814 3921 820 3934 .
832 3922 838 3933 .
849 3887 909 3946 Aput
924 3884 976 3931 eius
990 3890 1037 3931 etc.
1048 3881 1088 3928 ed.

125 3956 217 4007 Hertz.

840 4040 876 4088 1*
