2378 4386
393 573 459 607 nunu
477 572 572 608 rernm
590 572 661 608 seur.
679 553 713 608 11.
733 562 775 610 ³1.
996 551 1062 616 489

109 702 137 764 2.
161 704 308 760 furtorum
323 719 423 776 genere
437 711 501 758 eunt
517 710 658 774 quattuor:
680 702 830 771 manifesti,
851 719 901 760 nec
916 704 1060 774 manifesti,

110 789 237 861 concepti
252 796 279 843 et
295 787 386 842 oblati.
424 786 582 841 manifestus
598 785 642 842 fur
657 794 708 858 est,
724 787 812 859 quiin
828 786 949 844 faciendo
965 787 1060 861 depre-

111 874 212 930 hensus
227 878 278 940 esi,
296 871 384 943 etqui
400 869 469 924 intra
485 870 612 925 terminos
627 871 685 925 eius
700 869 763 938 foci,
779 869 850 925 unde
865 870 928 943 quid
944 871 1061 928 sustule-

110 966 162 1026 rat,
184 957 255 1012 'cum
270 970 300 1010 re
316 946 520 1026 depreirenens¹
544 963 597 1025 est,
620 952 664 1008 uei
680 964 823 1026 antequam
838 954 870 1009 ad
886 970 946 1010 eum
962 955 1061 1027 iocum,

111 1057 165 1114 quo
188 1036 242 1111 ’(eo
256 1030 331 1109 dio)²
354 1037 545 1104 destinauerat,
562 1029 751 1109 'peruenerit'
781 1053 830 1093 uec
845 1037 1003 1095 manifestus
1019 1039 1063 1095 fur

109 1132 161 1194 esi,
179 1124 269 1196 quiin
286 1120 407 1178 faciendo
424 1119 530 1192 quidem
545 1115 622 1192 ’(ιιεὶ)
639 1136 699 1175 cum
716 1116 767 1193 (re)
784 1115 988 1194 deprehensus⁴
1007 1138 1063 1178 non

110 1216 168 1278 est,
192 1206 240 1262 sed
263 1198 397 1261 'furtum⁵
418 1202 514 1259 fecisse
537 1205 629 1276 negari
656 1220 710 1259 nou
731 1212 833 1276 potest.
881 1200 912 1262 8.
934 1205 1062 1280 Concepti

111 1292 216 1348 actione
230 1291 255 1345 fe
271 1296 395 1357 tenetur,
417 1285 487 1360 apud
503 1302 582 1358 quem
598 1287 698 1342 furtum
715 1288 865 1361 quaesitum
880 1296 908 1344 et
922 1290 1063 1344 inuentum

111 1382 168 1431 esi:
191 1372 274 1430 oblati
296 1372 402 1427 actione
417 1372 440 1425 is
462 1376 585 1440 tenetur,
608 1372 654 1442 qui
678 1384 735 1425 rem
751 1370 877 1428 furtiuum
893 1371 937 1428 aiii
953 1371 1062 1444 obtulit,

112 1472 145 1514 ne
168 1456 239 1531 apud
262 1471 291 1510 se
313 1455 491 1511 inueniretur.
535 1449 564 1507 4.
587 1451 663 1508 furti
685 1455 790 1510 actione
812 1455 834 1509 is
857 1470 938 1527 agere
959 1462 1062 1529 potest,

112 1542 190 1598 cuius
211 1542 343 1607 interest,
372 1553 428 1592 rem
459 1552 511 1592 uon
541 1531 677 1608 'perisse.⁰
729 1532 758 1593 6.
780 1535 909 1611 Concepti
936 1539 1063 1613 isagere

112 1631 217 1699 potest,
232 1623 278 1694 qui
292 1637 348 1677 rem
363 1622 486 1693 concepit
504 1612 573 1695 ['(id)
590 1612 649 1676 est⁷
671 1614 797 1697 inuenit].
841 1620 924 1677 obiaii
945 1623 1064 1696 isagere

115 1713 224 1780 potest,
246 1720 328 1778 penes
354 1719 434 1776 quem
460 1719 503 1758 res
529 1710 660 1777 concepta
683 1697 760 1781 [fidi
782 1697 843 1760 est⁸
865 1699 988 1783 inuenta]
1011 1714 1063 1763 est.

113 1786 144 1848 6.
168 1784 316 1845 ⁹ifanifesii
332 1787 399 1843 furti
414 1788 484 1842 actio
498 1795 525 1842 et
541 1804 591 1843 uec
606 1788 740 1844 manifesti
756 1795 783 1842 et
798 1791 922 1862 concepti
936 1796 965 1844 et
980 1789 1064 1845 oblati

112 1873 206 1931 heredi
221 1871 330 1946 quidem
345 1873 485 1944 competit,
500 1871 587 1926 sedin
603 1871 728 1927 heredem
744 1887 798 1926 uon
809 1871 898 1928 datur.
931 1868 959 1928 7.
976 1865 1064 1928 ¹⁰Ser·

115 1974 183 2029 uus,
205 1957 252 2030 qui
274 1954 376 2010 furtum
400 1952 495 2010 fecerit
516 1954 676 2011 damnumue
691 1953 811 2025 dederit,
834 1957 886 2011 nisi
901 1955 926 2012 id
950 1972 1000 2030 pro
1021 1956 1064 2011 sui

115 2042 264 2115 quantitate
286 2039 411 2095 dominus
434 2039 533 2093 sarcire
555 2040 591 2093 sit
613 2047 737 2110 paratus,
772 2053 856 2094 noxae
877 2038 938 2094 dedi
960 2048 1064 2113 potest.

114 2122 145 2185 8.
169 2118 229 2179 ¹¹st
250 2139 346 2179 seruus
370 2121 471 2176 furtum
486 2121 592 2193 fecerit,
613 2121 710 2178 deinde
730 2123 908 2178 manumissus
924 2122 1005 2180 fuerit
1018 2128 1067 2179 aut

116 2209 260 2278 alienatus,
283 2222 343 2262 cum
359 2207 418 2278 ipso
434 2207 596 2261 manumisso
613 2206 655 2261 uei
671 2215 793 2278 emptore
809 2207 852 2278 agi
866 2214 973 2279 potes13
994 2223 1066 2264 nona

116 2293 186 2349 euim
207 2298 288 2364 caput
309 2290 441 2362 sequitur.
485 2284 516 2344 9.
541 2282 767 2345 ¹²filiusfamilias
789 2291 812 2345 si
834 2291 939 2347 furtum
960 2290 1066 2362 feeerit,

116 2374 213 2432 deiude
228 2375 421 2446 emancipetur,
437 2370 501 2427 furti
517 2374 587 2428 actio
603 2374 628 2427 in
645 2388 706 2428 eum
718 2372 812 2441 datur;
828 2375 889 2446 quia
901 2375 928 2430 fn
942 2373 1066 2431 omnibus

115 2475 184 2516 noxa
200 2467 279 2531 caput
295 2459 429 2529 sequitur.
466 2450 511 2512 10.
536 2448 626 2511 ¹³Nou
649 2463 751 2511 tantum
775 2458 822 2529 qui
837 2456 939 2513 furtum
962 2458 1066 2529 fecerit,

115 2543 164 2599 sed
186 2543 265 2599 etiam
281 2544 319 2608 is,
341 2542 417 2595 cuius
439 2538 500 2611 'ope
511 2532 535 2573 11
550 2546 595 2592 aut
611 2538 724 2594 consilio
740 2539 842 2595 furtum
858 2539 957 2595 factum
974 2541 1065 2611 fuerit,

59 2630 104 2682 ¹0³1
115 2625 181 2682 furti
196 2627 302 2682 actione
317 2615 474 2679 'tenetur.¹⁶
519 2614 589 2677 1111.
611 2620 659 2676 uei
674 2620 860 2690 hereditariae,
875 2630 1018 2693 antequam
1033 2621 1066 2678 eb

115 2708 214 2766 herede
229 2707 411 2782 possideatur,
426 2706 528 2761 furtum
544 2704 601 2762 fieri
613 2720 666 2760 non
679 2712 779 2776 potest.
817 2697 872 2780 [12.
890 2695 968 2770 11Ουί
980 2720 1066 2761 mere·

116 2794 210 2850 tricem
237 2790 353 2847 libidinis
376 2805 455 2845 causa
477 2790 565 2862 rapuit
587 2797 614 2844 ei
636 2788 749 2858 ceinuit,
779 2804 842 2843 eum
869 2802 977 2861 quoque
1000 2787 1067 2845 furti

189 2993 209 3060 ¹)
224 2994 386 3057 deprehensus
403 2993 464 3042 Cdd.
475 2993 532 3041 edd.
544 2993 594 3040 oid.
608 2992 696 3042 Cofiert.
749 2988 770 3056 1)
785 2992 885 3041 Addidi
889 3008 899 3047 5
912 2992 963 3041 oid.
976 2991 1066 3042 Colide.

117 3062 245 3130 ¹)Coiiat.
261 3072 285 3114 et
301 3065 362 3113 Cdd.
382 3074 414 3114 eo.
431 3075 463 3114 ee.
489 3064 625 3127 perueniret
645 3063 706 3112 Cdd.
723 3064 817 3127 pleriq.
840 3063 896 3112 edd.
961 3060 984 3129 ⁴)
1006 3063 1066 3113 Vici.

118 3136 207 3186 Coliat.
227 3136 389 3199 deprehensus
410 3134 471 3183 cuci.
491 3134 547 3181 edd.
618 3131 639 3198 1)
658 3147 711 3181 eum
733 3134 819 3182 furium
842 3133 903 3183 Cdd.
924 3133 983 3183 edd.
1007 3133 1067 3185 Vnt.

118 3206 208 3257 Cotini.
276 3202 296 3269 1)
312 3204 352 3253 lin
369 3204 430 3252 Cdd.
442 3218 526 3266 paene
540 3217 632 3252 omnes.
663 3203 701 3266 Cf.
717 3205 739 3265 ξ.
756 3216 789 3255 ne.
809 3203 942 3267 perdidisse
956 3204 1014 3253 edd.

118 3273 139 3342 1)
154 3283 178 3325 et
193 3275 256 3326 Cdd.
271 3276 329 3325 edd.
387 3271 409 3338 1)
423 3281 446 3321 et
462 3274 523 3323 Cdd.
538 3274 596 3322 edd.
624 3272 659 3322 Et
672 3274 715 3323 fiio
729 3281 810 3323 tamen
825 3282 849 3323 et
862 3280 938 3323 antea
952 3273 1030 3325 verba
1045 3275 1069 3324 id

117 3354 154 3396 est
169 3347 264 3396 inuenta
279 3344 314 3408 (id
329 3352 365 3393 eet
380 3343 479 3406 inuenit)
495 3346 520 3393 iu
533 3346 693 3408 pfoseemntie
706 3346 877 3408 suspicionem
891 3346 1001 3394 veniunt.

117 3413 140 3482 1)
160 3418 199 3481 Cf.
220 3417 251 3464 L.
272 3428 291 3466 1.
316 3415 348 3464 D.
368 3415 399 3463 de
414 3417 484 3477 prio.
504 3415 553 3463 def.
573 3414 622 3478 (it,
643 3412 671 3477 1).
698 3414 729 3462 L.
744 3426 778 3465 st.
802 3412 1068 3480 Ι).(1ε[ιιν1.(1·1,1).

117 3486 149 3536 Ι..
165 3500 211 3538 ιιι.
231 3488 255 3548 5.
271 3498 290 3535 ι.
315 3486 347 3533 D.
362 3486 394 3534 de
408 3486 458 3534 diu.
474 3500 526 3549 rep.
543 3492 593 3533 tur.
609 3484 657 3548 (50,
672 3482 717 3548 tu).
790 3481 821 3548 11)
837 3484 955 3533 Puuiium
973 3490 1069 3534 mutata

116 3564 190 3607 extat
205 3560 231 3606 in
247 3556 295 3605 Ed.
315 3555 437 3604 Tdeoder.
454 3567 499 3605 ttt.
527 3554 565 3615 Cf.
580 3557 628 3617 icy.
645 3553 714 3603 Rom.
731 3553 811 3618 Bury.
829 3566 850 3605 t.
870 3561 894 3602 et
914 3553 971 3603 Gai.
989 3566 1015 3612 e,
1034 3565 1067 3607 ue.

119 3623 152 3690 ¹¹)
167 3627 251 3676 Extat
264 3633 361 3675 mutata
375 3627 451 3674 etium
470 3627 495 3673 in
511 3624 560 3672 Ed.
580 3623 701 3672 Theodec.
717 3635 763 3674 tiu.
793 3624 831 3686 Os.
848 3623 904 3672 Gai.
919 3636 946 3680 4,
963 3634 996 3674 ui.

119 3692 208 3763 11)οβ
225 3696 281 3746 Gai.
292 3699 308 3745 l.
320 3713 342 3745 c.
392 3692 423 3760 11)
438 3696 476 3758 Cf.
490 3693 545 3742 Gai.
557 3705 577 3749 e,
588 3704 634 3743 eos.
683 3689 715 3758 ¹⁴)
725 3694 815 3757 Aliqui
826 3693 887 3742 Cdd.
898 3708 971 3756 opera
982 3695 1065 3757 pleri·

116 3782 165 3832 quse
178 3775 207 3821 ef,
217 3768 274 3816 edd.
290 3766 450 3831 (facientem
465 3778 510 3828 ope
524 3770 629 3825 accepia
645 3777 721 3826 ppro
731 3762 809 3825 noto).
859 3759 891 3826 11)
909 3763 970 3811 Cdd.
982 3778 1066 3826 paene

116 3850 209 3887 omnes.
234 3837 352 3885 tenebitur
365 3835 423 3885 edd.
476 3831 508 3899 11)
523 3832 603 3882 Eud.
620 3831 676 3880 Ver.
698 3832 736 3895 (Υ.
750 3832 806 3881 Gai.
816 3844 837 3889 s.
848 3843 893 3883 ποι.
943 3829 975 3897 11)
991 3831 1069 3881 Recte

115 3906 184 3958 donc
198 3907 354 3970 Inter-pretia
368 3907 518 3956 sententium
533 3917 595 3960 cere,
611 3902 732 3950 Cufocius
746 3903 850 3951 censuit.
881 3901 918 3963 Cf.
933 3903 957 3962 ἕ.
972 3912 1005 3951 ⁸1.
