2378 4386
113 527 177 591 160
549 545 635 580 ains,

110 684 163 723 nec
181 668 293 722 omnino
311 663 511 729 dubitandum,
530 664 600 717 Gaio
617 664 744 730 inprimis
762 663 859 718 deberi
877 680 941 717 enm
958 666 1062 719 studio·

110 752 172 788 rum
186 732 320 796 ordinem,
334 747 417 799 quem
430 730 600 783 lastinianus
616 731 705 782 tradit
715 729 876 798 primusque
889 747 982 783 rursus
1000 747 1062 785 cum

110 795 1062 918 llillll·plplltllmlullliiioilill¹¹lt⁰l¹e⁸0⁰ll²ltllli⁰‘ll

110 883 168 920 sicu
266 882 317 917 rim
1001 883 1062 918 rum

110 932 229 994 libellus,
245 882 297 999 iqui
315 947 378 984 cum
396 879 516 998 puberpta
563 929 623 982 eius
640 930 792 997 prodierat,
811 932 931 983 exeunte
949 929 1062 984 demum

109 1000 277 1079 liberaurep.
296 997 388 1073 edicto
405 997 542 1073 praetoris
560 998 695 1061 cesserat,
714 997 800 1075 etiam
816 996 953 1074 iu'altera
969 1000 1062 1072 aetate

110 1062 1063 1208 altilii.tltttlttttlltztttitttll}tlt‚tolliiit

111 1211 190 1274 perio
203 1198 351 1274 Iustiniani
363 1212 453 1250 novae
471 1201 668 1265 compositioni
680 1197 787 1250 cedere.
817 1198 862 1261 At,
880 1214 979 1265 inquis,
993 1198 1063 1251 baec

112 1279 208 1319 omnia
220 1267 303 1319 certis
316 1264 483 1317 testimoniis
495 1280 551 1317 non
562 1265 698 1318 nituntur.
728 1265 833 1327 Andi03
851 1264 900 1317 sed
912 1265 1063 1317 maximam

111 1348 146 1387 ea
162 1331 266 1385 habere
285 1330 515 1399 probabilitatem
534 1347 589 1385 non
607 1331 689 1386 facile
707 1347 742 1384 ne
765 1331 831 1395 abit,
851 1331 899 1398 qui
916 1331 991 1399 ipsas
1008 1349 1062 1396 res,

112 1417 146 1455 ex
184 1400 271 1476 uibus·
284 1400 451 1475 argumenta
469 1398 606 1476 duximus,
625 1401 701 1452 recto
718 1348 822 1452 iudicio
838 1399 1029 1476 perpenderit.

192 1483 238 1520 am
250 1482 273 1519 si
290 1465 343 1518 hoo
357 1464 420 1518 Gaii
431 1482 584 1535 ingenium,
604 1467 627 1520 si
644 1466 702 1519 tale
720 1466 805 1519 totius
817 1468 892 1519 vitae
904 1468 1064 1519 institutum

113 1535 187 1597 erat,
207 1535 239 1585 ut
256 1534 342 1586 etiam
360 1531 525 1586 discriminis
543 1533 621 1603 origo
640 1549 748 1595 eorum,
768 1533 817 1600 qui
833 1533 876 1587 ius
893 1532 1004 1600 publice
1022 1549 1064 1585 re·

113 1599 683 1733 {atttriti,telltltlittt‘tl
699 1599 1064 1730 iil¹¹tli⁰·n‘il⁸i'll¹³ie

112 1733 147 1787 de
172 1748 263 1786 exous.
287 1738 334 1797 at,
359 1739 380 1788 t.
405 1733 436 1785 1..
455 1739 476 1788 t.
500 1739 523 1798 ς,
543 1739 566 1787 o.
585 1709 619 1785 D?
642 1733 677 1786 de
701 1733 840 1786 extraord.
858 1749 937 1800 cogn.
956 1740 1001 1797 50,
1023 1738 1064 1798 13)

113 1800 149 1854 ab
167 1814 201 1854 eo
213 1799 389 1868 potissimum
402 1799 558 1865 repetenda
569 1798 706 1864 videatur,
723 1801 790 1866 quid
803 1802 904 1852 mirum
918 1803 969 1866 est,
989 1800 1064 1868 quod

112 1865 831 1998 ¹¹tetigitte..tilloitnteit.illito
855 1869 1012 1986 {iilius
1021 1868 1066 1986 1¹0¹}
1075 1877 1117 1925 [⁹⁴¹

112 1952 249 2054 Romanas
272 2000 369 2053 datum
392 2001 465 2052 esset
486 1998 603 2063 sentire,
628 2013 717 2065 aequo
740 1999 832 2050 auimo
855 2001 967 2066 poterat
983 2001 1065 2054 ferre.

113 2068 186 2121 Nam
204 2069 382 2186 quotcunque
405 2066 473 2118 iuris
496 2066 623 2118 auctores
645 2066 745 2132 postea
767 2065 852 2117 etiam
871 2066 1066 2120 Institutiones

11 2167 14 2173 ·
113 2135 294 2204 scripserunt,
305 2150 339 2187 ve
352 2135 383 2187 iit
396 2133 580 2197 Callistratus,
598 2131 761 2197 Martianus,
779 2130 965 2195 Florentinus,
984 2133 1065 2185 Paul-

115 2201 167 2267 lus,
185 2201 331 2270 Ulpianus,
348 2214 432 2253 uemo
450 2215 545 2253 eorum
564 2199 600 2253 ad
613 2199 782 2253 Gaianarum
801 2199 912 2252 laudem
930 2199 1067 2266 aspiravit

113 2268 225 2332 locove,
247 2284 331 2335 quem
348 2267 377 2320 in
395 2266 495 2321 scholis
512 2266 708 2332 obtinuerunt,
731 2265 881 2320 deturbare
904 2282 951 2320 eas
969 2266 1065 2320 valuit.

113 2337 153 2388 At
174 2334 261 2389 Gaius
282 2336 346 2411 post
364 2333 472 2401 aliquot
489 2334 600 2387 saecula
617 2333 759 2387 assecutus
777 2336 832 2400 est,
856 2335 889 2386 ut
912 2333 971 2387 eius
993 2334 1067 2399 libri,

113 2400 297 2470 primumilli.
317 2401 405 2467 quiin
424 2400 526 2454 scholis
542 2401 743 2463 tractabantur,
760 2398 904 2454 hominum
923 2400 1019 2455 favore
1038 2404 1068 2454 et

114 2467 329 2534 consuetudine,
348 2467 450 2521 deiude
469 2467 555 2521 etiam
573 2467 660 2521 ceteri
678 2483 774 2521 omues
789 2467 852 2536 lege
871 2468 930 2522 lata
947 2467 1066 2521 eandem

113 2536 142 2589 in
159 2535 270 2590 iudiciis
287 2536 483 2590 auctoritatem
502 2535 669 2600 obtinerent,
687 2550 759 2602 quae
776 2533 940 2603 Papiniano,
958 2534 1068 2603 Paullo,

113 2603 235 2674 Ulpiano
257 2603 315 2656 iam
338 2606 421 2657 antea
439 2602 630 2672 competierat.
666 2601 739 2655 Nam
764 2599 977 2655 Valentinianus
994 2601 1024 2654 L.
1042 2609 1066 2656 3.

114 2670 165 2728 Tb.
184 2671 214 2728 G.
231 2670 266 2725 de
285 2686 356 2740 resp.
375 2670 455 2739 prud.
474 2673 509 2736 (1,
527 2671 556 2736 t)
576 2686 638 2722 cum
657 2669 710 2733 ait,
734 2684 763 2721 se
782 2668 943 2737 Papiniani,
965 2667 1065 2733 Paulli,

114 2738 186 2802 Gaii,
204 2737 317 2807 Ulpiani
335 2739 418 2857 αᾟθ
437 2737 587 2791 Modestini
606 2735 709 2812 scripta
726 2735 857 2789 universa
875 2735 995 2812 firmare,
1015 2734 1067 2787 ‘ita

113 2807 147 2858 ut
164 2804 272 2871 Gaium,
290 2822 362 2873 quae
403 2805 509 2857 aullum
528 2805 557 2856 et
574 2803 723 2878 Ulpiauum
742 2805 771 2855 et
788 2805 902 2856 cunctos
920 2804 1068 2856 comitetur

114 2872 264 2927 auctoritas
281 2872 472 2937 lectionesque
492 2886 526 2923 ex
544 2884 620 2921 onim
642 2883 700 2921 eius
719 2883 803 2935 opere
822 2871 993 2934 recitentur',
1011 2885 1068 2922 non

114 2939 231 2992 obscure
250 2937 398 3005 significat,
421 2936 559 3010 quaedam
578 2933 643 2987 Gaii
664 2934 769 3002 scripta
792 2937 848 2990 iam
870 2938 937 2990 tunc
959 2950 1067 2988 summo

114 3004 206 3057 studio
230 3006 259 3056 et
275 3003 436 3056 indubitata
453 3003 619 3054 auctoritate
641 3002 754 3054 recitari
777 3004 860 3056 solita
882 3020 954 3068 esse,
978 3018 1066 3070 eaque

114 3069 176 3138 quis
193 3068 305 3122 dubitat
321 3070 434 3137 praeter
455 3083 499 3121 res
523 3067 713 3135 quotidianas,
737 3086 810 3136 quae
832 3074 911 3124 tauto
929 3070 958 3125 in
975 3069 1067 3139 pretio

114 3135 303 3198 habebantur,
327 3137 359 3187 ut
382 3149 528 3187 aureorum
551 3149 653 3188 nomen
676 3138 830 3202 mererent,
860 3137 945 3192 fuisse
975 3136 1069 3190 omnia

114 3202 297 3257 scholastica?
321 3201 397 3268 quod
419 3201 503 3254 etiam
521 3200 639 3254 Collatio
658 3201 809 3268 confirmat,
828 3204 923 3280 paullo
941 3207 1016 3268 aute,
1037 3207 1069 3258 ut

114 3269 238 3333 uidetur,
267 3267 433 3337 composita,
461 3267 539 3320 cuius
565 3271 662 3322 auctor
691 3269 766 3322 inter
792 3287 915 3338 quinque
946 3271 1068 3324 illustres

114 3334 316 3390 iureconsultus
334 3336 420 3390 etiam
438 3333 502 3388 Gaii
519 3335 644 3403 scriptis,
668 3336 717 3390 sed
739 3338 835 3390 tamen
857 3339 968 3391 tantum
987 3338 1068 3393 Insti-

114 3402 269 3457 tutionibus
287 3401 346 3456 eius
362 3417 428 3455 usus
447 3409 496 3455 est.

182 3468 238 3524 Sed
255 3469 285 3524 in
306 3468 349 3522 his
366 3468 441 3538 ipsis,
458 3484 529 3536 quas
546 3469 667 3535 edimus,
686 3470 718 3523 ut
734 3487 807 3525 nunc
825 3470 921 3541 paullo
939 3473 1069 3526 immore-

115 3666 129 3700 s
147 3662 204 3698 uoce
224 3649 335 3710 magistra
355 3647 455 3696 studiosi
472 3648 621 3710 accipiebant
635 3646 719 3712 (ceteri
734 3648 797 3697 enim
815 3647 918 3712 quinque
933 3647 988 3699 libri
1003 3655 1070 3699 arsut

115 3720 199 3784 prima,
215 3718 326 3780 secunda,
341 3719 410 3766 tertia
425 3733 480 3781 pars
491 3718 571 3777 edicti,
586 3732 700 3780 respousa
712 3718 831 3781 Papiniani
843 3727 866 3768 et
874 3718 966 3784 Paulli).
995 3720 1071 3769 Mani·

116 3793 176 3840 testo
192 3804 272 3840 errore
287 3804 348 3840 nuuc
362 3788 469 3852 plerique
484 3803 524 3837 ssi
539 3789 612 3838 libros
624 3790 676 3838 illos
688 3789 819 3852 intelligunt
829 3789 889 3838 duos
899 3789 938 3856 (ei
949 3790 1070 3856 quattuor)

116 3861 169 3912 osii
183 3861 358 3911 Institutionum
373 3866 396 3908 et
410 3867 520 3923 quattuor
534 3859 607 3909 libros
622 3860 761 3922 singulares.
