2378 4386
226 547 365 586 :roomo
384 548 528 584 mmcu’s.
548 548 702 583 oxomense.
873 532 932 596 8ἶῖ

82 669 329 746 taeterrimorum
344 671 395 734 καὶ
407 669 512 732 ἆπέλν-
533 681 608 734 tione
630 685 740 733 mortno
762 694 874 751 qnoque
889 680 936 735 de-

82 755 163 830 ἶτως·
179 753 256 836 dnn
272 752 403 833 διάταξις
419 755 513 833 αὕτηι
534 761 622 818 bitore
645 762 740 817 utitem
769 762 865 817 dedit?
901 761 938 816 Et

82 848 122 902 οὔ
153 840 209 919 τὴν
234 835 365 902 adnitar
398 836 516 900 ἀνεῖλεν
533 849 574 901 ita
619 848 713 902 solvit:
756 859 938 918 nequaquam

82 920 401 1003 :ojoartoaadnomdttoi
411 923 517 993 ζῶντος
533 928 607 982 naec
623 932 784 985 constitutio
800 932 870 985 toltit
885 932 938 985 nti·

108 1006 269 1086 μέμνηται,
303 1003 343 1077 ὡς
372 1003 516 1083 μέλλουσα
533 1012 587 1065 tem
603 1015 743 1066 actionem
766 1028 799 1068 eo
815 1020 937 1082 mortno,

82 1089 171 1170 ’ἄγειν
193 1089 225 1148 τὸ
251 1110 282 1149 en
305 1095 363 1148 eius
390 1108 513 1165 persona.
534 1093 586 1148 sed
606 1097 727 1148 meminit
750 1098 811 1150 eins
835 1112 937 1168 snper·

82 1166 378 1251 noctemandato
391 1167 516 1230 ἐδύνατο
535 1178 617 1243 stitis,
633 1191 696 1231 cnm
713 1177 796 1232 veltet
810 1178 863 1233 noo
874 1182 937 1235 snb·

82 1257 191 1318 νσῶπον
204 1249 295 1314 αὐτοῦ
306 1263 434 1330 κινῆσαι,
442 1249 515 1311 ἀλλὰ
535 1261 633 1327 iicere,
650 1254 701 1314 ‘ex
712 1262 774 1313 eins
787 1260 937 1329 persona'.

83 1336 242 1415 νᾶνοὶγνην
256 1331 333 1414 εἶχεν
347 1337 516 1415 χρήσασθαι
536 1340 568 1395 Si
588 1354 655 1396 aero
677 1342 855 1412 decessisset,
882 1360 937 1399 non

83 1419 149 1501 ’ᾳὲκ
169 1419 328 1497 προσώπου
350 1419 436 1482 ἰδίου.
465 1416 516 1478 noi
534 1429 649 1493 poterat
671 1439 710 1480 eoa
731 1428 792 1479 eius
811 1440 938 1496 persona

84 1502 171 1575 ίζεται
187 1501 296 1578 οὕτως,
317 1500 364 1563 ὅτι
379 1496 428 1578 ἐφ’
446 1500 516 1563 ὅσον
535 1521 639 1578 aaere,
655 1509 707 1563 sed
720 1522 837 1563 neeesse
852 1509 939 1565 trabe·

83 1594 101 1668 ῇ
122 1581 300 1666 ὁχρεώστης
323 1583 425 1661 αὐτοῦ,
451 1582 515 1646 tvo
536 1591 584 1647 bat
605 1592 670 1646 ntiti
690 1595 732 1646 nti
753 1607 792 1647 eo·
811 1607 938 1663 persona

83 1674 184 1731 artior
196 1667 374 1751 ἐκχωρήσας,
392 1667 447 1731 οὐκ
460 1667 516 1748 ἔχει
535 1690 597 1730 sna.
641 1674 734 1748 Atque
760 1678 800 1730 ita
826 1677 940 1747 definit.-

83 1755 121 1813 ἀν
147 1749 163 1815 ὃ
187 1752 358 1832 devetanda,
385 1754 516 1832 τελευτή·
535 1759 668 1832 quamdin
683 1760 794 1832 quidem
812 1762 877 1816 vivit
893 1761 939 1816 de·

83 1863 92 1910 3
118 1836 152 1897 δὲ
177 1833 271 1898 αὐτοῦ
302 1837 358 1916 ἔχει
385 1844 445 1898 nai.
476 1873 513 1882 -
535 1844 609 1899 tritor
623 1846 865 1915 eins‚qninomen
879 1858 940 1898 ces·

98 1925 174 1986 Basti,
192 1924 249 1997 24,
265 1925 294 1982 3.
316 1943 340 1982 a.
358 1925 405 1983 10.
427 1925 457 1981 Τ.
475 1926 515 1981 ΙΙΙ.
537 1929 587 1995 sit,
611 1927 738 1982 creditor
760 1930 822 1983 eins
845 1929 939 1982 utitem

100 2008 203 2066 Hetmb.
535 2025 591 2064 non
614 2009 714 2064 nabet:
736 2010 822 2065 habet
845 2017 938 2066 autem

535 2098 645 2148 mortno
668 2107 710 2149 eo.
733 2100 789 2150 eto.

96 2164 169 2230 'Eoir
183 2160 344 2248 ὀμόσαντος
359 2181 411 2232 τοι]
423 2165 515 2253 ὀρφοί·
578 2174 611 2232 Si
630 2179 746 2232 iurante
760 2179 873 2249 pupillo
889 2179 939 2233 da·

83 2253 264 2335 οτοδικασθῇ
275 2250 292 2314 δ
304 2253 469 2334 ἐπίτροπος,
480 2251 514 2316 οὐ
535 2267 648 2316 mnatns
663 2263 698 2316 sit
716 2267 803 2331 tutor,
818 2278 874 2317 non
886 2279 939 2333 po·

83 2356 116 2393 ὀι
131 2333 202 2409 μετὰ
225 2345 316 2395 ταῦτα
330 2353 388 2414 ooo
414 2345 514 2417 ωνεῐν,
536 2351 589 2399 test
598 2352 700 2415 postea
711 2349 835 2417 pacisci,
848 2353 878 2402 nt
890 2351 938 2402 mt-

83 2410 367 2502 trrovooivatatea
406 2443 514 2480 νκατε-
533 2428 941 2501 nuseidet‚qnomid‚inqnod

83 2506 133 2577 θη.
164 2496 277 2560 πάκτον
291 2506 376 2562 καλεῖ
385 2502 440 2579 τὴν
454 2501 515 2563 deoi-
533 2510 687 2565 damnatas
714 2518 766 2570 est.
816 2512 937 2567 Pactam

108 2581 184 2646 οὕτω
199 2582 254 2663 γὰρ
269 2583 318 2643 nai
333 2581 437 2663 ὁῆρως
451 2588 514 2646 Ha·
535 2598 618 2647 vocat
633 2596 866 2648 transactionem.
891 2595 939 2650 Sic

85 2694 99 2742 ς
111 2665 329 2746 insonantium.
344 2702 380 2712 -
392 2672 515 2728 Theodo·
535 2677 606 2729 enim
619 2682 646 2729 et
658 2677 782 2746 inclytas
792 2675 940 2733 Patricius

95 2756 187 2813 Schol.
205 2755 281 2810 Bosii.
299 2755 347 2825 38,
368 2755 414 2812 16.
431 2773 454 2812 c.
472 2751 516 2814 3.²
536 2757 689 2812 adnotavit.

94 2855 119 2909 p.
137 2838 206 2898 782.
222 2837 323 2893 Helmb.

102 2919 173 2978 Εἴτε
193 2913 366 2990 «treguam
382 2911 434 2995 ἦν,
459 2917 516 2979 εἴτε
578 2923 642 2979 Sive
663 2925 724 2993 fitia
747 2928 793 2980 sui
806 2927 879 2981 iaris
892 2930 939 2997 sit,

84 2998 174 3077 υσίαὴ
187 2999 334 3079 θυγάτηρ,
342 2997 514 3078 ἀδιάφορον.
535 3009 593 3062 siae
608 3010 636 3059 in
651 3012 793 3076 potestate
806 3013 940 3066 constitn-

84 3100 119 3144 ττι
129 3081 163 3144 δὲ
174 3083 206 3145 τὸ
218 3077 290 3145 αὐτὸ
301 3086 396 3146 εἰπεῖν
406 3085 455 3144 καὶ
468 3083 516 3144 ἐπὶ
536 3096 575 3158 to,
588 3089 658 3143 ninii
670 3092 797 3145 interest.
821 3090 883 3147 Non
898 3099 940 3149 ta·

84 3167 173 3248 ητρὸς.
209 3167 271 3231 ἐκεῖ
282 3168 337 3250 γὰρ
354 3167 435 3248 ἑτέρα
451 3163 515 3229 διά·
535 3186 597 3227 men
612 3173 684 3226 idem
695 3171 754 3226 dici
763 3180 861 3243 potest
870 3178 896 3232 et
911 3180 938 3232 in

103 3259 210 3355 nonest.
251 3256 278 3315 εἰ
298 3253 353 3332 μὲν
375 3252 404 3328 ἐξ
425 3246 516 3334 ἀρχῆς
535 3254 940 3315 matre.lbienimatiadt'stin·

84 3330 296 3415 ννονμηναῦτῆς
311 3338 456 3417 συνήφθη
472 3345 517 3421 roo*
534 3344 589 3398 ctio
613 3341 699 3398 valet.
737 3339 880 3412 Siquidem
904 3344 940 3400 ab

84 3466 85 3483 ,
101 3414 137 3476 οὗ
149 3419 232 3479 δοκεῖ
242 3421 380 3499 παρέχειν
394 3421 516 3501 εὔλογον
535 3429 613 3482 initio
636 3426 779 3481 voluntate
799 3428 860 3482 eins
875 3442 940 3484 con·

84 3529 201 3537 —.

97 3578 128 3626 L.
145 3592 164 3629 s.
191 3578 216 3627 C.
235 3580 266 3628 de
285 3579 333 3630 obt.
348 3589 372 3630 et
386 3590 436 3631 aot.
451 3582 487 3646 (t,
503 3581 539 3646 ιο)
557 3597 573 3630 a
588 3583 672 3630 Diod.
691 3589 715 3630 et
731 3582 838 3631 Maxim.
853 3599 877 3631 a.
893 3595 939 3634 ees.

84 3651 106 3698 in
125 3650 201 3714 (irem.
216 3652 255 3697 oet
273 3649 362 3700 Herm.
383 3650 409 3699 0.
425 3666 475 3699 non
490 3653 571 3714 manis
585 3665 654 3699 nanc
672 3657 756 3706 extat,
776 3667 850 3714 qnam
869 3651 900 3700 L.
920 3665 939 3703 ι.

84 3757 88 3769 .
123 3719 207 3769 Verba
229 3734 256 3768 ex
278 3720 329 3768 eius
349 3733 450 3782 persono
469 3722 496 3767 in
515 3721 561 3767 ilia
582 3733 632 3768 non
653 3721 751 3782 recepit
771 3719 939 3775 lastinianus.

84 3791 107 3840 t.
118 3803 138 3842 s.
157 3791 181 3840 C.
197 3791 229 3840 de
244 3792 269 3839 in
285 3791 352 3839 iitem
367 3791 416 3838 iar.
432 3787 464 3854 (ο,
474 3786 518 3853 ts),
532 3804 567 3837 ex
579 3787 654 3851 drea.
667 3787 692 3836 C.
707 3790 781 3838 etiam
796 3797 899 3838 servata
914 3791 939 3836 in

85 3869 102 3912 t.
117 3873 137 3920 t,
153 3873 172 3912 8.
203 3862 270 3911 Data
285 3862 317 3912 ab
334 3861 465 3910 Antonino
479 3875 502 3907 a.
519 3869 564 3909 215.
