2378 4386
493 553 515 588 c.
535 551 628 588 acerva
647 552 747 590 csr1ro.
1038 547 1097 604 121

143 686 221 734 uacat
233 679 311 734 uitio.
334 678 430 752 ‘igitur
444 677 552 735 silentio
564 694 678 753 surgere
689 696 749 735 cum
761 679 869 752 dicitur,
885 679 1029 754 significat,
1045 697 1100 738 non

94 760 317 834 rurtnterpeitnrt,
333 778 388 834 quo
403 760 491 818 minus
506 778 562 818 rem
578 772 663 837 gerat.
702 771 728 819 at
743 765 893 835 sinistrum,
916 764 1017 820 hortari
1033 781 1099 838 quo·

144 861 195 919 que
218 845 336 918 auspicia
356 844 388 901 ad
412 845 554 920 agendum,
578 847 650 919 quod
666 849 755 904 animo
771 850 832 923 quis
847 847 1045 921 proposuerit'.
1059 880 1097 890 -—

144 928 214 984 lest.
232 947 256 984 r.
272 928 415 985 Sinistrum
430 946 456 1002 p.
474 930 544 987 351.

204 1007 248 1069 21.
272 1013 380 1068 Stellam
403 1012 554 1087 significare
576 1015 612 1069 ait
634 1016 727 1070 Ateius
750 1015 842 1087 Capito
865 1015 963 1072 laetum
986 1025 1013 1072 et
1035 1033 1098 1089 pro-

144 1112 251 1169 sperum
266 1091 478 1170 ’(αιῳιινὴιηι),1
494 1099 679 1154 anctoritatem
695 1108 805 1154 secutus
816 1099 844 1153 P.
855 1098 962 1155 Seruilii
978 1102 1099 1173 auguris,

144 1176 208 1252 'loll
230 1180 342 1249 stellam,
368 1197 435 1253 quae
458 1197 472 1236 e
495 1180 599 1236 lamella
622 1196 697 1236 aerea
720 1176 854 1237 adsimili²
868 1182 961 1239 stellae
976 1182 1044 1240 locis
1059 1186 1097 1240 in·

145 1266 280 1336 auguralis
296 1263 432 1337 inligatur.
449 1293 486 1303 —
503 1263 574 1320 Fest.
591 1281 616 1320 r.
632 1264 741 1320 Stellam
757 1282 783 1337 p.
799 1265 870 1324 351.

206 1343 253 1404 22.
278 1350 369 1403 Ateius
392 1347 504 1420 Capito,
525 1347 624 1421 publici
647 1349 800 1420 priuatique
822 1349 887 1403 iuris
910 1350 1099 1422 peritissimus,

144 1429 207 1503 quial
229 1430 272 1485 lex
288 1439 370 1501 esset,
394 1431 467 1486 hisce
481 1430 571 1485 uerbis
587 1429 723 1486 defininit:
755 1429 840 1500 ‘Lex'‚
862 1433 960 1503 inquit,
982 1431 1039 1487 ‘est
1054 1448 1099 1505 ge·

142 1512 232 1569 nerale
248 1515 351 1568 iussum
367 1512 461 1584 populi
477 1522 522 1568 ant
538 1512 633 1584 plebis,
649 1520 763 1585 rogante
778 1512 959 1585 magistratu’.
977 1543 1012 1555 -
1030 1514 1098 1571 Gell.

206 1676 255 1737 23.
282 1677 454 1733 Pleliisoitum
475 1678 558 1748 igitur
580 1685 621 1733 est
636 1678 782 1734 secundum
798 1693 859 1735 eum
875 1678 1038 1754 Capitonem
1047 1681 1099 1755 lex,

141 1778 222 1836 qaam
239 1761 341 1834 plebes,
357 1777 411 1817 non
428 1760 542 1834 populus
560 1763 665 1836 accipit.
673 1754 686 1796 ³
702 1791 740 1802 -
757 1761 823 1821 Gell.
842 1764 890 1835 10,
907 1763 955 1822 20.
972 1764 1001 1836 S.
1017 1765 1046 1822 6.

205 1841 253 1903 24
277 1843 382 1911 Quanto
411 1861 492 1917 opere
520 1853 606 1902 autem
631 1846 829 1919 conseruent,
857 1863 891 1903 ne
914 1849 975 1921 quis
998 1847 1100 1904 uiolare

142 1929 240 1985 ductus
255 1943 388 2002 aquamue
402 1944 457 1983 non
472 1944 624 1986 concessam
641 1930 763 1987 desinare
778 1931 899 2003 auderet,
914 1948 974 1989 oum
987 1948 1018 1988 ex
1032 1931 1100 1987 mul·

143 2014 178 2067 tis
192 2028 322 2086 apparere
336 2020 439 2085 potest,
455 2021 511 2068 tum
527 2030 558 2069 en
574 2030 617 2085 eo,
634 2015 706 2087 quod
718 2016 804 2071 circus
817 2018 946 2072 maximus
957 2033 991 2073 no
1004 2016 1099 2072 diebus

143 2095 250 2169 quidem
273 2095 399 2152 ludorum
421 2097 579 2153 circensium
601 2099 653 2153 nisi
674 2098 798 2153 aedilium
820 2108 866 2154 aut
882 2115 1024 2155 censorum
1040 2116 1099 2173 per·

142 2180 227 2234 missu
242 2177 420 2252 irrigabatur:
442 2179 514 2253 quoti
535 2181 648 2237 durasse
663 2183 741 2236 etiam
757 2189 900 2254 postquam
916 2198 959 2237 res
976 2181 1008 2236 ad
1024 2197 1099 2237 cura·

144 2269 219 2316 tores
242 2265 347 2319 transiit
368 2262 418 2318 suli
434 2266 569 2337 Augusto,
593 2263 661 2337 apud
679 2266 783 2321 Ateium
800 2264 955 2338 Capitonem
971 2265 1098 2339 legimns.

143 2342 320 2402 --l'rontin¹
336 2345 497 2421 deaquaerl.
513 2347 563 2404 97.
579 2346 642 2402 coll.
662 2345 731 2403 102.

207 2425 255 2485 26.
279 2431 312 2484 At
327 2429 420 2503 Capito
438 2431 558 2484 ateius
551 2445 578 2484 tn
600 2430 692 2486 eadem
715 2431 822 2503 quidem
839 2433 966 2505 opinione
982 2440 1033 2503 est,
1049 2431 1097 2488 sed

94 2575 98 2584 Ι
143 2512 265 2585 exemplo
288 2512 397 2569 adiuuat
419 2514 677 2585 interpretationem
712 2507 876 2568 ‘Eteniml
870 2529 896 2568 tn
920 2513 1035 2569 secunda
1059 2523 1099 2570 ta·

142 2594 204 2650 bula
219 2596 335 2652 secunda
351 2595 434 2670 lege’‚
452 2590 601 2669 inquit,⁵‘
604 2597 733 2668 scriptum
749 2603 806 2650 est:
829 2593 922 2661 “Quid
939 2597 1034 2650 horum
1049 2595 1099 2650 luit

143 2694 225 2735 unum
247 2680 327 2735 iudici
349 2679 487 2735 arbitroo'e
508 2695 601 2749 reone,
625 2694 656 2733 eo
680 2678 746 2732 ’dies
769 2670 917 2732 dinanensi
939 2675 1033 2732 esto'’.
1057 2678 1101 2734 hio

144 2770 257 2835 uterque
279 2771 355 2819 actor
375 2779 492 2836 reusque
512 2764 539 2819 in
554 2762 653 2818 indicio
670 2762 708 2816 rei
726 2769 866 2818 uocantur.
889 2761 1007 2832 itemque
1024 2777 1100 2816 accu-

144 2853 219 2901 sator
233 2839 327 2902 ’reus⁷
342 2849 444 2903 accitur
459 2863 532 2902 more
549 2854 641 2902 uetere
657 2850 684 2901 et
698 2843 894 2900 consuetudine
911 2841 1040 2917 antiqua'.
1061 2874 1098 2884 -

144 2928 216 2989 Fest.
233 2947 255 2983 r.
272 2930 342 2986 Reus
358 2948 385 3002 p.
403 2929 474 2989 273.

139 3042 329 3105 pertinentibus
342 3058 369 3092 se
380 3045 497 3091 usarmait
506 3043 572 3107 Lyd.
587 3044 619 3092 dc
633 3049 722 3092 ostent.
740 3054 760 3092 tt.
771 3053 801 3102 a,
816 3042 860 3091 ubi
873 3045 1011 3092 eremeticam
1023 3037 1100 3108 ἱερέα

143 3116 263 3178 appellat,
275 3115 291 3162 i.
303 3128 324 3162 e.
331 3114 486 3176 pontificem.
500 3112 564 3161 Nam
577 3115 677 3177 eilepes
685 3113 803 3162 ludorum
812 3115 968 3163 secularium
981 3116 1102 3176 esposuit

144 3191 249 3234 auctore
261 3184 350 3233 Zosim.
362 3195 383 3244 a,
393 3195 413 3233 4.
425 3182 509 3248 (infra
519 3199 585 3231 nunt.
593 3181 630 3247 st)
639 3190 665 3231 ut
668 3185 803 3247 pleraque,
813 3199 878 3247 quae
891 3186 913 3233 is
922 3184 1099 3234 deliacaacrl-

141 3254 200 3315 licio
208 3254 339 3315 traditum
346 3253 422 3302 Ateio
429 3260 528 3316 sumpta
538 3267 592 3302 esse
600 3253 745 3302 uideantur.
763 3252 878 3313 Quirinii,
887 3256 956 3318 quod
962 3252 1056 3303 Osann.
1066 3255 1102 3303 nal

145 3322 344 3388 Pompeianae.
356 3325 387 3372 eie
400 3323 522 3386 Capitone
531 3337 558 3371 se
565 3323 702 3372 adnotasse
714 3324 795 3372 ailad
804 3324 886 3373 Laur.
897 3325 964 3389 Lyci.
973 3324 1005 3372 de
1013 3332 1100 3374 comet.

141 3408 166 3456 p.
175 3406 208 3444 st.
216 3397 382 3459 ipnoro‚cuna
390 3408 420 3442 ne
425 3394 557 3456 prodiisse
568 3394 668 3457 quidem
677 3396 699 3442 is
708 3393 774 3442 liber
785 3395 912 3445 uideatur.
936 3392 955 3457 ¹)
963 3392 1101 3457 Sappieai;

144 3462 174 3512 ali
182 3462 396 3528 sequensoerlium
404 3465 534 3513 excidisse
544 3464 670 3513 uideatur.
692 3460 831 3529 ¹)Scripsir
839 3465 930 3513 stellam
940 3478 999 3527 quac
1008 3465 1100 3513 lamella

145 3548 210 3584 aerea
224 3534 340 3583 adsimilis
359 3533 402 3583 Cd.
415 3533 537 3598 Plerique
545 3534 635 3582 stellam
650 3541 808 3599 eapunpant.
844 3531 865 3598 8)
881 3534 976 3590 Potest,
993 3541 1020 3582 ut
1034 3535 1100 3582 lianc

145 3603 314 3667 definitionem
329 3605 384 3666 ipse
405 3603 502 3653 Gellius
521 3620 554 3653 ex
571 3604 741 3666 Capitoniana
759 3606 824 3668 lepis
842 3605 989 3666 definitione
1005 3611 1101 3652 tantuna

145 3675 265 3737 effecerit
295 3672 318 3740 ⁴)
331 3672 434 3737 Scripsi
447 3673 493 3741 (sc.
510 3681 547 3723 ete
562 3674 712 3723 adhaesito.
728 3673 936 3736 interpretation..)
967 3671 1040 3721 Numa
1057 3672 1100 3722 Cd.

145 3757 195 3794 nam
211 3748 243 3809 ς).
262 3746 386 3809 plerique.
426 3742 447 3807 ὅ)
465 3743 582 3808 Scripsi;
601 3745 624 3792 in
644 3759 688 3806 qna
710 3743 753 3792 Cd.
773 3743 830 3792 edd.
869 3739 960 3808 ο)Ηι’σ
978 3744 1043 3790 etin
1062 3756 1100 3789 se-

146 3816 294 3915 puerilibus·
287 3814 424 3863 Mulierum
431 3830 531 3880 sequor
554 3814 593 3863 De
603 3815 651 3863 linc
666 3815 720 3878 iepe
732 3812 792 3860 XII
803 3812 851 3860 tab.
865 3812 900 3873 of.
908 3809 1002 3858 Satala.
1015 3827 1043 3872 p.
1053 3819 1100 3859 tto.

158 3884 295 3949 >Scripsi
315 3884 369 3933 aeui
385 3884 428 3934 aa.
448 3886 504 3935 edd.
521 3884 649 3948 lniei1i9e,
663 3899 679 3932 a
694 3896 825 3945 praecone
839 3875 1045 3928 accusatorem‘
1049 3873 1098 3926 rei’
