2378 4386
473 581 499 624 c.
517 580 613 617 rrvcrrs
632 580 772 616 scurrone.
1066 575 1105 632 17

137 710 236 778 luisse,
257 705 290 775 Q.
306 705 438 763 Scaeuola
458 715 621 762 auctorest.
641 735 676 746 -
694 708 773 767 duct.
795 707 860 780 epit.
882 708 915 763 dc
936 709 1037 765 nomin.
1054 718 1104 768 rat.

137 802 201 869 post
216 791 308 847 Valer.
324 788 393 845 liar.

201 895 256 958 20.
279 898 403 955 Relatum
424 899 509 954 estin
529 897 633 970 literas,
659 899 844 955 doctissimum
860 898 1014 974 pontificem
1030 901 1106 957 Scae·

138 985 232 1042 uolam
248 982 413 1056 disputasse,
435 984 485 1037 tn'c
506 998 604 1055 genera
620 981 717 1038 tradita
732 982 857 1039 deorum:
878 1001 961 1039 unum
979 1001 993 1038 a
1008 988 1104 1057 poetis,

138 1070 257 1127 ultorum
273 1084 287 1122 a
302 1066 484 1140 philosophis,
501 1066 608 1121 tertium
624 1083 638 1121 a
654 1066 817 1140 principibus
838 1070 965 1123 ciuitatis.
988 1067 1105 1124 Primum

138 1169 229 1228 genus
246 1150 424 1224 nugatorium
438 1149 503 1205 dicit
518 1165 594 1221 esse,
612 1150 684 1223 quod
700 1151 784 1205 multa
799 1151 832 1206 de
847 1150 897 1206 diis
914 1150 1051 1224 irrigantur
1067 1153 1105 1207 in·

138 1237 240 1310 dignu
262 1231 412 1291 secuudum
436 1248 489 1289 non
507 1249 659 1306 congruere
674 1234 839 1305 ciuitatibus,
863 1234 935 1309 quod
952 1235 1046 1291 habeat
1060 1236 1106 1291 cli·

140 1336 194 1394 qua
216 1332 398 1392 superuacua,
421 1316 509 1390 aliqua
532 1319 621 1387 etium,
646 1334 714 1390 quae
737 1317 807 1374 obsit
830 1320 940 1393 populis
956 1336 1044 1375 nosse.
1072 1321 1106 1374 lie

139 1403 319 1477 superuacuis
335 1416 501 1473 nonmagna
516 1416 597 1456 causa
612 1410 667 1468 est;
694 1401 764 1457 solet
784 1404 853 1457 enim
873 1413 900 1458 et
916 1419 930 1457 a
945 1405 1106 1476 iurisperitis

141 1486 194 1543 dici
216 1483 370 1559 ‘superflua
384 1500 438 1539 nou
455 1483 575 1540 noceut'.
606 1482 677 1552 Quae
699 1495 763 1540 sunt
778 1494 868 1541 autem
884 1486 939 1554 illa,
961 1502 1029 1558 quae
1045 1502 1105 1558 pro-

141 1569 194 1627 leta
216 1571 244 1625 iu
267 1567 469 1624 multitudinem
496 1569 613 1624 nocenti
648 1568 729 1638 liaeo,
752 1570 853 1640 inquit:
883 1584 938 1623 non
960 1585 1018 1622 csse
1042 1568 1105 1624 deos

97 1651 299 1723 mulierculam,
315 1650 515 1725 Aesculapium,
530 1650 679 1721 Castorem,
695 1651 844 1711 Pollucem:
866 1651 992 1724 proditur
1007 1654 1076 1708 eninr
1092 1671 1105 1709 a

141 1736 244 1804 doctis,
258 1734 333 1809 quod
348 1735 470 1791 homines
486 1735 586 1791 luerint
601 1743 626 1791 et
644 1736 756 1790 humana
777 1735 934 1790 condicione
948 1735 1104 1793 defecerint.

143 1818 215 1887 Quid
229 1817 318 1875 aliud?
349 1817 427 1885 Quod
446 1835 551 1889 eorum,
573 1821 618 1892 qui
639 1821 692 1874 siut
707 1817 754 1887 dii,
777 1834 831 1874 nou
853 1818 970 1874 habeant
985 1822 1106 1876 ciuitates

142 1919 209 1960 uera
224 1902 377 1972 simulacra,
403 1903 475 1974 quod
492 1919 573 1958 uerus
588 1903 654 1958 deus
669 1919 719 1958 nec
734 1919 826 1959 serum
843 1901 947 1973 lrabeat,
967 1919 1017 1959 neo
1038 1913 1107 1959 acta·

142 1996 213 2059 iem,
239 2002 292 2043 nec
312 1983 423 2042 definito
443 1988 565 2060 corporis
587 1987 714 2043 membra.
751 1986 887 2043 Poeticum
909 2004 972 2043 sune
995 1987 1106 2043 deorum

142 2087 231 2147 genus
253 2086 302 2127 cnr
316 2068 445 2126 Scaeuola
467 2078 586 2143 respuat,
608 2071 709 2126 eisdem
724 2070 808 2126 literis
829 2088 883 2126 non
906 2080 1022 2128 tacetur:
1045 2075 1107 2145 quia

143 2156 185 2211 ric
205 2154 331 2211 uidelicet
352 2152 419 2208 deos
439 2153 605 2224 deformant,
628 2165 658 2210 ut
674 2171 723 2210 nco
737 2153 814 2209 bonis
831 2154 982 2210 hominibus
999 2172 1107 2227 compa·

143 2246 251 2308 rentur,
272 2254 333 2293 cum
354 2236 436 2292 alium
457 2237 560 2294 iaciunt
581 2237 678 2306 iurari,
700 2238 780 2293 alium
800 2238 966 2304 adulterare;
985 2239 1024 2291 sie
1043 2239 1106 2291 item

144 2320 249 2394 aliquid
264 2320 339 2377 aliter
355 2322 473 2394 turpiter
493 2330 574 2393 atque
589 2323 679 2394 inepte
695 2322 783 2378 dicere
798 2338 828 2376 ac
844 2322 944 2376 lacere:
967 2328 1022 2374 tres
1038 2321 1107 2375 inter

144 2420 177 2460 se
192 2403 256 2461 deas
270 2413 389 2461 certasse
404 2404 437 2460 de
452 2407 570 2478 praemio
586 2404 784 2478 pulcritudinis,
801 2407 886 2462 uictas
897 2404 964 2459 (luas
979 2402 1107 2460 aVencre

145 2488 253 2545 Troiam
269 2489 413 2559 euertisse;
428 2487 519 2544 ionem
534 2490 622 2561 ipsum
638 2491 761 2545 conuerti
777 2487 909 2544 inhorrent
922 2496 967 2543 aut
979 2505 1107 2561 cygnum,

145 2580 177 2628 ut
202 2588 263 2627 cum
288 2570 573 2645 aliquocoucumlra13
601 2571 676 2626 deam
699 2573 801 2628 homini
824 2569 940 2639 nuberc3
963 2571 1107 2627 Saturnum

146 2653 249 2710 liberos
270 2654 415 2723 deuorare3
442 2656 508 2711 nilril
530 2655 646 2727 denique
668 2671 749 2726 posse
771 2653 889 2726 confingi
918 2654 1106 2709 miraculorum

147 2747 230 2811 atque
244 2738 383 2809 uitiorum,
398 2740 471 2812 quod
486 2755 541 2794 non
557 2738 593 2794 ibi
609 2739 759 2810 reperiatur
773 2744 854 2807 atque
864 2753 878 2790 a
890 2735 1001 2790 deorum
1015 2748 1108 2790 natura

145 2821 230 2897 longe
244 2820 322 2879 absit
338 2851 377 2864 -
394 2824 540 2897 Angustia.
557 2822 590 2878 de
606 2823 681 2878 cinit.
697 2820 739 2876 dei
751 2818 785 2890 ’4,
802 2818 851 2875 27.

210 2927 254 2990 21.
274 2925 321 2999 ¹0.
343 2931 452 3005 quidem
468 2930 596 2987 Scaeuola
617 2929 738 3004 pontifex
753 2930 883 2985 maximus
898 2944 1027 2984 summam
1044 2928 1107 2994 uim,

143 3013 262 3086 dicebat,
277 3030 338 3072 erse
352 3016 380 3071 ln
395 3014 520 3071 omuibus
536 3016 567 3070 iis
583 3015 709 3077 arbitriis,
732 3017 759 3071 in
782 3015 880 3088 quidus
903 3013 1047 3070 adderetur
1068 3032 1108 3071 nx

142 3115 219 3157 rme
233 3113 332 3157 noua:
353 3096 470 3173 fideique
485 3097 570 3155 bonae
586 3116 692 3170 nomen,
715 3100 893 3171 existimabat,
913 3115 1019 3155 manare
1033 3099 1108 3155 latis·

143 3185 222 3254 sime,
242 3182 325 3256 idque
341 3185 444 3239 uersari
458 3184 486 3239 in
503 3183 604 3255 tutelis,
626 3184 811 3253 societatibus,
834 3183 949 3255 fiduciis,
965 3183 1107 3255 mandatis,

143 3266 226 3324 rebus
241 3268 340 3341 emptis
356 3267 488 3338 uenditis,
509 3266 649 3324 conductis
664 3267 776 3338 locatis,
792 3268 889 3341 quibus
905 3270 977 3325 uitae
992 3269 1107 3323 societas

144 3353 343 3409 contineretur.
382 3351 411 3406 ln
431 3353 472 3408 liis
494 3353 583 3425 magui
604 3368 663 3407 esse
683 3353 778 3408 iudicis
799 3360 917 3407 statuere
939 3351 1107 3426 (praesertim

142 3452 206 3493 cum
221 3437 250 3491 in
264 3434 403 3509 plerisque
419 3444 510 3495 esseut
524 3436 620 3492 iudicia
635 3435 776 3509 contrarie)
790 3436 854 3510 quid
866 3453 1000 3510 quemque
1010 3438 1107 3510 cuique

143 3527 283 3593 praestare
299 3528 448 3593 oporteret.
467 3549 505 3562 -
522 3519 575 3577 Cic.
591 3520 624 3575 de
641 3518 711 3576 oliic.
728 3519 758 3591 3,
776 3520 823 3575 17.
840 3519 868 3591 S.
885 3520 933 3577 70.

218 3815 239 3884 ¹)
249 3817 328 3869 IIurrc
338 3820 421 3867 iocum
430 3831 520 3866 errore
531 3825 607 3866 anteo
616 3818 733 3866 emiorum
742 3824 854 3867 monente
867 3816 1020 3868 Uddeloldio
1028 3816 1106 3879 (dore.

140 3891 193 3955 pel.
207 3890 273 3941 Ant.
288 3899 349 3941 loos.
361 3903 390 3952 p.
406 3887 596 3951 11t9)ionr(ed.
611 3886 634 3952 a)
648 3889 771 3949 supplevi.

198 3994 303 4027 mam
316 3990 400 4025 amru.
415 3990 468 4021 uu.
482 3991 521 4022 nn.
546 3991 569 4020 v.
860 3976 876 4021 2
