2378 4386
461 88 484 99 -ι

375 108 408 117 aa·

523 128 526 135 ι

158 519 221 589 602
350 538 453 575 boumn
470 537 577 574 rnrrnut
595 538 690 573 ennon.
711 518 810 573 XXIII.
831 524 907 573 4-9.

219 667 248 730 4.
272 661 416 724 ¹1rritom²
437 665 467 722 iit
489 674 693 737 testamentum,
715 669 739 723 si
756 675 873 724 testator
892 669 979 740 cupite
994 666 1104 723 diminu-

157 763 201 809 tus
217 753 314 820 inerit,
335 759 382 806 ent
397 752 420 806 si
435 753 494 808 iure
510 751 580 808 iacto
603 759 763 808 testamento
785 768 863 808 nemo
885 753 1005 806 extiterit
1018 751 1108 809 heres.

219 833 248 892 d.
272 828 319 891 ²Si
335 835 367 906 is,
391 836 437 908 qui
453 842 643 890 testamentum
665 835 742 906 iecit,
765 835 797 890 eb
812 834 937 891 hostibus
952 844 1047 908 ceptus
1062 837 1108 906 sit,

157 927 346 977 testamentum
362 920 419 974 eius
436 919 522 991 uniet,
538 919 561 974 si
577 919 683 990 quidem
700 936 826 975 reuersus
842 919 937 989 suerit,
961 921 1019 975 iure
1034 928 1109 992 post·

157 1004 264 1076 liminii;
281 1005 304 1059 si
319 1017 385 1059 uero
401 1002 439 1059 ibi
454 1003 610 1072 decesserit,
634 1020 665 1058 er
680 1002 741 1077 iege
756 1003 889 1075 Cornelia,
911 1019 983 1076 quoe
999 1003 1108 1075 perinde

156 1088 354 1145 successionem
369 1087 428 1142 eins
439 1086 590 1157 confirmet,
606 1096 686 1161 atque
701 1090 723 1143 si
739 1089 766 1144 in
779 1088 887 1143 ciuitate
903 1087 1074 1145 decessisset.

223 1167 252 1228 θ.
274 1163 322 1227 ⁸Si
340 1179 444 1243 septem
465 1173 550 1245 signis
571 1172 678 1227 testium
700 1172 834 1245 signatum
855 1173 891 1227 sit
910 1180 1109 1243 testamcutum,

55 1249 149 1301 ¹⁹9¹)oe
163 1255 227 1313 licet
240 1257 298 1312 iure
313 1254 385 1311 ciuili
400 1263 509 1329 ruptum
527 1255 570 1311 uel
584 1256 688 1311 irritum
700 1249 807 1332 tacitum
820 1256 866 1325 sit,
883 1263 992 1328 praetor
1002 1257 1110 1329 seriptis

156 1340 301 1399 heredibus
315 1341 390 1395 tutte
407 1339 510 1395 tubulos
521 1339 653 1395 bonorum
670 1341 870 1413 possessionem
887 1339 941 1409 dot,
957 1341 980 1395 si
997 1348 1110 1396 testator

155 1434 183 1483 et
205 1425 270 1482 ciuis
293 1422 427 1479 Romanus
449 1432 477 1479 et
499 1438 563 1478 suec
585 1425 743 1496 potestatis,
765 1439 827 1479 oum
849 1432 1018 1493 moreretur,
1041 1423 1108 1492 iuit;

156 1525 236 1584 quem
251 1508 387 1564 bonorum
402 1509 601 1580 possessionem
617 1523 676 1563 cum
692 1524 738 1579 re,
760 1507 787 1563 ld
803 1515 844 1564 est
859 1523 919 1563 cum
935 1507 1044 1577 edoctu,
1059 1506 1112 1564 he-

156 1591 233 1661 bent,
248 1592 271 1647 si
286 1607 365 1647 nemo
381 1590 451 1646 elius
466 1593 524 1646 iure
539 1591 617 1646 heres
633 1593 677 1647 sit.

219 1672 245 1732 7.
263 1667 379 1731 ⁴hiberis
394 1673 568 1747 impuberibus
584 1676 611 1729 in
626 1682 760 1746 potestate
776 1673 955 1742 manentibus,
972 1681 1025 1729 tum
1041 1675 1111 1731 nutis

157 1774 235 1834 quam
251 1759 400 1833 postumis,
417 1757 531 1814 heredes
546 1756 711 1813 substituere
732 1766 858 1831 parentes
879 1765 995 1832 possunt
1011 1758 1111 1832 duplici

157 1842 248 1914 modo,
265 1842 291 1898 id
306 1851 349 1898 est
363 1851 410 1897 eut
425 1858 468 1913 co,
489 1857 544 1915 quo
560 1842 701 1912 extraneis,
720 1851 760 1912 ut,
778 1844 801 1897 si
817 1841 928 1898 heredes
944 1857 1000 1897 non
1016 1845 1111 1897 extite-

157 1928 211 1983 rint
228 1927 321 1997 liberi,
343 1925 508 1981 substitutus
528 1925 608 1980 hereo
623 1922 683 1994 [ἱείς
706 1935 752 1981 eut
773 1927 884 1999 proprio
905 1927 980 1994 iure,
1003 1925 1039 1980 ’id
1058 1934 1110 1996 est,

156 2002 233 2087 (αἱ)5
253 2012 276 2065 si
291 2018 482 2082 postmortem
498 2010 617 2080 parentis
640 2009 753 2065 heredes
776 2011 839 2064 iacti
856 2010 925 2064 iutra
941 2009 1111 2082 pubertatem

157 2094 339 2163 decesserint,
367 2091 531 2147 substitutus
555 2092 632 2148 heres
654 2091 709 2151 fiet.
759 2091 788 2150 8.
817 2086 919 2148 ⁶Etiam
942 2091 1110 2148 exheredatis

159 2175 220 2233 filiis
238 2174 402 2231 substituere
417 2174 573 2247 perentibus
596 2175 668 2237 licet.
710 2176 740 2235 9.
764 2169 928 2247 'Quemuis,⁷
956 2192 1010 2231 non
1034 2174 1111 2230 oliter

156 2251 309 2330 ’(ιαηιεη)8
336 2257 460 2331 inpuberi
488 2256 544 2315 [ilio
572 2260 736 2316 substituere
762 2262 822 2333 quis
851 2259 979 2316 heredem
1007 2267 1110 2333 potest,
1122 2266 1182 2316 [⁵0²]

157 2357 237 2481 {leam
253 2342 276 2480 ¹si
291 2335 361 2396 sibit
380 2341 507 2398 heredem
523 2345 670 2400 instituerit
687 2345 730 2400 uei
745 2347 833 2418 ipsum
854 2344 937 2401 titium
958 2343 1001 2398 uel
1018 2359 1111 2417 quem·

168 2426 176 2480 i
195 2432 221 2481 ot
237 2441 250 2480 a
264 2425 328 2482 ium.

232 2608 251 2678 ¹)
267 2611 305 2675 Cf.
324 2610 380 2661 Gai.
395 2623 416 2670 2,
431 2624 554 2665 nst-no.
606 2611 628 2677 ²)
641 2612 678 2676 Cf.
691 2612 842 2670 Puul.s,t⁸.
861 2614 914 2674 §.c
931 2613 984 2673 §.s
1005 2611 1110 2676 Lqutb.

157 2683 419 2747 n.e.perm.(e,1s).
471 2680 491 2747 ⁸)
508 2684 546 2746 Cf.
564 2682 771 2740 deterrent.
787 2683 986 2744 intresecus.
1034 2680 1056 2748 ⁴)
1072 2683 1110 2746 Of.

160 2754 217 2805 ear.
232 2766 254 2812 2,
268 2765 314 2806 itit.
330 2765 376 2804 tet.
406 2752 467 2804 Noli
476 2761 579 2816 putore,
593 2754 661 2802 dano
675 2755 807 2803 materiem
822 2754 848 2801 in
869 2753 926 2801 Vnt.
942 2753 1026 2802 sedem
1039 2768 1111 2802 suum

158 2833 281 2881 rnutoesm·
304 2822 429 2887 Ulpianus
443 2826 600 2887 pupillorem
618 2823 831 2882 substitutionem,
851 2839 901 2887 quo
919 2824 1017 2885 duplex
1035 2831 1111 2873 testo·

157 2903 265 2945 mentum
276 2896 338 2957 fieri
352 2895 465 2951 uidetur,
481 2896 549 2943 inter
564 2895 705 2959 priuitepia
719 2895 911 2942 testamentoria
925 2895 1027 2953 retulit,
1047 2909 1111 2957 quoe

157 2974 229 3030 apte,
248 2965 353 3029 uulpuri
370 2971 576 3013 testamentorum
595 2965 652 3013 iure
670 2963 800 3023 absoluto,
819 2963 988 3012 adiiciuntur.
1050 2961 1071 3028 ⁶)
1086 2963 1112 3011 id

159 3035 204 3100 (ει
226 3036 300 3094 idem,
323 3034 391 3097 quod
412 3034 510 3096 foetum
532 3040 643 3082 erotem
664 3034 726 3083 idom
749 3049 800 3097 pro
823 3033 897 3098 tdcur)
928 3033 986 3082 Vot.
1008 3032 1055 3097 Bp.
1077 3047 1112 3080 ex

158 3104 264 3153 Laebm.
280 3106 312 3167 ej.
329 3100 379 3151 ‘ut'
395 3105 521 3165 suppleuit
536 3110 626 3166 postea
645 3112 704 3153 ente
723 3104 878 3161 substitutus,
897 3111 990 3153 contro
1008 3102 1112 3166 Ulpiani

158 3176 252 3224 stilum.
316 3169 338 3236 ο)
355 3172 392 3234 Cf.
415 3172 472 3221 Gai.
491 3183 517 3229 2,
537 3184 583 3223 182.
648 3171 668 3238 ⁷)
691 3173 751 3223 Turn
770 3175 912 3223 institutum
931 3190 1006 3238 quem
1024 3175 1111 3222 alium.

159 3242 205 3293 Sic
219 3243 401 3305 explicandum
416 3249 441 3290 et
454 3242 515 3291 huie
529 3257 575 3292 suo
589 3245 645 3295 loeo
661 3245 845 3294 restituendum
859 3252 917 3293 eret
930 3261 951 3293 e.
968 3244 1030 3308 quis,
1045 3243 1114 3307 quod

164 3312 223 3363 Vnt.
239 3313 307 3360 inter
321 3312 367 3360 sibi
382 3318 406 3360 et
420 3312 532 3361 heredem
546 3313 635 3370 natet,·
654 3322 763 3378 apparet
781 3317 859 3372 enim,
884 3314 1018 3377 d'ipionum
1037 3315 1077 3376 ἐξ.
1092 3326 1112 3364 e.

159 3388 184 3432 et
197 3394 217 3434 u.
229 3397 280 3445 pro
295 3396 363 3431 more
378 3396 425 3431 suo
440 3383 484 3448 (of.
500 3397 534 3441 11,
550 3394 583 3434 to.
598 3383 642 3448 to»)
657 3393 681 3433 ct
691 3385 803 3448 perinde
817 3401 849 3433 nc
864 3384 1035 3434 Modestinum
1049 3384 1081 3432 L.
1093 3397 1112 3435 1.

159 3455 199 3515 ἓξ.
215 3464 235 3503 2.
250 3464 270 3503 ³.
295 3452 325 3499 D.
342 3452 373 3501 de
388 3454 455 3518 vulp.
474 3462 499 3502 et
512 3470 576 3521 pup.
594 3454 672 3503 subet.
693 3454 741 3519 (28,
756 3454 778 3519 o)
798 3457 907 3503 inoximc
926 3470 1004 3519 opere
1026 3455 1057 3504 de
1073 3456 1112 3513 iis,

160 3523 259 3588 quibus,
274 3522 343 3571 etde
358 3538 399 3582 eo,
415 3539 487 3588 quem
501 3526 558 3588 quis
571 3524 724 3574 substituere
738 3527 835 3588 possit,
850 3527 893 3574 cui
907 3526 1052 3588 quaestioni
1066 3524 1113 3574 hoc

160 3600 257 3642 tantum
270 3593 443 3658 sudinnpitur,
458 3595 527 3658 quod
539 3594 590 3643 sibi
604 3596 654 3658 ipsi
668 3602 785 3659 oportent
794 3594 911 3643 terrentem
922 3597 1072 3650 instituerit,
1087 3602 1114 3643 ut

159 3662 306 3713 substitutio
319 3666 412 3714 ooteut.
477 3662 498 3730 8)
513 3664 579 3714 Eius
597 3673 657 3714 nota
676 3674 709 3713 tm
723 3664 754 3715 ob
769 3666 869 3714 vicinae
890 3666 991 3713 litteras
1005 3665 1113 3723 excidit,

160 3749 217 3784 cum
230 3736 354 3797 scriptum
369 3743 434 3786 esset
447 3735 496 3784 etit.
507 3735 623 3798 inpuberi.
649 3734 761 3785 Possunt
771 3750 831 3784 uero
841 3736 938 3784 ethaeo
948 3737 1041 3784 lunato
1051 3749 1114 3791 esse,

161 3811 249 3853 utnon
264 3805 333 3854 oliter
347 3813 425 3855 tomen
444 3805 616 3870 reponendum
630 3806 664 3854 sit
678 3813 737 3855 unte
751 3821 821 3869 quom
835 3807 864 3854 si.
930 3801 950 3869 ⁹)
966 3805 1038 3856 Loco
1053 3805 1114 3869 quis,

161 3875 230 3939 quod
243 3875 266 3924 h.
282 3878 299 3927 t.
315 3877 406 3925 inserit
425 3876 492 3935 l'ut,
507 3877 574 3939 prius
588 3875 627 3924 ed.
642 3874 691 3940 Bp.
706 3891 740 3925 eor
754 3875 859 3926 Lucium.
875 3877 908 3938 ej.
