2378 4386
166 528 227 593 192
469 543 530 580 um
548 544 648 580 manin.
667 526 688 578 1.
709 529 817 578 76-78.

163 704 234 758 mus,
254 694 375 760 apparet,
393 684 461 740 'siue
477 684 543 740 ciuis
556 683 693 738 Romanus
709 683 881 755 peregrinam
895 684 954 738 siue
967 684 1132 755 peregrinus

164 772 252 826 ciuem
267 770 413 824 Romanam
429 783 542 823 uxorem
558 766 675 837 duxerit,
691 768 809 839 eumqui
821 768 941 823 nascitur
956 769 1131 839 peregrinum

164 867 229 909 esse
235 877 245 917 ‚·
259 855 311 909 aeci
321 852 344 906 si
360 850 469 924 quidem
481 866 534 923 per
546 866 667 906 errorem
680 850 735 906 tale
747 851 948 905 matrimonium
959 860 1132 907 contractum

164 937 256 1002 fuerit,
273 935 408 991 emendari
424 933 529 1006 (potest
544 932 617 1007 eina)
635 936 730 990 uitium
750 927 920 991 sccundum¹
937 951 978 1006 ea,
1002 952 1071 1007 quae
1087 954 1132 992 su·

164 1022 256 1095 perine
271 1019 401 1085 diximus3
418 1019 441 1075 si
457 1034 524 1075 uero
540 1019 633 1075 nulius
648 1035 727 1075 error
737 1021 922 1095 intervenerit,
937 1018 1003 1090 (aet)
1015 1021 1131 1076 scientes

164 1120 240 1159 suam
255 1102 441 1160 condicionem
463 1105 500 1159 ita
518 1105 651 1176 coierint,
672 1104 749 1160 nuilo
770 1120 835 1160 casu
855 1103 1014 1160 emendatur
1035 1106 1131 1160 uitium

165 1190 223 1244 eius
239 1188 411 1244 matrimonii.

227 1267 274 1331 76.
289 1271 438 1345 Loquimur
449 1281 539 1330 autern
555 1272 589 1329 de
605 1273 646 1328 bis
662 1271 774 1342 scilicet,
790 1271 888 1344 (inter)
904 1289 974 1346 quos
986 1272 1131 1329 conubium

166 1373 222 1413 non
236 1359 286 1430 sit3
304 1373 364 1412 nam
381 1357 499 1431 alioquin
515 1359 538 1413 si
553 1357 621 1413 ciuis
636 1357 771 1413 Romanus
792 1359 975 1431 peregrinam,
996 1373 1057 1412 cum
1080 1375 1132 1430 qua

166 1443 191 1498 ei
207 1440 353 1498 conubium
368 1450 421 1514 est,
439 1458 549 1498 uxorem
564 1441 681 1512 duxerit,
698 1443 771 1498 sicut
784 1458 867 1515 supra
881 1458 991 1516 quoque
1006 1441 1132 1512 diximus,

166 1527 268 1582 iustum
295 1527 496 1582 matrimonium
521 1526 658 1582 contrahit
678 1535 706 1582 et
726 1535 792 1582 tunc
814 1542 847 1582 cx
873 1527 906 1583 iis
928 1529 974 1600 qui
1002 1528 1132 1590 nascitur,

167 1612 235 1667 ciuis
254 1610 391 1666 Romanus
411 1620 453 1667 est
474 1620 501 1666 et
523 1613 550 1665 in
572 1619 710 1684 potestate
728 1612 813 1684 patris
834 1613 896 1669 erit.
925 1608 971 1668 77.
987 1603 1136 1684 ’itemque²

167 1696 190 1750 si
202 1696 270 1751 ciuis
282 1696 400 1750 Romana
412 1696 569 1768 peregrino,
585 1711 646 1750 cum
658 1711 713 1768 quo
725 1696 749 1750 ei
761 1695 906 1753 conubium
919 1705 972 1767 est,
988 1688 1136 1769 nupserit³‚

168 1782 333 1855 peregrinus
343 1796 408 1834 saue
416 1769 576 1852 procreatur
585 1786 614 1834 et
625 1779 649 1833 is
661 1781 750 1835 iustus
760 1783 844 1853 patris
857 1780 988 1850 titionem,
1001 1788 1135 1853 tamquam

108 1863 151 1914 2¹·
170 1867 194 1921 si
205 1882 237 1921 ex
248 1865 391 1939 peregrina
400 1879 461 1918 eum
473 1872 654 1936 procreasset.
667 1856 672 1940 Ι
686 1864 741 1921 boc
752 1875 839 1921 tamen
850 1873 972 1937 tempore
985 1880 1000 1919 e
1012 1873 1135 1920 senatus·
1149 1872 1176 1924 [¹
1187 1881 1189 1906 ¹

167 1948 306 2018 consulto,
322 1947 396 2021 quod
410 1956 522 2004 auctore
537 1946 601 2002 diuo
617 1950 788 2005 sanctissimo
800 1942 949 2003 Hadriano⁴
964 1949 1064 2004 iactum
1080 1957 1133 2019 est,

170 2036 249 2090 etiam
271 2034 364 2088 sinon
385 2031 467 2088 iuerit
486 2031 631 2088 conubium
652 2035 724 2089 inter
744 2035 830 2089 ciuem
845 2031 989 2087 Romanam
1011 2041 1039 2088 et
1059 2049 1136 2104 pere·

169 2120 290 2192 prinum,
306 2118 352 2191 qui
368 2119 495 2186 nascitur,
512 2119 600 2173 iustus
615 2120 699 2192 patris
714 2117 787 2173 iilius
803 2124 855 2174 est.
872 2112 939 2183 178.
955 2115 1033 2183 Quod
1046 2125 1136 2171 autem

169 2203 294 2270 diximus,
316 2202 387 2256 inter
402 2203 490 2259 ciuem
506 2201 651 2258 Romanam
670 2204 898 2276 peregrinumque
919 2204 975 2257 nisi
989 2203 1137 2257 conubium

169 2281 232 2357 sit,⁶
252 2289 303 2359 qui
319 2289 323 2353 Ι
340 2287 472 2356 nascitur,
489 2290 665 2361 peregrinum
681 2302 753 2356 esse,
773 2285 797 2341 'e
817 2287 880 2359 iepc
895 2286 1017 2342 Minicia
1033 2280 1137 2353 canini

170 2389 228 2445 quo
245 2378 362 2426 cnutum
377 2374 383 2438 Ι
400 2368 469 2443 ’est‚
496 2381 527 2428 ut
545 2372 568 2426 is
591 2363 714 2446 quidem⁷
730 2373 883 2427 deterioria
904 2373 1022 2444 parentis
1044 2370 1137 2427 contii·

142 2546 148 2557 .
243 2501 263 2569 ¹)
278 2504 323 2555 Ex
351 2502 404 2554 V't.
440 2505 494 2554 Sed
516 2504 617 2571 p(otest)
643 2505 716 2572 c(ius)
737 2514 798 2570 post
821 2506 954 2555 emenda-ri
972 2505 1090 2568 supplevi
1113 2508 1137 2550 et

171 2577 246 2626 initio
260 2593 283 2628 c.
299 2589 331 2627 14.
348 2593 413 2642 qnae
427 2579 518 2626 retulit
531 2576 569 2627 St.
584 2578 606 2625 c'
622 2592 658 2626 cx.
673 2577 704 2639 cl,
719 2580 879 2641 interpretur
892 2578 977 2640 sariam
992 2575 1066 2635 sccd.‚
1079 2575 1136 2637 for-

170 2654 238 2697 tease
259 2665 276 2698 a
295 2647 406 2699 librario
425 2657 559 2712 corrupta.
593 2648 714 2698 emendari
734 2649 818 2698 uitium
838 2650 889 2697 eius
909 2662 936 2696 ex
953 2653 1059 2696 senatus
1078 2660 1136 2694 con-

170 2722 237 2770 auito
253 2720 312 2769 licet
327 2720 487 2784 (sectandum)
501 2721 542 2768 ed.
556 2718 631 2768 stud.
684 2717 705 2784 ¹)
720 2719 766 2768 Ex
779 2720 886 2769 Lachne.
901 2721 934 2780 φ’.
950 2718 1029 2780 itaque
1043 2714 1136 2765 Sched.

176 2788 222 2839 V’i
243 2790 307 2854 (pro
330 2791 429 2854 itoqnc).
495 2787 515 2854 ³)
535 2790 644 2853 nupserit
659 2789 663 2854 Ι
680 2791 727 2838 erit
750 2787 796 2838 V't
813 2798 838 2838 et
859 2789 953 2838 deinde
975 2788 1136 2851 peregrinum.

171 2859 194 2925 ⁴)
208 2862 349 2910 hadrianei
370 2857 423 2908 VR.
442 2861 490 2908 sed
502 2875 559 2908 cum
573 2859 604 2906 de
619 2860 833 2922 interpretatione
848 2859 993 2909 sanctissimi
1010 2857 1053 2924 (L.
1069 2870 1089 2909 a.
1105 2857 1136 2905 D.

171 2931 471 2987 denutoi.rest.t0,11.
491 2929 522 2980 L.
537 2941 571 2980 8⁷.
592 2931 614 2989 §.
629 2942 650 2980 t.
670 2930 702 2978 D.
717 2930 749 2979 tie
765 2933 812 2995 lep.
828 2942 848 2980 2.
871 2930 931 2980 tii.
946 2930 976 2978 L.
992 2930 1017 2977 V.
1034 2942 1053 2978 1.
1070 2944 1136 2976 num.

171 2992 234 3050 tibh.
250 3013 310 3051 tait.
325 2998 399 3063 atae),
415 2999 484 3062 qnod
493 3001 520 3047 in
530 3007 591 3048 nota
601 3003 617 3049 s'
628 3002 740 3063 accipio,
755 3018 788 3050 aa
799 3002 957 3050 sacratissimi
967 2999 1014 3066 (cs.
1024 3000 1060 3047 od
1069 3012 1089 3058 1,
1099 2998 1137 3061 bt)

171 3068 292 3118 dubitare
306 3071 391 3125 liceat,
406 3077 476 3118 certe
489 3069 554 3119 boec
567 3084 620 3119 coac
633 3086 668 3119 ex
679 3080 807 3135 perpetuu
821 3075 898 3122 etium
915 3074 941 3121 in
957 3070 1135 3133 inscriptioni-

171 3138 218 3188 bna
232 3140 416 3189 consuetudine
430 3141 527 3189 nomini
541 3142 706 3203 imperatoris
722 3145 909 3207 praeponenda
928 3150 974 3194 est.
1002 3141 1041 3204 Cf.
1061 3141 1138 3190 etiam

172 3222 198 3271 1,
216 3220 251 3261 tt.
274 3220 300 3270 s,
319 3220 366 3261 aab.
400 3209 511 3259 Addidit
527 3219 590 3274 parto
612 3212 694 3261 Gaius
711 3215 759 3265 boc
774 3217 884 3280 elogium
903 3216 942 3263 oei
961 3228 1011 3263 non
1026 3211 1138 3268 addidit,
1175 3249 1181 3255 .

169 3287 250 3344 prout
269 3281 295 3329 in
316 3280 371 3342 ipso
389 3285 612 3333 senatusconsulto
631 3286 781 3343 inuenerem·
801 3303 860 3335 nom
873 3301 908 3335 em
921 3286 989 3334 actis
1004 3283 1140 3332 Hadriani

173 3353 200 3401 in
214 3358 305 3400 senatu
320 3358 417 3400 tantum
427 3354 551 3416 refertur.
599 3352 621 3420 ⁶)
635 3354 689 3418 Sic,
700 3358 769 3421 quod
778 3359 805 3406 in
815 3358 854 3408 ed.
867 3369 888 3407 t.
898 3357 1086 3419 aappieoerem,
1100 3368 1139 3402 ce·

172 3423 283 3472 ciendum
297 3420 386 3486 Suppl.
400 3421 438 3472 St.
449 3440 478 3487 p.
498 3424 602 3474 XXIV
617 3431 720 3478 motuni.
790 3426 812 3494 ⁶)
831 3431 871 3478 oei
887 3424 958 3492 ‘iepc
973 3424 1086 3474 Minicia
1100 3423 1138 3484 cf-

169 3490 307 3559 lica't(nr)’,
321 3509 378 3542 cum
391 3495 457 3543 uenit
472 3497 498 3544 in
515 3495 541 3545 C.
553 3497 638 3559 fuisse
652 3508 768 3565 nepetnr.
830 3497 851 3563 π)
866 3515 879 3547 e
894 3506 921 3547 ut
934 3498 955 3546 si
969 3496 990 3544 is
1005 3494 1075 3558 quern
1096 3488 1141 3541 V*t

174 3566 269 3613 titteris
282 3566 420 3614 mimum
431 3575 533 3629 portem
544 3570 663 3631 pallidis,
678 3588 692 3620 e
706 3571 798 3636 quibus
810 3572 831 3620 si
845 3572 907 3620 citio
923 3566 1030 3617 librarii
1044 3564 1138 3615 tribuo.

177 3634 248 3695 Qnoe
260 3643 403 3700 aequantur
417 3639 444 3686 in
459 3638 483 3686 b.
498 3640 532 3700 5.,
546 3654 581 3687 aar
600 3640 652 3703 Vti,
663 3651 800 3708 postquam
809 3645 887 3706 piene
901 3639 1021 3700 innotuit,
1035 3644 1060 3686 et
1075 3651 1141 3702 quoe

173 3708 225 3772 lapi
244 3722 294 3756 non
310 3714 465 3771 potuerunt,
489 3712 639 3765 adsensum
659 3723 684 3764 et
702 3716 783 3778 spatii
799 3716 928 3763 rationem
943 3708 1055 3760 restitui.
1086 3708 1141 3757 Pro

173 3776 387 3805 ——t—
501 3787 507 3796 .

245 3828 328 3900 5⁷⁶·
350 3833 477 3896 Cf.§.nc.
546 3837 572 3909 §-
588 3842 630 3892 tn.
652 3840 690 3903 Os.
707 3839 765 3888 Lin.
780 3849 815 3900 aa,
830 3848 850 3888 a.
870 3837 894 3898 §-
913 3847 934 3887 ο.
954 3847 993 3896 m,
1012 3846 1047 3885 an.
1066 3837 1090 3895 ᾗ.
1107 3846 1142 3883 11.

174 3914 257 3967 naec
277 3906 300 3965 ξ.
316 3916 336 3956 c.
393 3901 419 3973 §-
435 3907 478 3957 78.
495 3905 533 3970 Cf.
553 3911 680 3975 (tipus.
