2378 4386
177 566 237 631 786
379 585 476 623 ranan.
496 586 549 622 nvn.
568 587 628 622 aon.
648 585 735 622 nnuc.
755 573 927 623 θῶν-259.

177 726 231 776 tur.
262 717 327 773 Cum
340 725 427 772 autem
443 715 562 772 creditor
580 719 722 788 pecuniae
737 719 777 772 ita
794 723 877 773 recte
896 721 1046 791 perficiat
1061 723 1144 779 dona·

177 806 286 869 tionem,
298 801 320 855 si
333 798 439 855 debitor
451 801 601 872 pecuniam,
614 798 811 873 quamdeiepat
821 803 882 870 itte,
897 802 976 860 Titio
984 810 1143 878 promittat,

177 902 215 940 an
230 890 259 939 et
276 898 332 954 per
350 871 654 939 iitis'contestatione¹
678 883 775 939 iactam
796 885 982 943 nouationem
1003 891 1080 945 idem
1099 893 1144 962 fiet

176 971 206 1024 in
224 968 371 1038 praediis,
394 969 420 1022 si
433 981 530 1023 earum
544 968 669 1039 tepotum
689 970 775 1040 quasi
789 982 848 1038 per
863 969 1015 1040 quandam
1037 972 1142 1046 stipula·

178 1052 277 1107 tionem
294 1051 367 1105 uenit
382 1054 411 1106 in
426 1052 517 1117 litem,
540 1068 626 1124 quam
640 1053 777 1122 tepatarii
790 1055 906 1107 nomine
925 1053 1026 1112 Titius
1040 1057 1142 1113 inchoa·

177 1134 234 1189 uiti
270 1132 420 1209 Respondi,
441 1136 627 1206 praediorum
642 1150 698 1190 non
719 1140 776 1189 tum
791 1142 930 1206 caeptam
950 1139 1141 1209 donationem,

176 1218 300 1275 noudum
320 1220 501 1290 possessione
522 1217 633 1287 tradita,
656 1232 733 1290 quam
755 1218 863 1273 inritam
881 1234 968 1284 esse,·
991 1241 1054 1281 non
1077 1229 1142 1281 enin

176 1305 219 1359 sic
231 1306 372 1375 pecunia,
393 1311 424 1358 ut
438 1306 468 1359 in
483 1317 533 1370 ea,
553 1319 639 1374 quam
654 1305 719 1373 quis
732 1302 893 1373 detepando
909 1305 1053 1380 donauit,
1075 1311 1103 1364 in
1115 1309 1142 1363 iis

177 1387 294 1460 praediis
309 1386 370 1442 fuit.

240 1467 322 1528 25³⁸.
355 1462 461 1529 'Item.²
504 1470 680 1525 Donationes
693 1472 722 1523 in
737 1469 931 1526 concubinam
951 1475 1079 1532 cottatss
1093 1492 1141 1532 non

176 1570 257 1631 posse
273 1554 410 1622 reuocari,
433 1556 575 1621 conuenit,
597 1567 651 1608 nec
666 1555 692 1607 si
705 1555 917 1609 matrimonium
934 1559 1021 1613 inter·
1037 1562 1141 1618 eosdem

176 1644 275 1712 postea
285 1637 379 1708 suerit
390 1643 578 1703 contractum,
595 1634 627 1690 ad
639 1636 743 1690 irritum
757 1635 888 1706 recidere,
904 1643 990 1710 quod
1000 1651 1074 1700 ante
1086 1647 1141 1700 iure

177 1722 274 1778 uatuit.
311 1738 350 1776 an
373 1728 466 1777 autem
489 1721 630 1775 maritatis
650 1720 742 1775 donor
757 1726 785 1773 et
807 1718 915 1776 aiiectio
939 1725 1053 1795 pridem
1069 1744 1140 1801 prae·

176 1805 298 1874 cesserit,
313 1800 388 1859 'cum
404 1805 520 1859 tabulae
534 1803 607 1859 dotis
622 1798 891 1874 consipnarentur‚³
908 1814 1058 1874 personis
1072 1810 1181 1869 conr-itti

172 1889 295 1962 paratis,
316 1888 387 1944 uitae
401 1887 592 1944 coniunctione
608 1888 791 1942 considerata
805 1891 1056 1959 perpendendum
1072 1910 1141 1965 esse,

176 1974 322 2045 respondi.

239 2053 308 2116 aot.
340 2051 440 2112 ⁴Item.
479 2055 597 2125 Species
617 2060 704 2109 esna
724 2055 816 2110 dotem
832 2071 850 2108 a
866 2062 967 2113 matre
987 2062 1073 2131 filiae
1093 2080 1140 2120 no

176 2146 249 2198 mine
264 2144 329 2197 uiro
344 2139 455 2195 traditas
471 2136 556 2205 iiiios,
580 2152 648 2208 quae
660 2152 805 2207 praesens
816 2136 889 2209 suit,
914 2142 1044 2199 donatas
1059 2147 1141 2201 etad

177 2240 212 2281 ea
228 2229 290 2281 uiro
306 2223 429 2278 traditos
443 2221 547 2287 uideri,
569 2220 711 2293 respondi3
736 2237 785 2275 neo
800 2227 912 2277 matrem
929 2228 1077 2298 offensam
1091 2244 1138 2284 re-

173 2310 337 2378 petitionem
351 2305 467 2372 tatere,
485 2304 531 2358 uei
544 2317 594 2358 eas
610 2310 687 2359 recte
703 2304 846 2370 uindicare,
862 2306 937 2379 qnod
953 2310 999 2364 uir
1009 2311 1137 2380 eruisset,

176 2396 263 2446 extra
279 2389 370 2444 dotem
386 2388 483 2443 usidus
499 2389 618 2457 puellae
639 2389 694 2444 sidr'
713 2389 852 2451 traditam·
873 2405 936 2446 cum
953 2409 986 2448 eo
1002 2393 1137 2469 signifia-

176 2474 250 2528 tione
265 2487 318 2528 non
335 2473 433 2529 modus
447 2473 609 2527 donationis
623 2472 798 2539 declaretur,
814 2487 869 2528 nec
881 2475 990 2531 abusu
1002 2483 1138 2552 proprie·

176 2565 217 2613 tas
231 2564 380 2628 separetur,
398 2555 445 2611 sed
461 2555 594 2629 peculium
610 2573 628 2610 a
643 2557 707 2612 dote
719 2557 835 2627 puellae
851 2558 1066 2631 distinpuatar.

238 2637 305 2700 255.
315 2635 421 2698 ditem.
449 2640 549 2709 Pater,
564 2642 615 2711 qui
626 2641 711 2710 filiae,
729 2657 813 2713 quam
824 2639 925 2697 habuit
935 2645 966 2698 in
980 2653 1136 2716 potestate,

175 2729 317 2797 mancipio
331 2726 453 2793 donauit,
468 2731 496 2779 et
511 2722 644 2796 peculium
659 2726 857 2794 emancipatae
872 2741 930 2781 non
945 2729 1067 2801 ademit,
1083 2731 1136 2787 'uei

175 2810 282 2866 decede
304 2824 338 2864 ea
361 2813 422 2866 sine
445 2809 579 2879 beneficio
602 2808 828 2879 emancipationis
857 2813 967 2881 scripta
991 2806 1136 2884 decessit‘

176 2909 216 2951 ex
228 2901 293 2965 post
305 2892 388 2963 sacto
403 2895 582 2948 donationem
596 2889 749 2946 uidebatur
761 2890 928 2962 perfecisse.

238 2973 305 3037 256,
334 2970 426 3033 ⁷1tem.
463 2974 534 3031 Inre
548 2974 633 3045 filias.
653 2977 861 3046 passessionem
877 2977 1055 3036 donatorum
1071 2985 1135 3038 reti·

175 3093 387 3103 ..-..-.—--

249 3150 269 3218 ¹)
283 3155 446 3217 stipulatione
460 3152 517 3201 edd.
537 3151 630 3202 Haitw.
647 3151 759 3202 diomms.
833 3146 979 3214 ¹)Addidi.
1009 3153 1135 3220 Sequitur

175 3224 207 3272 L.
223 3235 247 3275 si
260 3239 302 3286 pr.
323 3224 354 3273 D.
370 3224 402 3271 de
415 3224 475 3271 don.
490 3222 534 3283 (³9,
549 3221 580 3285 a).
606 3221 691 3283 ΟΜ.
707 3233 726 3274 ³.
747 3222 770 3282 ἕ.
786 3233 806 3275 ι.
826 3220 858 3269 L.
874 3231 954 3284 depr.
977 3223 1011 3273 D.
1027 3226 1133 3277 dedan.

176 3296 222 3343 int.
237 3296 286 3342 air.
301 3291 346 3357 (rt,
361 3292 391 3357 1).
457 3288 476 3354 Β)
492 3290 566 3339 Haec
576 3292 688 3353 periisse
703 3292 831 3352 videntur,
846 3293 906 3354 quia
922 3293 948 3339 in
964 3292 1027 3359 Dap,
1044 3297 1073 3344 in
1084 3299 1136 3360 fine

175 3364 298 3412 additur:
313 3359 483 3424 ‘nequeenim
497 3359 598 3408 tabutas
609 3361 701 3421 facere
716 3359 924 3414 matrimoniurn',
951 3362 990 3423 Cf.
1008 3364 1081 3417 11.oe
1092 3383 1134 3430 pr.

176 3432 207 3482 D.
223 3432 255 3478 de
269 3431 328 3479 don.
344 3433 389 3481 int.
405 3431 453 3478 nir.
469 3428 515 3492 (st,
530 3429 560 3494 1).
626 3427 648 3494 ⁴)
666 3429 710 3478 Est
724 3431 756 3480 L.
771 3442 805 3482 si.
820 3433 842 3492 §-
859 3443 878 3480 1.
898 3431 930 3482 D.
945 3433 1018 3495 ead,
1036 3437 1087 3485 sed
1101 3437 1137 3485 itt

171 3502 284 3565 plenior.
351 3497 371 3564 δ)
387 3499 434 3547 Est
448 3498 479 3552 11,
494 3511 528 3550 si.
544 3501 568 3560 ξ.
583 3511 603 3548 ti.
619 3499 650 3550 D.
666 3500 721 3549 eod.
787 3497 937 3566 ⁰)Restitur'
951 3507 1134 3555 reemendari.

175 3571 222 3619 uita
238 3569 300 3633 (pra
310 3568 420 3634 scripta)
435 3569 493 3618 Vat.
503 3570 561 3622 edd.
585 3568 730 3619 Secundum
745 3571 772 3618 V
774 3568 793 3618 θ.
810 3573 836 3619 in
852 3570 882 3619 V.
898 3586 953 3620 esse
964 3581 1030 3634 puto
1044 3577 1136 3625 donis·

175 3643 227 3691 dria
241 3638 309 3703 (curn
323 3648 453 3703 oporteret
473 3640 547 3689 -ionis
562 3639 643 3705 scria).
673 3641 711 3689 lie
730 3657 759 3689 re
779 3642 814 3703 cs.
829 3642 852 3701 ξ,
868 3651 915 3692 ast.
944 3641 976 3689 In
992 3644 1055 3709 inp.
1071 3646 1136 3695 daec

175 3712 268 3761 amissa
289 3718 348 3759 sunt
368 3720 475 3774 propter
496 3710 527 3761 L.
547 3722 580 3761 25.
609 3711 634 3762 0.
654 3711 685 3759 de
707 3711 766 3760 don.
788 3713 832 3761 int.
855 3712 903 3760 uir.
927 3710 958 3775 (5,
978 3713 1024 3778 is).
1062 3714 1138 3774 Quod

176 3782 290 3832 Monuns.
305 3784 432 3845 supplevit
448 3779 483 3830 ‘si
497 3781 589 3830 deinde
603 3796 634 3829 ea
644 3788 705 3843 post
719 3782 785 3829 diem
799 3782 1001 3844 entrancipationis
1022 3783 1071 3830 nite
1092 3785 1137 3832 de·

175 3849 259 3902 cessit'
276 3853 378 3902 adrem
398 3868 447 3901 nan
465 3853 585 3915 pertinet.
661 3849 680 3915 7)
697 3850 819 3908 destitui,
835 3858 862 3900 ut
877 3850 1024 3914 probabitis
1041 3866 1137 3904 sensus

176 3930 324 3986 appareret.
355 3923 392 3985 Cf.
408 3922 439 3974 11.
455 3934 488 3974 aa.
504 3923 527 3983 ξ.
543 3934 562 3971 1.
578 3920 610 3972 D.
625 3921 711 3970 darei
725 3922 793 3971 uind.
809 3920 841 3987 (s,
851 3919 882 3985 ι).
898 3920 929 3971 t.
944 3932 965 3972 s.
985 3921 1018 3970 D.
1034 3922 1067 3972 de
1082 3924 1136 3975 dot.
