2378 4386
203 204 234 221 ¹:⁶-

122 231 156 245 ,σ-
225 234 252 251 --,

0 2638 57 2679 aa.

113 544 173 608 744
323 566 420 602 suasu.
440 567 492 602 rvr.
511 566 572 602 nou.
592 567 677 604 varas.
696 552 811 602 83-8t.

111 699 193 755 serui.
217 695 249 752 Et
263 699 301 753 ita
315 696 431 753 lulianus
447 713 556 770 quoque
570 695 617 754 lib.
633 696 729 751 xxxv.
746 693 806 766 liig.
822 694 934 769 scribit,
951 699 1083 769 quamuis

112 780 239 838 Scaeuola
254 780 324 853 apud
339 780 491 836 ilarcellum
508 781 631 836 dubitans
647 788 734 837 notet.
779 773 876 835 Num¹
900 782 927 835 sl
942 781 999 837 sub
1015 798 1082 840 cou-

111 864 214 920 dlclone
230 865 264 919 sit
280 864 403 934 legatus,
426 867 516 937 potius
532 881 564 920 ex
580 880 694 938 persona
710 864 812 919 domini
828 866 969 920 constitui
987 881 1080 922 usum·

111 948 237 1018 fructum,
259 946 399 1004 Marcellus
414 947 460 1004 lib.
478 948 541 1004 Xlll.
558 949 615 1022 liig.
633 948 742 1015 scribit;
764 944 810 1002 ubi
826 945 968 1004 Scaeuola
985 959 1079 1006 notat:

111 1031 187 1104 ‘quid
209 1032 232 1085 sl
255 1030 355 1104 purei'
392 1031 439 1088 scd
461 1032 582 1088 dubitare
605 1049 658 1088 non
681 1031 790 1100 debuit,
813 1046 875 1086 cum
901 1040 931 1088 et
955 1031 1080 1090 lulianus

110 1112 219 1184 scribut,
242 1132 273 1170 ex
298 1131 413 1188 persona
435 1119 506 1171 serui
530 1117 666 1172 constitui.
710 1114 861 1170 secundum
878 1131 952 1189 quae
972 1117 1017 1173 ius
1034 1119 1080 1175 ad,-

109 1198 247 1255 crescendi
263 1199 351 1255 locum
368 1198 476 1256 haberet
491 1202 518 1256 in
534 1198 639 1255 duobus
654 1201 751 1267 seruis,
774 1199 796 1253 si
817 1200 881 1270 quis
906 1204 1078 1258 contrariam

109 1276 282 1339 sententiom²
298 1282 433 1357 probaret.
463 1283 511 1339 sed
526 1300 606 1353 nunc,
627 1281 774 1339 secundum
790 1282 888 1337 iuliani
904 1287 1078 1341 sententiam

109 1374 137 1424 et
150 1365 262 1437 Neratii,
281 1374 368 1422 cessat
384 1369 515 1439 quaestio.

171 1447 220 1511 83.
245 1443 320 1506 ³licn
336 1450 424 1505 solum
440 1453 567 1506 autemst
588 1449 692 1506 duobus
716 1448 768 1504 ‘do
784 1447 866 1522 lego’
893 1452 1077 1509 ususfructus

108 1534 226 1609 legetur,
242 1536 344 1590 eritius
358 1533 538 1597 adcrescendi
557 1550 651 1590 uerum
666 1532 724 1607 ’(et)
739 1526 776 1588 si*
788 1532 866 1615 alteri
879 1535 1075 1607 ususfructus,

109 1619 185 1675 alteri
202 1620 368 1691 proprietas:
390 1634 449 1672 nam
465 1619 604 1674 amittente
621 1616 816 1672 usumfructum
833 1616 934 1690 altero,
952 1622 1000 1675 cui
1017 1629 1075 1676 erat

109 1701 226 1773 legatus,
243 1703 327 1774 magis
338 1703 396 1756 iure
408 1701 579 1757 adcrescendl
591 1700 623 1755 ad
635 1701 747 1756 alterum
760 1701 889 1773 pertinet,
903 1719 990 1774 quam
1002 1704 1073 1760 redit

107 1784 140 1839 ad
156 1785 358 1857 proprietatem.
401 1784 455 1839 Nec
470 1799 586 1840 nouum:
609 1799 668 1839 nam
684 1793 711 1840 et
726 1785 749 1839 si
765 1783 872 1838 duobus
890 1786 1071 1845 ususfructus

108 1867 224 1942 legetur,
241 1875 268 1923 et
283 1868 353 1941 apud
368 1867 481 1924 alterum
498 1869 532 1922 sit
547 1867 740 1938 consolidatus,
759 1869 802 1922 ius
817 1867 1000 1926 adcrescendi
1015 1886 1071 1927 nou

108 1953 193 2024 perit;
216 1968 266 2008 nec
281 1954 316 2023 el,
338 1951 408 2025 apud
424 1968 503 2025 quem
519 1951 702 2007 consolidatus
719 1959 773 2018 est,
796 1966 886 2022 neque
910 1951 943 2007 ab
968 1970 1019 2010 ec:
1041 1963 1070 2010 et

107 2036 165 2110 ipse
189 2035 285 2109 quibus
308 2035 394 2091 modis
417 2036 549 2090 amitteret
569 2043 631 2089 ante
651 2034 904 2106 consolidationem,
927 2036 1026 2093 lisdem
1042 2047 1070 2093 et

107 2136 179 2176 nunc
194 2123 254 2193 ipso
270 2118 377 2191 quidem
392 2119 451 2172 iure
466 2133 519 2172 non
542 2119 661 2192 amittet;
684 2119 730 2173 sed
754 2125 878 2190 praetor,
901 2118 1066 2175 subsecutus
1078 2124 1123 2172 [su

108 2204 258 2275 exemplum
281 2203 346 2256 iuris
369 2199 466 2270 ciuilis,
489 2199 584 2255 utilem
599 2203 731 2257 actionem
750 2199 823 2256 dabit
846 2201 1013 2258 fructuario:
1035 2210 1066 2259 et

107 2288 143 2341 ita
159 2285 265 2339 Neratio
281 2289 308 2338 et
323 2283 443 2337 Aristoni
466 2282 584 2354 uidetur,
606 2293 634 2340 et
649 2285 812 2357 Pomponius
828 2285 935 2357 probat.
974 2303 1068 2359 quam

108 2383 186 2441 quam
201 2366 318 2421 lulianus
341 2365 386 2420 lib.
408 2364 507 2421 xxxv,
528 2367 585 2440 ltig.
608 2367 722 2436 scribat,
746 2367 798 2439 ipsi
823 2368 932 2440 quidem
954 2371 1001 2426 ius
1023 2372 1069 2427 ad·

107 2448 244 2507 crescendi
262 2440 265 2525 l
283 2456 448 2519 conpetere,
466 2466 521 2506 non
537 2467 606 2508 uero
619 2451 787 2522 fructuario
803 2453 839 2507 ab
855 2447 917 2509 eo.⁵

310 2526 397 2596 [Duae
414 2537 460 2578 out
478 2539 600 2594 quattuor
613 2533 729 2596 pupinus
746 2528 859 2599 desunt]

0 2572 108 2645 '⁰l17]
174 2599 223 2659 st.
240 2602 272 2660 Si
283 2607 371 2660 citeri
384 2604 542 2675 usufructu
558 2610 644 2673 serui,
662 2608 749 2660 atteri
759 2620 845 2662 seruo
859 2608 966 2679 topato,
984 2611 1072 2666 iseui

106 2703 211 2744 seruus
220 2689 332 2761 tepotus
340 2688 451 2760 suerat,
466 2692 672 2759 manumiserit,
681 2690 782 2744 deinde
791 2692 959 2747 amissurae
970 2695 1069 2751 altero

106 2771 296 2844 ususfructus
308 2777 335 2828 ei
344 2781 506 2843 accrescat,
517 2775 764 2828 manumissionem
776 2788 815 2830 ex
823 2781 890 2844 port
898 2773 987 2844 fecto
999 2793 1068 2833 eon·

105 2849 284 2927 notescere,⁶
298 2854 406 2912 difficile
418 2863 460 2911 est
472 2855 570 2912 dicere.
587 2871 745 2928 quamquam
757 2871 812 2911 nou
827 2857 863 2912 sit
877 2856 973 2930 longe,
991 2859 1067 2932 quod

105 2938 245 2996 llarcellus
261 2939 307 2995 lib.
324 2931 405 2997 ’xiii
422 2939 478 3012 utg.
495 2939 597 3009 scribit,
620 2941 642 2994 si
659 2937 764 2994 duobus
781 2956 847 3012 pure
862 2937 974 2996 Stichus
990 2942 1068 3016 lege·

107 3030 160 3093 tur,
183 3033 211 3078 et
229 3021 298 3080 alter
314 3025 493 3091 manumittat,
515 3022 583 3079 alter
598 3032 660 3096 post
677 3024 912 3079 manumissionem
928 3025 1069 3097 repudiet,

107 3105 152 3162 uhi
168 3123 223 3162 non
240 3105 270 3163 fit
285 3107 425 3176 caducum,
442 3104 591 3162 libertatem
607 3107 697 3162 locum
709 3105 815 3161 habere.
844 3105 983 3179 idemque,
1000 3111 1068 3165 etsi

107 3189 188 3247 heres
203 3190 368 3246 deliberante
384 3189 514 3263 legatario
530 3191 713 3258 manumittat,
738 3206 799 3245 mor
820 3188 967 3262 legatarius
984 3207 1068 3266 repu-

107 3272 235 3329 diauerlt:
252 3290 311 3328 nam
328 3273 380 3328 hoc
394 3287 458 3327 casu
473 3269 586 3326 liberum
603 3272 661 3328 fore
676 3274 722 3328 alt.

180 3469 199 3533 ¹)
216 3471 244 3519 ad
260 3469 288 3518 V
284 3479 319 3520 ut.
335 3480 359 3521 at
372 3472 411 3522 ed.
423 3471 516 3523 Hoilw.
528 3472 640 3524 Momms.
652 3482 742 3525 antea:
756 3475 866 3524 dubitare
876 3489 910 3523 se.
960 3472 982 3541 ³)
1000 3477 1067 3528 Con·

107 3543 216 3591 truriom
230 3544 371 3591 sententiae
386 3541 484 3591 Iuliani
498 3551 522 3591 et
538 3542 642 3592 Neratii
655 3547 693 3607 §5-
709 3557 742 3596 tu.
757 3557 791 3596 te.
842 3542 863 3608 ⁸)
879 3566 912 3586 ι-
928 3544 960 3594 t.
971 3557 992 3596 a.
1009 3549 1033 3609 §-
1045 3561 1065 3598 s.

106 3613 138 3661 1).
154 3611 186 3659 ib.
239 3608 259 3677 ⁴)
274 3610 319 3661 Ec
333 3613 393 3677 usp.
408 3615 491 3676 suppl.
543 3612 564 3678 ⁵)
579 3614 672 3663 Hollw.
687 3619 770 3678 suppl.
818 3611 1065 3679 undeciremem

105 3684 229 3745 supplevi.
263 3682 301 3731 De
320 3683 483 3747 sequentibus
501 3684 536 3746 cs.
556 3683 587 3733 L.
602 3696 634 3737 15.
659 3685 691 3734 D.
711 3686 742 3734 de
760 3684 813 3733 reb.
833 3684 891 3733 dub.
908 3684 958 3750 (tt,
977 3684 1009 3750 ὁ).
1028 3687 1062 3735 L.

106 3764 194 3803 ut-tt
204 3767 248 3815 pr.
275 3752 307 3800 1).
327 3754 363 3802 nd
381 3757 397 3802 l.
418 3754 504 3818 aquit.
520 3752 555 3819 (s,
571 3753 601 3817 t).
630 3754 756 3805 Extremo
774 3754 851 3804 uerba
870 3762 975 3805 exstant
991 3755 1024 3804 L.
1040 3766 1062 3805 a.

107 3823 139 3871 D.
154 3823 307 3871 demonum.
323 3825 392 3873 vind.
408 3823 493 3890 (emt)
512 3840 547 3874 ex
565 3823 620 3888 tup.
635 3825 677 3874 lib.
696 3824 788 3873 XVII.
808 3825 843 3874 ud
855 3824 915 3873 Sub.
981 3821 1062 3890 ¹)An

107 3893 176 3942 lllll?
197 3893 234 3956 Cf.
250 3893 282 3943 L.
297 3906 331 3945 ut.
351 3895 383 3943 D.
399 3896 430 3944 de
445 3902 541 3944 testum.
556 3897 607 3944 mil.
623 3893 667 3958 (tt,
683 3893 713 3960 1).
