<?xml version="1.0" encoding="UTF-8"?>
<!DOCTYPE html PUBLIC "-//W3C//DTD XHTML 1.0 Transitional//EN"
    "http://www.w3.org/TR/xhtml1/DTD/xhtml1-transitional.dtd">
<html xmlns="http://www.w3.org/1999/xhtml" xml:lang="en" lang="en">
 <head>
  <title>
</title>
<meta http-equiv="Content-Type" content="text/html;charset=utf-8" />
  <meta name='ocr-system' content='tesseract 3.04.00' />
  <meta name='ocr-capabilities' content='ocr_page ocr_carea ocr_par ocr_line ocrx_word'/>
</head>
<body>
  <div class='ocr_page' id='page_1' title='image "./iurisprvdentiae00huscgoog_0761.png"; bbox 0 0 2378 4386; ppageno 0'>
   <div class='ocr_carea' id='block_1_1' title="bbox 178 596 893 660">
    <p class='ocr_par' dir='ltr' id='par_1_1' title="bbox 178 596 893 660">
     <span class='ocr_line' id='line_1_1' title="bbox 178 596 893 660; baseline -0.013 -7"><span class='ocrx_word' id='word_1_1' title='bbox 178 596 236 660; x_wconf 76' lang='grc'><strong><em>722</em></strong></span> <span class='ocrx_word' id='word_1_2' title='bbox 407 613 503 647; x_wconf 71' lang='lat' dir='ltr'><strong><em>annon.</em></strong></span> <span class='ocrx_word' id='word_1_3' title='bbox 523 612 575 648; x_wconf 86' lang='lat' dir='ltr'><strong><em>1sn.</em></strong></span> <span class='ocrx_word' id='word_1_4' title='bbox 595 611 655 647; x_wconf 73' lang='lat' dir='ltr'><strong><em>nou.</em></strong></span> <span class='ocrx_word' id='word_1_5' title='bbox 675 611 762 647; x_wconf 71' lang='lat' dir='ltr'><strong><em>sanc.</em></strong></span> <span class='ocrx_word' id='word_1_6' title='bbox 783 597 893 646; x_wconf 72' lang='lat'><strong>18-27.</strong></span> 
     </span>
    </p>
   </div>
   <div class='ocr_carea' id='block_1_2' title="bbox 175 739 1188 1067">
    <p class='ocr_par' dir='ltr' id='par_1_2' title="bbox 175 739 1188 1067">
     <span class='ocr_line' id='line_1_2' title="bbox 175 739 1144 816; baseline -0.003 -15"><span class='ocrx_word' id='word_1_7' title='bbox 175 746 258 816; x_wconf 86' lang='lat' dir='ltr'><strong><em>empti</em></strong></span> <span class='ocrx_word' id='word_1_8' title='bbox 273 744 306 798; x_wconf 89' lang='lat' dir='ltr'><strong><em>lis</em></strong></span> <span class='ocrx_word' id='word_1_9' title='bbox 322 742 486 798; x_wconf 80' lang='lat' dir='ltr'><strong><em>aestimatur.</em></strong></span> <span class='ocrx_word' id='word_1_10' title='bbox 524 740 623 813; x_wconf 86' lang='lat' dir='ltr'><strong><em>quodsi</em></strong></span> <span class='ocrx_word' id='word_1_11' title='bbox 638 739 669 795; x_wconf 80' lang='lat' dir='ltr'><strong><em>ab</em></strong></span> <span class='ocrx_word' id='word_1_12' title='bbox 687 740 762 796; x_wconf 81' lang='lat' dir='ltr'><strong><em>initio</em></strong></span> <span class='ocrx_word' id='word_1_13' title='bbox 782 739 927 809; x_wconf 82' lang='lat' dir='ltr'><strong><em>conuenit,</em></strong></span> <span class='ocrx_word' id='word_1_14' title='bbox 951 747 983 795; x_wconf 89' lang='lat' dir='ltr'><strong><em>nt</em></strong></span> <span class='ocrx_word' id='word_1_15' title='bbox 1005 740 1144 798; x_wconf 83' lang='lat' dir='ltr'><strong><em>uenditor</em></strong></span> 
     </span>
     <span class='ocr_line' id='line_1_3' title="bbox 176 823 1188 901; baseline -0.004 -19"><span class='ocrx_word' id='word_1_16' title='bbox 176 829 291 901; x_wconf 80' lang='lat' dir='ltr'><strong><em>pretium</em></strong></span> <span class='ocrx_word' id='word_1_17' title='bbox 314 827 481 895; x_wconf 68' lang='lat' dir='ltr'><strong><em>resumeret,</em></strong></span> <span class='ocrx_word' id='word_1_18' title='bbox 503 840 601 879; x_wconf 84' lang='lat' dir='ltr'><strong><em>usurae</em></strong></span> <span class='ocrx_word' id='word_1_19' title='bbox 624 840 733 896; x_wconf 90' lang='lat' dir='ltr'><strong><em>quoqne</em></strong></span> <span class='ocrx_word' id='word_1_20' title='bbox 749 832 810 896; x_wconf 86' lang='lat' dir='ltr'><strong><em>post</em></strong></span> <span class='ocrx_word' id='word_1_21' title='bbox 825 823 988 878; x_wconf 83' lang='lat' dir='ltr'><strong><em>euiotionesn</em></strong></span> <span class='ocrx_word' id='word_1_22' title='bbox 1013 830 1188 897; x_wconf 76' lang='lat' dir='ltr'><strong><em>praesta-i</em></strong></span> 
     </span>
     <span class='ocr_line' id='line_1_4' title="bbox 176 905 1142 980; baseline 0 -15"><span class='ocrx_word' id='word_1_23' title='bbox 176 910 286 977; x_wconf 81' lang='lat' dir='ltr'><strong><em>buntur,</em></strong></span> <span class='ocrx_word' id='word_1_24' title='bbox 310 909 432 980; x_wconf 79' lang='lat' dir='ltr'><strong><em>quemuis</em></strong></span> <span class='ocrx_word' id='word_1_25' title='bbox 454 916 561 980; x_wconf 84' lang='lat' dir='ltr'><strong><em>emptor</em></strong></span> <span class='ocrx_word' id='word_1_26' title='bbox 582 915 645 980; x_wconf 82' lang='lat' dir='ltr'><strong><em>post</em></strong></span> <span class='ocrx_word' id='word_1_27' title='bbox 667 907 776 962; x_wconf 88' lang='lat' dir='ltr'><strong><em>dominii</em></strong></span> <span class='ocrx_word' id='word_1_28' title='bbox 792 905 867 961; x_wconf 86' lang='lat' dir='ltr'><strong><em>litem</em></strong></span> <span class='ocrx_word' id='word_1_29' title='bbox 890 906 1064 963; x_wconf 82' lang='lat' dir='ltr'><strong><em>&#39;inchoatam</em></strong></span> <span class='ocrx_word' id='word_1_30' title='bbox 1081 909 1142 965; x_wconf 87' lang='lat' dir='ltr'><strong><em>iru-</em></strong></span> 
     </span>
     <span class='ocr_line' id='line_1_5' title="bbox 175 986 1142 1067; baseline -0.001 -16"><span class='ocrx_word' id='word_1_31' title='bbox 175 986 249 1052; x_wconf 81' lang='lat' dir='ltr'><strong><em>ctus¹</em></strong></span> <span class='ocrx_word' id='word_1_32' title='bbox 272 991 425 1047; x_wconf 83' lang='lat' dir='ltr'><strong><em>aduersario</em></strong></span> <span class='ocrx_word' id='word_1_33' title='bbox 447 992 583 1047; x_wconf 81' lang='lat' dir='ltr'><strong><em>restituat.</em></strong></span> <span class='ocrx_word' id='word_1_34' title='bbox 619 1006 677 1046; x_wconf 78' lang='lat' dir='ltr'><strong><em>nans</em></strong></span> <span class='ocrx_word' id='word_1_35' title='bbox 700 991 898 1047; x_wconf 85' lang='lat' dir='ltr'><strong><em>incommodum</em></strong></span> <span class='ocrx_word' id='word_1_36' title='bbox 922 991 1003 1047; x_wconf 88' lang='lat' dir='ltr'><strong><em>medii</em></strong></span> <span class='ocrx_word' id='word_1_37' title='bbox 1031 1000 1142 1067; x_wconf 83' lang='lat' dir='ltr'><strong><em>tenpo-</em></strong></span> 
     </span>
    </p>
   </div>
   <div class='ocr_carea' id='block_1_3' title="bbox 174 1069 855 1223">
    <p class='ocr_par' dir='ltr' id='par_1_3' title="bbox 174 1069 855 1223">
     <span class='ocr_line' id='line_1_6' title="bbox 174 1069 586 1149; baseline -0.007 -16"><span class='ocrx_word' id='word_1_38' title='bbox 174 1079 211 1133; x_wconf 86' lang='lat' dir='ltr'><strong><em>ris</em></strong></span> <span class='ocrx_word' id='word_1_39' title='bbox 227 1076 351 1131; x_wconf 83' lang='lat' dir='ltr'><strong><em>damnum</em></strong></span> <span class='ocrx_word' id='word_1_40' title='bbox 368 1075 497 1149; x_wconf 85' lang='lat' dir='ltr'><strong><em>emptoris</em></strong></span> <span class='ocrx_word' id='word_1_41' title='bbox 512 1084 564 1133; x_wconf 85' lang='lat' dir='ltr'><strong><em>est.</em></strong></span> <span class='ocrx_word' id='word_1_42' title='bbox 582 1069 586 1149; x_wconf 74' lang='grc' dir='ltr'>Ι</span> 
     </span>
     <span class='ocr_line' id='line_1_7' title="bbox 444 1150 855 1223; baseline 0 -20"><span class='ocrx_word' id='word_1_43' title='bbox 444 1152 554 1223; x_wconf 83' lang='lat' dir='ltr'><strong><em>[Desunt</em></strong></span> <span class='ocrx_word' id='word_1_44' title='bbox 569 1157 682 1219; x_wconf 80' lang='lat' dir='ltr'><strong><em>popinae</em></strong></span> <span class='ocrx_word' id='word_1_45' title='bbox 701 1150 855 1220; x_wconf 83' lang='lat' dir='ltr'><strong><em>duodecim]</em></strong></span> 
     </span>
    </p>
   </div>
   <div class='ocr_carea' id='block_1_4' title="bbox 69 1217 1141 1302">
    <p class='ocr_par' dir='ltr' id='par_1_4' title="bbox 69 1217 1141 1302">
     <span class='ocr_line' id='line_1_8' title="bbox 69 1217 1141 1302; baseline -0.001 -15"><span class='ocrx_word' id='word_1_46' title='bbox 69 1217 173 1289; x_wconf 75' lang='lat' dir='ltr'><strong>[⁸]⁶¹·b·</strong></span> <span class='ocrx_word' id='word_1_47' title='bbox 236 1228 281 1286; x_wconf 77' lang='lat'><strong><em>18.</em></strong></span> <span class='ocrx_word' id='word_1_48' title='bbox 306 1225 501 1287; x_wconf 85' lang='lat' dir='ltr'><strong><em>²Voierieaus</em></strong></span> <span class='ocrx_word' id='word_1_49' title='bbox 516 1239 542 1285; x_wconf 89' lang='lat' dir='ltr'><strong><em>ct</em></strong></span> <span class='ocrx_word' id='word_1_50' title='bbox 558 1231 706 1286; x_wconf 75' lang='lat' dir='ltr'><em>Gallienus</em></span> <span class='ocrx_word' id='word_1_51' title='bbox 719 1232 799 1302; x_wconf 76' lang='lat' dir='ltr'><strong><em>Aupp</em></strong></span> <span class='ocrx_word' id='word_1_52' title='bbox 802 1268 895 1285; x_wconf 91' lang='grc'><strong>.....</strong></span> <span class='ocrx_word' id='word_1_53' title='bbox 906 1228 989 1284; x_wconf 80' lang='lat' dir='ltr'><strong><em>Licet</em></strong></span> <span class='ocrx_word' id='word_1_54' title='bbox 1004 1233 1141 1288; x_wconf 88' lang='lat' dir='ltr'><strong><em>creditor</em></strong></span> 
     </span>
    </p>
   </div>
   <div class='ocr_carea' id='block_1_5' title="bbox 78 1293 1140 1398">
    <p class='ocr_par' dir='ltr' id='par_1_5' title="bbox 78 1293 1140 1398">
     <span class='ocr_line' id='line_1_9' title="bbox 78 1293 1140 1398; baseline 0.001 -28"><span class='ocrx_word' id='word_1_55' title='bbox 78 1293 163 1398; x_wconf 53' lang='lat' dir='ltr'><strong><em>yffi</em></strong></span> <span class='ocrx_word' id='word_1_56' title='bbox 177 1330 226 1373; x_wconf 80' lang='lat' dir='ltr'><strong><em>res</em></strong></span> <span class='ocrx_word' id='word_1_57' title='bbox 245 1316 301 1371; x_wconf 81' lang='lat' dir='ltr'><strong><em>sibi</em></strong></span> <span class='ocrx_word' id='word_1_58' title='bbox 319 1317 446 1386; x_wconf 81' lang='lat' dir='ltr'><strong><em>fiduciae</em></strong></span> <span class='ocrx_word' id='word_1_59' title='bbox 466 1317 552 1370; x_wconf 90' lang='lat' dir='ltr'><strong><em>datas</em></strong></span> <span class='ocrx_word' id='word_1_60' title='bbox 571 1316 648 1369; x_wconf 89' lang='lat' dir='ltr'><strong><em>maio</em></strong></span> <span class='ocrx_word' id='word_1_61' title='bbox 667 1315 723 1383; x_wconf 80' lang='lat' dir='ltr'><strong><em>fide</em></strong></span> <span class='ocrx_word' id='word_1_62' title='bbox 740 1313 912 1379; x_wconf 72' lang='lat' dir='ltr'><strong><em>vendiderit,</em></strong></span> <span class='ocrx_word' id='word_1_63' title='bbox 935 1316 962 1367; x_wconf 85' lang='lat' dir='ltr'><strong><em>si</em></strong></span> <span class='ocrx_word' id='word_1_64' title='bbox 976 1320 1078 1370; x_wconf 86' lang='lat' dir='ltr'><strong><em>tomen</em></strong></span> <span class='ocrx_word' id='word_1_65' title='bbox 1094 1331 1140 1372; x_wconf 84' lang='lat' dir='ltr'><strong><em>se·</em></strong></span> 
     </span>
    </p>
   </div>
   <div class='ocr_carea' id='block_1_6' title="bbox 68 1398 1140 1484">
    <p class='ocr_par' dir='ltr' id='par_1_6' title="bbox 68 1398 1140 1484">
     <span class='ocr_line' id='line_1_10' title="bbox 68 1398 1140 1484; baseline -0.004 -25"><span class='ocrx_word' id='word_1_66' title='bbox 68 1399 295 1484; x_wconf 53' lang='lat' dir='ltr'><strong><em>mest-cundum</em></strong></span> <span class='ocrx_word' id='word_1_67' title='bbox 311 1399 395 1454; x_wconf 87' lang='lat' dir='ltr'><strong><em>insin</em></strong></span> <span class='ocrx_word' id='word_1_68' title='bbox 412 1398 537 1453; x_wconf 81' lang='lat' dir='ltr'><strong><em>iaciendo</em></strong></span> <span class='ocrx_word' id='word_1_69' title='bbox 554 1399 714 1453; x_wconf 87' lang='lat' dir='ltr'><strong><em>uenditione</em></strong></span> <span class='ocrx_word' id='word_1_70' title='bbox 729 1405 864 1451; x_wconf 85' lang='lat' dir='ltr'><strong><em>uersatus</em></strong></span> <span class='ocrx_word' id='word_1_71' title='bbox 879 1403 932 1465; x_wconf 83' lang='lat' dir='ltr'><strong><em>est,</em></strong></span> <span class='ocrx_word' id='word_1_72' title='bbox 954 1413 1013 1453; x_wconf 83' lang='lat' dir='ltr'><strong><em>non</em></strong></span> <span class='ocrx_word' id='word_1_73' title='bbox 1031 1399 1140 1455; x_wconf 81' lang='lat' dir='ltr'><strong><em>debent</em></strong></span> 
     </span>
    </p>
   </div>
   <div class='ocr_carea' id='block_1_7' title="bbox 69 1479 1139 2641">
    <p class='ocr_par' dir='ltr' id='par_1_7' title="bbox 176 1479 1139 1641">
     <span class='ocr_line' id='line_1_11' title="bbox 177 1479 1139 1555; baseline -0.001 -15"><span class='ocrx_word' id='word_1_74' title='bbox 177 1491 313 1555; x_wconf 78' lang='lat' dir='ltr'><strong><em>emptores</em></strong></span> <span class='ocrx_word' id='word_1_75' title='bbox 326 1483 479 1554; x_wconf 81' lang='lat' dir='ltr'><strong><em>inquietari,</em></strong></span> <span class='ocrx_word' id='word_1_76' title='bbox 495 1481 658 1537; x_wconf 77' lang='lat' dir='ltr'><strong><em>seductione</em></strong></span> <span class='ocrx_word' id='word_1_77' title='bbox 673 1479 792 1536; x_wconf 83' lang='lat' dir='ltr'><strong><em>fiduciae</em></strong></span> <span class='ocrx_word' id='word_1_78' title='bbox 807 1481 950 1536; x_wconf 86' lang='lat' dir='ltr'><strong><em>aduersus</em></strong></span> <span class='ocrx_word' id='word_1_79' title='bbox 960 1483 1139 1539; x_wconf 90' lang='lat' dir='ltr'><strong><em>creditorem</em></strong></span> 
     </span>
     <span class='ocr_line' id='line_1_12' title="bbox 176 1558 1057 1641; baseline -0.005 -16"><span class='ocrx_word' id='word_1_80' title='bbox 176 1569 316 1641; x_wconf 78' lang='lat' dir='ltr'><strong><em>apendum</em></strong></span> <span class='ocrx_word' id='word_1_81' title='bbox 332 1572 374 1621; x_wconf 90' lang='lat' dir='ltr'><strong><em>est</em></strong></span> <span class='ocrx_word' id='word_1_82' title='bbox 389 1607 395 1620; x_wconf 94' lang='lat'>.</span> <span class='ocrx_word' id='word_1_83' title='bbox 412 1608 418 1621; x_wconf 92' lang='lat'>.</span> <span class='ocrx_word' id='word_1_84' title='bbox 436 1607 442 1619; x_wconf 91' lang='lat'><strong><em>.</em></strong></span> <span class='ocrx_word' id='word_1_85' title='bbox 459 1607 465 1620; x_wconf 92' lang='lat'><strong>.</strong></span> <span class='ocrx_word' id='word_1_86' title='bbox 483 1565 621 1621; x_wconf 80' lang='lat' dir='ltr'><strong><em>Valeriano</em></strong></span> <span class='ocrx_word' id='word_1_87' title='bbox 637 1563 678 1619; x_wconf 89' lang='lat' dir='ltr'><strong><em>iii.</em></strong></span> <span class='ocrx_word' id='word_1_88' title='bbox 696 1573 724 1618; x_wconf 83' lang='lat' dir='ltr'><strong><em>et</em></strong></span> <span class='ocrx_word' id='word_1_89' title='bbox 739 1565 869 1621; x_wconf 87' lang='lat' dir='ltr'><strong><em>Gatiieno</em></strong></span> <span class='ocrx_word' id='word_1_90' title='bbox 884 1563 926 1619; x_wconf 88' lang='grc' dir='ltr'><strong><em>ΙΙ.</em></strong></span> <span class='ocrx_word' id='word_1_91' title='bbox 941 1558 1057 1621; x_wconf 83' lang='lat' dir='ltr'><strong><em>comss.³</em></strong></span> 
     </span>
    </p>

    <p class='ocr_par' dir='ltr' id='par_1_8' title="bbox 69 1644 1139 2209">
     <span class='ocr_line' id='line_1_13' title="bbox 69 1644 1139 1729; baseline 0 -22"><span class='ocrx_word' id='word_1_92' title='bbox 69 1648 170 1729; x_wconf 53' lang='lat' dir='ltr'><strong><em>‘&#39;iffi‘&#39;</em></strong></span> <span class='ocrx_word' id='word_1_93' title='bbox 238 1644 282 1707; x_wconf 74' lang='lat'><strong><em>1⁹.</em></strong></span> <span class='ocrx_word' id='word_1_94' title='bbox 307 1644 455 1705; x_wconf 69' lang='lat' dir='ltr'><strong><em>⁴Gallienus</em></strong></span> <span class='ocrx_word' id='word_1_95' title='bbox 477 1650 538 1723; x_wconf 76' lang='lat' dir='ltr'><strong><em>Aug</em></strong></span> <span class='ocrx_word' id='word_1_96' title='bbox 541 1688 647 1704; x_wconf 89' lang='grc'><strong>.....</strong></span> <span class='ocrx_word' id='word_1_97' title='bbox 672 1649 806 1721; x_wconf 82' lang='lat' dir='ltr'><strong><em>Pipnoris</em></strong></span> <span class='ocrx_word' id='word_1_98' title='bbox 827 1648 1049 1719; x_wconf 75' lang='lat' dir='ltr'><strong><em>hypothecoeue</em></strong></span> <span class='ocrx_word' id='word_1_99' title='bbox 1071 1653 1139 1707; x_wconf 85' lang='lat' dir='ltr'><strong><em>iure</em></strong></span> 
     </span>
     <span class='ocr_line' id='line_1_14' title="bbox 176 1731 1137 1805; baseline 0.001 -15"><span class='ocrx_word' id='word_1_100' title='bbox 176 1749 224 1790; x_wconf 84' lang='lat' dir='ltr'><strong><em>res</em></strong></span> <span class='ocrx_word' id='word_1_101' title='bbox 251 1734 445 1789; x_wconf 73' lang='lat' dir='ltr'><strong><em>hereditariae</em></strong></span> <span class='ocrx_word' id='word_1_102' title='bbox 472 1732 634 1805; x_wconf 84' lang='lat' dir='ltr'><strong><em>pupillorum</em></strong></span> <span class='ocrx_word' id='word_1_103' title='bbox 663 1747 676 1785; x_wconf 82' lang='lat' dir='ltr'><strong><em>a</em></strong></span> <span class='ocrx_word' id='word_1_104' title='bbox 705 1731 888 1788; x_wconf 85' lang='lat' dir='ltr'><strong><em>oreditoribus</em></strong></span> <span class='ocrx_word' id='word_1_105' title='bbox 912 1737 1053 1802; x_wconf 86' lang='lat' dir='ltr'><strong><em>paternis</em></strong></span> <span class='ocrx_word' id='word_1_106' title='bbox 1079 1736 1137 1790; x_wconf 85' lang='lat' dir='ltr'><strong><em>dis-</em></strong></span> 
     </span>
     <span class='ocr_line' id='line_1_15' title="bbox 176 1815 1137 1888; baseline 0.002 -15"><span class='ocrx_word' id='word_1_107' title='bbox 176 1824 290 1873; x_wconf 76' lang='lat' dir='ltr'><em>tractae</em></span> <span class='ocrx_word' id='word_1_108' title='bbox 310 1821 373 1874; x_wconf 88' lang='lat' dir='ltr'><strong><em>iure</em></strong></span> <span class='ocrx_word' id='word_1_109' title='bbox 394 1818 528 1872; x_wconf 78' lang='lat' dir='ltr'><strong><em>uindicari</em></strong></span> <span class='ocrx_word' id='word_1_110' title='bbox 547 1815 622 1870; x_wconf 83' lang='lat' dir='ltr'><strong><em>nullo</em></strong></span> <span class='ocrx_word' id='word_1_111' title='bbox 638 1823 761 1887; x_wconf 75' lang='lat' dir='ltr'><strong>possunt.</strong></span> <span class='ocrx_word' id='word_1_112' title='bbox 805 1815 831 1870; x_wconf 89' lang='lat' dir='ltr'><strong><em>Si</em></strong></span> <span class='ocrx_word' id='word_1_113' title='bbox 847 1815 932 1888; x_wconf 83' lang='lat' dir='ltr'><strong><em>igitur</em></strong></span> <span class='ocrx_word' id='word_1_114' title='bbox 947 1815 1019 1872; x_wconf 80' lang='lat' dir='ltr'><strong><em>absit</em></strong></span> <span class='ocrx_word' id='word_1_115' title='bbox 1042 1819 1137 1887; x_wconf 81' lang='lat' dir='ltr'><strong><em>dolus,</em></strong></span> 
     </span>
     <span class='ocr_line' id='line_1_16' title="bbox 174 1899 1136 1974; baseline -0.001 -16"><span class='ocrx_word' id='word_1_116' title='bbox 174 1903 311 1974; x_wconf 88' lang='lat' dir='ltr'><strong><em>praesidi,</em></strong></span> <span class='ocrx_word' id='word_1_117' title='bbox 328 1920 345 1956; x_wconf 93' lang='lat' dir='ltr'><strong><em>a</em></strong></span> <span class='ocrx_word' id='word_1_118' title='bbox 361 1919 416 1973; x_wconf 82' lang='lat' dir='ltr'><strong><em>quo</em></strong></span> <span class='ocrx_word' id='word_1_119' title='bbox 428 1902 532 1971; x_wconf 80' lang='lat' dir='ltr'><em>pupilli</em></span> <span class='ocrx_word' id='word_1_120' title='bbox 545 1902 601 1955; x_wconf 87' lang='lat' dir='ltr'><strong><em>nisi</em></strong></span> <span class='ocrx_word' id='word_1_121' title='bbox 615 1915 707 1954; x_wconf 88' lang='lat' dir='ltr'><strong><em>causo</em></strong></span> <span class='ocrx_word' id='word_1_122' title='bbox 720 1901 826 1970; x_wconf 75' lang='lat' dir='ltr'><strong><em>copnitn</em></strong></span> <span class='ocrx_word' id='word_1_123' title='bbox 838 1907 932 1955; x_wconf 81' lang='lat' dir='ltr'><strong><em>contra</em></strong></span> <span class='ocrx_word' id='word_1_124' title='bbox 948 1899 1136 1957; x_wconf 86' lang='lat' dir='ltr'><strong><em>uenditionem</em></strong></span> 
     </span>
     <span class='ocr_line' id='line_1_17' title="bbox 176 1985 1135 2056; baseline 0.001 -15"><span class='ocrx_word' id='word_1_125' title='bbox 176 1987 342 2042; x_wconf 84' lang='lat' dir='ltr'><strong><em>acreditore</em></strong></span> <span class='ocrx_word' id='word_1_126' title='bbox 355 1985 468 2056; x_wconf 77' lang='lat' dir='ltr'><strong><em>factem</em></strong></span> <span class='ocrx_word' id='word_1_127' title='bbox 491 1988 518 2039; x_wconf 84' lang='lat' dir='ltr'><strong><em>in</em></strong></span> <span class='ocrx_word' id='word_1_128' title='bbox 541 1987 679 2055; x_wconf 80' lang='lat' dir='ltr'><strong><em>inteprum</em></strong></span> <span class='ocrx_word' id='word_1_129' title='bbox 702 1987 815 2038; x_wconf 89' lang='lat' dir='ltr'><strong><em>restitui</em></strong></span> <span class='ocrx_word' id='word_1_130' title='bbox 830 1999 886 2039; x_wconf 84' lang='lat' dir='ltr'><strong><em>nom</em></strong></span> <span class='ocrx_word' id='word_1_131' title='bbox 907 1991 1042 2054; x_wconf 82' lang='lat' dir='ltr'><strong><em>possunt,</em></strong></span> <span class='ocrx_word' id='word_1_132' title='bbox 1066 2001 1135 2042; x_wconf 87' lang='lat' dir='ltr'><strong><em>com·</em></strong></span> 
     </span>
     <span class='ocr_line' id='line_1_18' title="bbox 174 2067 1137 2142; baseline -0.003 -17"><span class='ocrx_word' id='word_1_133' title='bbox 174 2071 240 2142; x_wconf 73' lang='lat' dir='ltr'><strong><em>fide,</em></strong></span> <span class='ocrx_word' id='word_1_134' title='bbox 257 2070 303 2141; x_wconf 87' lang='lat' dir='ltr'><strong><em>qni</em></strong></span> <span class='ocrx_word' id='word_1_135' title='bbox 318 2069 461 2140; x_wconf 81' lang='lat' dir='ltr'><strong><em>inquietari</em></strong></span> <span class='ocrx_word' id='word_1_136' title='bbox 478 2076 504 2121; x_wconf 88' lang='lat' dir='ltr'><strong><em>te</em></strong></span> <span class='ocrx_word' id='word_1_137' title='bbox 519 2067 546 2121; x_wconf 91' lang='lat' dir='ltr'><strong><em>in</em></strong></span> <span class='ocrx_word' id='word_1_138' title='bbox 559 2070 733 2138; x_wconf 76' lang='lat' dir='ltr'><strong>possessione</strong></span> <span class='ocrx_word' id='word_1_139' title='bbox 748 2070 794 2121; x_wconf 88' lang='lat' dir='ltr'><strong><em>rei</em></strong></span> <span class='ocrx_word' id='word_1_140' title='bbox 803 2074 916 2138; x_wconf 84' lang='lat' dir='ltr'><strong><em>emptae</em></strong></span> <span class='ocrx_word' id='word_1_141' title='bbox 930 2084 987 2123; x_wconf 86' lang='lat' dir='ltr'><strong><em>nom</em></strong></span> <span class='ocrx_word' id='word_1_142' title='bbox 1001 2070 1137 2138; x_wconf 86' lang='lat' dir='ltr'><strong><em>potietur</em></strong></span> 
     </span>
     <span class='ocr_line' id='line_1_19' title="bbox 178 2145 751 2209; baseline -0.009 -1"><span class='ocrx_word' id='word_1_143' title='bbox 178 2192 184 2207; x_wconf 92' lang='lat'><strong>.</strong></span> <span class='ocrx_word' id='word_1_144' title='bbox 202 2195 209 2209; x_wconf 91' lang='lat'><strong>.</strong></span> <span class='ocrx_word' id='word_1_145' title='bbox 226 2195 232 2206; x_wconf 88' lang='lat'>.</span> <span class='ocrx_word' id='word_1_146' title='bbox 249 2195 255 2207; x_wconf 91' lang='lat'><strong><em>.</em></strong></span> <span class='ocrx_word' id='word_1_147' title='bbox 273 2152 428 2208; x_wconf 88' lang='lat' dir='ltr'><strong><em>Saecuiori</em></strong></span> <span class='ocrx_word' id='word_1_148' title='bbox 441 2150 470 2208; x_wconf 86' lang='grc' dir='ltr'><strong><em>ΙΙ.</em></strong></span> <span class='ocrx_word' id='word_1_149' title='bbox 487 2159 513 2204; x_wconf 80' lang='lat' dir='ltr'><strong><em>et</em></strong></span> <span class='ocrx_word' id='word_1_150' title='bbox 530 2149 631 2204; x_wconf 80' lang='lat' dir='ltr'><strong><em>Donato</em></strong></span> <span class='ocrx_word' id='word_1_151' title='bbox 647 2145 751 2205; x_wconf 68' lang='lat' dir='ltr'><strong><em>cnossi&gt;</em></strong></span> 
     </span>
    </p>

    <p class='ocr_par' dir='ltr' id='par_1_9' title="bbox 71 2226 1134 2559">
     <span class='ocr_line' id='line_1_20' title="bbox 71 2226 1132 2309; baseline -0.003 -17"><span class='ocrx_word' id='word_1_152' title='bbox 71 2228 166 2309; x_wconf 46' lang='lat' dir='ltr'><strong><em>&#39;Nfffssffi</em></strong></span> <span class='ocrx_word' id='word_1_153' title='bbox 240 2232 282 2292; x_wconf 80' lang='lat'><strong><em>20</em></strong></span> <span class='ocrx_word' id='word_1_154' title='bbox 285 2274 388 2289; x_wconf 87' lang='grc'>.....</span> <span class='ocrx_word' id='word_1_155' title='bbox 406 2233 464 2305; x_wconf 83' lang='lat' dir='ltr'><strong><em>’pec</em></strong></span> <span class='ocrx_word' id='word_1_156' title='bbox 479 2232 572 2287; x_wconf 78' lang='lat' dir='ltr'><strong><em>iulium</em></strong></span> <span class='ocrx_word' id='word_1_157' title='bbox 585 2232 737 2289; x_wconf 79' lang='lat' dir='ltr'><strong><em>Menofiium</em></strong></span> <span class='ocrx_word' id='word_1_158' title='bbox 752 2235 933 2307; x_wconf 70' lang='lat' dir='ltr'><strong><em>spectabilem</em></strong></span> <span class='ocrx_word' id='word_1_159' title='bbox 948 2226 1058 2291; x_wconf 76' lang='lat' dir='ltr'><strong><em>uirum⁸</em></strong></span> <span class='ocrx_word' id='word_1_160' title='bbox 1074 2277 1081 2290; x_wconf 91' lang='lat'><strong>.</strong></span> <span class='ocrx_word' id='word_1_161' title='bbox 1098 2274 1105 2288; x_wconf 86' lang='lat'>.</span> <span class='ocrx_word' id='word_1_162' title='bbox 1124 2274 1132 2289; x_wconf 92' lang='lat'><strong>.</strong></span> 
     </span>
     <span class='ocr_line' id='line_1_21' title="bbox 176 2315 1133 2390; baseline 0 -16"><span class='ocrx_word' id='word_1_163' title='bbox 176 2318 303 2374; x_wconf 74' lang='lat' dir='ltr'><strong><em>auxilinm</em></strong></span> <span class='ocrx_word' id='word_1_164' title='bbox 319 2333 372 2372; x_wconf 91' lang='lat' dir='ltr'><strong><em>non</em></strong></span> <span class='ocrx_word' id='word_1_165' title='bbox 388 2324 478 2388; x_wconf 84' lang='lat' dir='ltr'><strong><em>potest</em></strong></span> <span class='ocrx_word' id='word_1_166' title='bbox 493 2315 626 2389; x_wconf 80' lang='lat' dir='ltr'><strong><em>denegari</em></strong></span> <span class='ocrx_word' id='word_1_167' title='bbox 641 2356 772 2374; x_wconf 88' lang='grc'><strong>......</strong></span> <span class='ocrx_word' id='word_1_168' title='bbox 787 2319 931 2390; x_wconf 84' lang='lat' dir='ltr'><strong><em>pecuniam</em></strong></span> <span class='ocrx_word' id='word_1_169' title='bbox 949 2318 1133 2375; x_wconf 82' lang='lat' dir='ltr'><strong><em>creditoribus</em></strong></span> 
     </span>
     <span class='ocr_line' id='line_1_22' title="bbox 176 2399 1134 2475; baseline 0.006 -23"><span class='ocrx_word' id='word_1_170' title='bbox 176 2420 190 2458; x_wconf 78' lang='lat' dir='ltr'><strong>s</strong></span> <span class='ocrx_word' id='word_1_171' title='bbox 207 2441 334 2456; x_wconf 89' lang='grc'><strong>......</strong></span> <span class='ocrx_word' id='word_1_172' title='bbox 352 2399 448 2454; x_wconf 83' lang='lat' dir='ltr'><strong><em>habere</em></strong></span> <span class='ocrx_word' id='word_1_173' title='bbox 468 2415 521 2455; x_wconf 91' lang='lat' dir='ltr'><strong><em>non</em></strong></span> <span class='ocrx_word' id='word_1_174' title='bbox 543 2400 632 2473; x_wconf 82' lang='lat' dir='ltr'><strong><em>potnit</em></strong></span> <span class='ocrx_word' id='word_1_175' title='bbox 652 2402 678 2455; x_wconf 91' lang='lat' dir='ltr'><strong><em>in</em></strong></span> <span class='ocrx_word' id='word_1_176' title='bbox 698 2418 762 2475; x_wconf 88' lang='lat' dir='ltr'><strong>poss</strong></span> <span class='ocrx_word' id='word_1_177' title='bbox 779 2442 908 2457; x_wconf 90' lang='grc'><strong>......</strong></span> <span class='ocrx_word' id='word_1_178' title='bbox 925 2409 952 2457; x_wconf 83' lang='lat' dir='ltr'><strong><em>et</em></strong></span> <span class='ocrx_word' id='word_1_179' title='bbox 977 2419 1134 2475; x_wconf 83' lang='lat' dir='ltr'><strong><em>usurarum,</em></strong></span> 
     </span>
     <span class='ocr_line' id='line_1_23' title="bbox 177 2483 1046 2559; baseline 0.002 -19"><span class='ocrx_word' id='word_1_180' title='bbox 177 2485 238 2559; x_wconf 82' lang='lat' dir='ltr'><strong><em>quia</em></strong></span> <span class='ocrx_word' id='word_1_181' title='bbox 252 2485 280 2540; x_wconf 88' lang='lat' dir='ltr'><strong><em>in</em></strong></span> <span class='ocrx_word' id='word_1_182' title='bbox 294 2499 418 2540; x_wconf 87' lang='lat' dir='ltr'><strong><em>commun</em></strong></span> <span class='ocrx_word' id='word_1_183' title='bbox 436 2524 442 2538; x_wconf 89' lang='lat'>.</span> <span class='ocrx_word' id='word_1_184' title='bbox 461 2525 466 2536; x_wconf 89' lang='lat'><strong>.</strong></span> <span class='ocrx_word' id='word_1_185' title='bbox 484 2525 490 2537; x_wconf 95' lang='lat'><em>.</em></span> <span class='ocrx_word' id='word_1_186' title='bbox 506 2525 512 2538; x_wconf 89' lang='lat'>.</span> <span class='ocrx_word' id='word_1_187' title='bbox 529 2525 536 2538; x_wconf 92' lang='lat'><strong>.</strong></span> <span class='ocrx_word' id='word_1_188' title='bbox 555 2524 561 2539; x_wconf 92' lang='lat'><strong>.</strong></span> <span class='ocrx_word' id='word_1_189' title='bbox 577 2483 630 2540; x_wconf 79' lang='lat' dir='ltr'><strong><em>isal.</em></strong></span> <span class='ocrx_word' id='word_1_190' title='bbox 646 2484 729 2541; x_wconf 82' lang='lat' dir='ltr'><strong><em>iuliis.</em></strong></span> <span class='ocrx_word' id='word_1_191' title='bbox 760 2485 898 2541; x_wconf 76' lang='lat' dir='ltr'>viminacii</span> <span class='ocrx_word' id='word_1_192' title='bbox 912 2525 1046 2542; x_wconf 91' lang='grc'><strong>......</strong></span> 
     </span>
    </p>

    <p class='ocr_par' dir='ltr' id='par_1_10' title="bbox 69 2561 1136 2641">
     <span class='ocr_line' id='line_1_24' title="bbox 69 2561 1136 2641; baseline 0.001 -15"><span class='ocrx_word' id='word_1_193' title='bbox 69 2569 171 2607; x_wconf 65' lang='grc'><strong>111111·</strong></span> <span class='ocrx_word' id='word_1_194' title='bbox 240 2563 286 2626; x_wconf 81' lang='lat'><strong><em>21.</em></strong></span> <span class='ocrx_word' id='word_1_195' title='bbox 311 2567 446 2625; x_wconf 78' lang='lat' dir='ltr'><strong><em>Gallienus</em></strong></span> <span class='ocrx_word' id='word_1_196' title='bbox 462 2569 519 2641; x_wconf 72' lang='lat' dir='ltr'><strong><em>Au„</em></strong></span> <span class='ocrx_word' id='word_1_197' title='bbox 524 2609 627 2623; x_wconf 94' lang='grc'><strong>.....</strong></span> <span class='ocrx_word' id='word_1_198' title='bbox 644 2561 787 2625; x_wconf 84' lang='lat' dir='ltr'><strong><em>⁷iioudum</em></strong></span> <span class='ocrx_word' id='word_1_199' title='bbox 810 2571 939 2625; x_wconf 86' lang='lat' dir='ltr'><strong><em>damnati</em></strong></span> <span class='ocrx_word' id='word_1_200' title='bbox 957 2571 994 2625; x_wconf 86' lang='lat' dir='ltr'><strong><em>ab</em></strong></span> <span class='ocrx_word' id='word_1_201' title='bbox 1017 2586 1062 2641; x_wconf 86' lang='lat' dir='ltr'><strong><em>eo,</em></strong></span> <span class='ocrx_word' id='word_1_202' title='bbox 1086 2574 1136 2627; x_wconf 91' lang='lat' dir='ltr'><strong><em>cui</em></strong></span> 
     </span>
    </p>
   </div>
   <div class='ocr_carea' id='block_1_8' title="bbox 95 2611 1135 2725">
    <p class='ocr_par' dir='ltr' id='par_1_11' title="bbox 95 2611 1135 2725">
     <span class='ocr_line' id='line_1_25' title="bbox 95 2611 1135 2725; baseline 0.001 -17"><span class='ocrx_word' id='word_1_203' title='bbox 95 2611 149 2649; x_wconf 64' lang='lat' dir='ltr'><strong><em>m</em></strong></span> <span class='ocrx_word' id='word_1_204' title='bbox 177 2655 224 2710; x_wconf 83' lang='lat' dir='ltr'><strong><em>ius</em></strong></span> <span class='ocrx_word' id='word_1_205' title='bbox 238 2661 290 2725; x_wconf 87' lang='lat' dir='ltr'><strong><em>esi,</em></strong></span> <span class='ocrx_word' id='word_1_206' title='bbox 307 2669 355 2709; x_wconf 90' lang='lat' dir='ltr'><strong><em>res</em></strong></span> <span class='ocrx_word' id='word_1_207' title='bbox 370 2671 387 2708; x_wconf 87' lang='lat' dir='ltr'><strong><em>o</em></strong></span> <span class='ocrx_word' id='word_1_208' title='bbox 401 2661 597 2724; x_wconf 81' lang='lat' dir='ltr'><strong><em>procuratore</em></strong></span> <span class='ocrx_word' id='word_1_209' title='bbox 610 2652 770 2709; x_wconf 81' lang='lat' dir='ltr'><strong><em>alienandae</em></strong></span> <span class='ocrx_word' id='word_1_210' title='bbox 785 2670 840 2707; x_wconf 89' lang='lat' dir='ltr'><strong><em>non</em></strong></span> <span class='ocrx_word' id='word_1_211' title='bbox 855 2662 928 2709; x_wconf 90' lang='lat' dir='ltr'><strong><em>sunt.</em></strong></span> <span class='ocrx_word' id='word_1_212' title='bbox 970 2651 1069 2709; x_wconf 78' lang='lat' dir='ltr'><strong><em>Aditus</em></strong></span> <span class='ocrx_word' id='word_1_213' title='bbox 1084 2656 1135 2709; x_wconf 83' lang='lat' dir='ltr'><strong><em>ita·</em></strong></span> 
     </span>
    </p>
   </div>
   <div class='ocr_carea' id='block_1_9' title="bbox 176 2737 1135 2964">
    <p class='ocr_par' dir='ltr' id='par_1_12' title="bbox 176 2737 1135 2964">
     <span class='ocr_line' id='line_1_26' title="bbox 177 2737 1133 2811; baseline 0 -17"><span class='ocrx_word' id='word_1_214' title='bbox 177 2755 232 2811; x_wconf 83' lang='lat' dir='ltr'><strong><em>que</em></strong></span> <span class='ocrx_word' id='word_1_215' title='bbox 250 2752 374 2811; x_wconf 84' lang='lat' dir='ltr'><strong><em>praeses</em></strong></span> <span class='ocrx_word' id='word_1_216' title='bbox 398 2739 569 2807; x_wconf 85' lang='lat' dir='ltr'><strong><em>prouinciae</em></strong></span> <span class='ocrx_word' id='word_1_217' title='bbox 591 2740 617 2792; x_wconf 91' lang='lat' dir='ltr'><strong><em>si</em></strong></span> <span class='ocrx_word' id='word_1_218' title='bbox 636 2738 691 2793; x_wconf 85' lang='lat' dir='ltr'><strong><em>itoc</em></strong></span> <span class='ocrx_word' id='word_1_219' title='bbox 712 2740 741 2792; x_wconf 85' lang='lat' dir='ltr'><strong><em>im</em></strong></span> <span class='ocrx_word' id='word_1_220' title='bbox 764 2745 791 2793; x_wconf 88' lang='lat' dir='ltr'><strong><em>te</em></strong></span> <span class='ocrx_word' id='word_1_221' title='bbox 810 2737 924 2807; x_wconf 82' lang='lat' dir='ltr'><strong><em>sactum</em></strong></span> <span class='ocrx_word' id='word_1_222' title='bbox 953 2742 1133 2809; x_wconf 79' lang='lat' dir='ltr'><strong><em>eopmouerit,</em></strong></span> 
     </span>
     <span class='ocr_line' id='line_1_27' title="bbox 176 2814 1135 2892; baseline -0.001 -13"><span class='ocrx_word' id='word_1_223' title='bbox 176 2822 367 2887; x_wconf 79' lang='lat' dir='ltr'><strong><em>intercedente</em></strong></span> <span class='ocrx_word' id='word_1_224' title='bbox 388 2814 483 2877; x_wconf 80' lang='lat' dir='ltr'><strong><em>’eios⁸</em></strong></span> <span class='ocrx_word' id='word_1_225' title='bbox 505 2822 641 2892; x_wconf 83' lang='lat' dir='ltr'><strong><em>iussione,</em></strong></span> <span class='ocrx_word' id='word_1_226' title='bbox 669 2821 715 2892; x_wconf 82' lang='lat' dir='ltr'><strong><em>qni</em></strong></span> <span class='ocrx_word' id='word_1_227' title='bbox 738 2835 785 2876; x_wconf 88' lang='lat' dir='ltr'><strong><em>res</em></strong></span> <span class='ocrx_word' id='word_1_228' title='bbox 811 2828 877 2876; x_wconf 87' lang='lat' dir='ltr'><strong><em>tuas</em></strong></span> <span class='ocrx_word' id='word_1_229' title='bbox 898 2822 1050 2891; x_wconf 78' lang='lat' dir='ltr'><strong><em>distraxit,</em></strong></span> <span class='ocrx_word' id='word_1_230' title='bbox 1082 2836 1135 2878; x_wconf 87' lang='lat' dir='ltr'><strong><em>eos</em></strong></span> 
     </span>
     <span class='ocr_line' id='line_1_28' title="bbox 178 2902 1037 2964; baseline -0.003 -1"><span class='ocrx_word' id='word_1_231' title='bbox 178 2908 228 2963; x_wconf 82' lang='lat' dir='ltr'><strong><em>tibi</em></strong></span> <span class='ocrx_word' id='word_1_232' title='bbox 241 2910 356 2963; x_wconf 88' lang='lat' dir='ltr'><strong><em>restitui</em></strong></span> <span class='ocrx_word' id='word_1_233' title='bbox 369 2907 490 2962; x_wconf 80' lang='lat' dir='ltr'><strong><em>curabit.</em></strong></span> <span class='ocrx_word' id='word_1_234' title='bbox 520 2904 569 2959; x_wconf 85' lang='lat' dir='ltr'><strong><em>PP.</em></strong></span> <span class='ocrx_word' id='word_1_235' title='bbox 588 2903 662 2959; x_wconf 82' lang='grc'><strong>11111.</strong></span> <span class='ocrx_word' id='word_1_236' title='bbox 679 2903 730 2959; x_wconf 80' lang='lat' dir='ltr'>kal.</span> <span class='ocrx_word' id='word_1_237' title='bbox 746 2902 814 2964; x_wconf 88' lang='lat' dir='ltr'><strong><em>Nou.</em></strong></span> <span class='ocrx_word' id='word_1_238' title='bbox 830 2904 939 2960; x_wconf 75' lang='lat' dir='ltr'><strong><em>Putandi</em></strong></span> <span class='ocrx_word' id='word_1_239' title='bbox 953 2944 960 2960; x_wconf 90' lang='lat'><strong>.</strong></span> <span class='ocrx_word' id='word_1_240' title='bbox 979 2946 986 2959; x_wconf 93' lang='lat'><strong><em>.</em></strong></span> <span class='ocrx_word' id='word_1_241' title='bbox 1004 2945 1011 2959; x_wconf 87' lang='lat'><strong>.</strong></span> <span class='ocrx_word' id='word_1_242' title='bbox 1030 2948 1037 2960; x_wconf 93' lang='lat'><strong>.</strong></span> 
     </span>
    </p>
   </div>
   <div class='ocr_carea' id='block_1_10' title="bbox 81 2983 1133 3071">
    <p class='ocr_par' dir='ltr' id='par_1_13' title="bbox 81 2983 1133 3071">
     <span class='ocr_line' id='line_1_29' title="bbox 81 2983 1133 3071; baseline 0 -27"><span class='ocrx_word' id='word_1_243' title='bbox 81 2991 160 3071; x_wconf 51' lang='lat' dir='ltr'><strong><em>¹³¹ssssss</em></strong></span> <span class='ocrx_word' id='word_1_244' title='bbox 241 2986 290 3047; x_wconf 80' lang='lat'><strong><em>22.</em></strong></span> <span class='ocrx_word' id='word_1_245' title='bbox 314 2983 509 3046; x_wconf 79' lang='lat' dir='ltr'><strong><em>⁹Diocietianns</em></strong></span> <span class='ocrx_word' id='word_1_246' title='bbox 524 2996 552 3043; x_wconf 84' lang='lat' dir='ltr'><strong><em>et</em></strong></span> <span class='ocrx_word' id='word_1_247' title='bbox 567 2987 746 3044; x_wconf 80' lang='lat' dir='ltr'><strong><em>Maximianus</em></strong></span> <span class='ocrx_word' id='word_1_248' title='bbox 761 2988 820 3045; x_wconf 78' lang='grc' dir='ltr'><strong><em>ΑΛ.</em></strong></span> <span class='ocrx_word' id='word_1_249' title='bbox 832 2988 933 3045; x_wconf 82' lang='lat' dir='ltr'><strong><em>Plotio.</em></strong></span> <span class='ocrx_word' id='word_1_250' title='bbox 968 2988 1002 3044; x_wconf 87' lang='lat' dir='ltr'><strong><em>Si</em></strong></span> <span class='ocrx_word' id='word_1_251' title='bbox 1014 2990 1133 3046; x_wconf 87' lang='lat' dir='ltr'><strong><em>deserta</em></strong></span> 
     </span>
    </p>
   </div>
   <div class='ocr_carea' id='block_1_11' title="bbox 81 3072 1185 3145">
    <p class='ocr_par' dir='ltr' id='par_1_14' title="bbox 81 3072 1185 3145">
     <span class='ocr_line' id='line_1_30' title="bbox 81 3072 1185 3145; baseline -0.001 -16"><span class='ocrx_word' id='word_1_252' title='bbox 81 3078 167 3116; x_wconf 62' lang='lat'><strong><em>”1¹¹¹-</em></strong></span> <span class='ocrx_word' id='word_1_253' title='bbox 177 3077 311 3145; x_wconf 84' lang='lat' dir='ltr'><strong><em>praedio,</em></strong></span> <span class='ocrx_word' id='word_1_254' title='bbox 334 3075 368 3131; x_wconf 83' lang='lat' dir='ltr'><strong><em>ob</em></strong></span> <span class='ocrx_word' id='word_1_255' title='bbox 384 3075 558 3129; x_wconf 79' lang='lat' dir='ltr'><strong><em>cessationem</em></strong></span> <span class='ocrx_word' id='word_1_256' title='bbox 573 3072 748 3127; x_wconf 77' lang='lat' dir='ltr'><strong><em>collationum</em></strong></span> <span class='ocrx_word' id='word_1_257' title='bbox 769 3073 816 3127; x_wconf 89' lang='lat' dir='ltr'><strong><em>uei</em></strong></span> <span class='ocrx_word' id='word_1_258' title='bbox 829 3075 943 3145; x_wconf 84' lang='lat' dir='ltr'><strong><em>reliquo</em></strong></span> <span class='ocrx_word' id='word_1_259' title='bbox 959 3073 1133 3130; x_wconf 81' lang='lat' dir='ltr'><strong><em>tributorum</em></strong></span> <span class='ocrx_word' id='word_1_260' title='bbox 1143 3078 1185 3128; x_wconf 72' lang='lat'><strong><em>[⁶²¹</em></strong></span> 
     </span>
    </p>
   </div>
   <div class='ocr_carea' id='block_1_12' title="bbox 175 3246 1134 4000">
    <p class='ocr_par' dir='ltr' id='par_1_15' title="bbox 175 3246 1133 3805">
     <span class='ocr_line' id='line_1_31' title="bbox 252 3246 1132 3313; baseline 0.003 -18"><span class='ocrx_word' id='word_1_261' title='bbox 252 3246 271 3313; x_wconf 82' lang='grc'><strong><em>1)</em></strong></span> <span class='ocrx_word' id='word_1_262' title='bbox 287 3249 345 3312; x_wconf 82' lang='lat' dir='ltr'><strong><em>Dip.</em></strong></span> <span class='ocrx_word' id='word_1_263' title='bbox 362 3249 495 3296; x_wconf 79' lang='lat' dir='ltr'><strong><em>inchoatum</em></strong></span> <span class='ocrx_word' id='word_1_264' title='bbox 511 3249 611 3296; x_wconf 81' lang='lat' dir='ltr'><strong><em>insetam</em></strong></span> <span class='ocrx_word' id='word_1_265' title='bbox 627 3246 684 3296; x_wconf 79' lang='lat' dir='ltr'><strong><em>Vae.</em></strong></span> <span class='ocrx_word' id='word_1_266' title='bbox 701 3248 837 3297; x_wconf 78' lang='lat' dir='ltr'><strong><em>inchoatam</em></strong></span> <span class='ocrx_word' id='word_1_267' title='bbox 851 3251 952 3297; x_wconf 75' lang='lat' dir='ltr'><strong><em>inustum</em></strong></span> <span class='ocrx_word' id='word_1_268' title='bbox 966 3249 1024 3297; x_wconf 84' lang='lat' dir='ltr'><strong><em>edd.</em></strong></span> <span class='ocrx_word' id='word_1_269' title='bbox 1036 3249 1132 3300; x_wconf 80' lang='lat' dir='ltr'><strong><em>Hoiisa.</em></strong></span> 
     </span>
     <span class='ocr_line' id='line_1_32' title="bbox 177 3315 1132 3382; baseline 0.001 -15"><span class='ocrx_word' id='word_1_270' title='bbox 177 3318 325 3368; x_wconf 84' lang='lat' dir='ltr'><strong><em>etMomms.</em></strong></span> <span class='ocrx_word' id='word_1_271' title='bbox 378 3315 398 3379; x_wconf 86' lang='grc'><strong><em>1)</em></strong></span> <span class='ocrx_word' id='word_1_272' title='bbox 414 3318 457 3366; x_wconf 71' lang='lat' dir='ltr'><strong><em>rid</em></strong></span> <span class='ocrx_word' id='word_1_273' title='bbox 464 3332 564 3365; x_wconf 85' lang='lat' dir='ltr'><strong><em>sensum</em></strong></span> <span class='ocrx_word' id='word_1_274' title='bbox 574 3325 599 3365; x_wconf 92' lang='lat' dir='ltr'><strong><em>et</em></strong></span> <span class='ocrx_word' id='word_1_275' title='bbox 607 3320 748 3379; x_wconf 84' lang='lat' dir='ltr'><strong><em>spatiorum</em></strong></span> <span class='ocrx_word' id='word_1_276' title='bbox 759 3334 901 3367; x_wconf 84' lang='lat' dir='ltr'><strong><em>mensnram</em></strong></span> <span class='ocrx_word' id='word_1_277' title='bbox 911 3320 1021 3368; x_wconf 82' lang='lat' dir='ltr'><strong><em>restitui.</em></strong></span> <span class='ocrx_word' id='word_1_278' title='bbox 1049 3320 1088 3382; x_wconf 80' lang='lat' dir='ltr'><strong><em>Cf.</em></strong></span> <span class='ocrx_word' id='word_1_279' title='bbox 1099 3319 1132 3368; x_wconf 82' lang='lat' dir='ltr'><strong><em>L.</em></strong></span> 
     </span>
     <span class='ocr_line' id='line_1_33' title="bbox 178 3385 1133 3455; baseline 0.001 -18"><span class='ocrx_word' id='word_1_280' title='bbox 178 3397 246 3437; x_wconf 73' lang='lat'>1—5.</span> <span class='ocrx_word' id='word_1_281' title='bbox 266 3387 293 3434; x_wconf 80' lang='lat'><strong><em>0.</em></strong></span> <span class='ocrx_word' id='word_1_282' title='bbox 308 3388 332 3434; x_wconf 89' lang='lat' dir='ltr'><strong><em>si</em></strong></span> <span class='ocrx_word' id='word_1_283' title='bbox 346 3388 418 3435; x_wconf 86' lang='lat' dir='ltr'><strong><em>vend.</em></strong></span> <span class='ocrx_word' id='word_1_284' title='bbox 434 3389 508 3450; x_wconf 78' lang='lat' dir='ltr'><strong><em>pipn.</em></strong></span> <span class='ocrx_word' id='word_1_285' title='bbox 523 3403 564 3451; x_wconf 77' lang='lat' dir='ltr'><strong><em>ap.</em></strong></span> <span class='ocrx_word' id='word_1_286' title='bbox 581 3385 616 3452; x_wconf 83' lang='lat'><strong><em>(8,</em></strong></span> <span class='ocrx_word' id='word_1_287' title='bbox 631 3388 675 3452; x_wconf 80' lang='lat' dir='ltr'><strong>ss).</strong></span> <span class='ocrx_word' id='word_1_288' title='bbox 696 3416 729 3424; x_wconf 95' lang='lat'>—</span> <span class='ocrx_word' id='word_1_289' title='bbox 748 3390 902 3439; x_wconf 79' lang='lat' dir='ltr'><strong><em>facinorosas</em></strong></span> <span class='ocrx_word' id='word_1_290' title='bbox 920 3389 984 3454; x_wconf 94' lang='lat' dir='ltr'><strong><em>(pro</em></strong></span> <span class='ocrx_word' id='word_1_291' title='bbox 1006 3389 1133 3455; x_wconf 80' lang='lat' dir='ltr'><strong><em>iacienda)</em></strong></span> 
     </span>
     <span class='ocr_line' id='line_1_34' title="bbox 177 3453 1131 3523; baseline 0.002 -17"><span class='ocrx_word' id='word_1_292' title='bbox 177 3457 217 3507; x_wconf 83' lang='lat' dir='ltr'><strong><em>eci.</em></strong></span> <span class='ocrx_word' id='word_1_293' title='bbox 230 3455 342 3505; x_wconf 78' lang='lat' dir='ltr'><strong><em>Momms.</em></strong></span> <span class='ocrx_word' id='word_1_294' title='bbox 395 3453 415 3521; x_wconf 79' lang='grc'><strong>1)</strong></span> <span class='ocrx_word' id='word_1_295' title='bbox 429 3473 452 3506; x_wconf 90' lang='lat' dir='ltr'><strong><em>a.</em></strong></span> <span class='ocrx_word' id='word_1_296' title='bbox 464 3467 511 3507; x_wconf 77' lang='lat'>255.</span> <span class='ocrx_word' id='word_1_297' title='bbox 558 3454 579 3521; x_wconf 81' lang='grc'><strong>1)</strong></span> <span class='ocrx_word' id='word_1_298' title='bbox 594 3456 718 3507; x_wconf 80' lang='lat' dir='ltr'><strong><em>Similiter</em></strong></span> <span class='ocrx_word' id='word_1_299' title='bbox 728 3462 832 3509; x_wconf 80' lang='lat' dir='ltr'><strong><em>restitui</em></strong></span> <span class='ocrx_word' id='word_1_300' title='bbox 841 3461 929 3523; x_wconf 84' lang='lat' dir='ltr'><strong><em>(aliter</em></strong></span> <span class='ocrx_word' id='word_1_301' title='bbox 939 3459 1131 3523; x_wconf 83' lang='lat' dir='ltr'><strong><em>Mommsenus).</em></strong></span> 
     </span>
     <span class='ocr_line' id='line_1_35' title="bbox 179 3525 1133 3594; baseline 0.002 -19"><span class='ocrx_word' id='word_1_302' title='bbox 179 3527 217 3589; x_wconf 75' lang='lat' dir='ltr'><strong><em>Cf.</em></strong></span> <span class='ocrx_word' id='word_1_303' title='bbox 236 3525 290 3574; x_wconf 58' lang='grc' dir='ltr'><strong><em>Μ»,</em></strong></span> <span class='ocrx_word' id='word_1_304' title='bbox 306 3528 348 3574; x_wconf 85' lang='lat' dir='ltr'><strong><em>cit.</em></strong></span> <span class='ocrx_word' id='word_1_305' title='bbox 365 3525 395 3574; x_wconf 84' lang='lat' dir='ltr'><strong><em>L.</em></strong></span> <span class='ocrx_word' id='word_1_306' title='bbox 412 3540 431 3577; x_wconf 90' lang='lat'><strong><em>1.</em></strong></span> <span class='ocrx_word' id='word_1_307' title='bbox 446 3538 466 3576; x_wconf 96' lang='grc'><strong><em>2.</em></strong></span> <span class='ocrx_word' id='word_1_308' title='bbox 488 3528 513 3576; x_wconf 84' lang='lat' dir='ltr'><strong><em>C.</em></strong></span> <span class='ocrx_word' id='word_1_309' title='bbox 528 3529 552 3576; x_wconf 83' lang='lat' dir='ltr'><strong><em>si</em></strong></span> <span class='ocrx_word' id='word_1_310' title='bbox 565 3529 621 3576; x_wconf 86' lang='lat' dir='ltr'><strong><em>ado.</em></strong></span> <span class='ocrx_word' id='word_1_311' title='bbox 639 3530 710 3577; x_wconf 87' lang='lat' dir='ltr'><strong><em>oend.</em></strong></span> <span class='ocrx_word' id='word_1_312' title='bbox 723 3532 795 3594; x_wconf 81' lang='lat' dir='ltr'><strong><em>pipo.</em></strong></span> <span class='ocrx_word' id='word_1_313' title='bbox 811 3529 842 3594; x_wconf 79' lang='lat' dir='ltr'><strong>(s,</strong></span> <span class='ocrx_word' id='word_1_314' title='bbox 853 3531 897 3587; x_wconf 85' lang='grc'><strong>29).</strong></span> <span class='ocrx_word' id='word_1_315' title='bbox 912 3529 943 3578; x_wconf 83' lang='lat' dir='ltr'><strong><em>L.</em></strong></span> <span class='ocrx_word' id='word_1_316' title='bbox 954 3542 980 3580; x_wconf 77' lang='lat'><strong><em>³8</em></strong></span> <span class='ocrx_word' id='word_1_317' title='bbox 990 3546 1034 3593; x_wconf 88' lang='lat' dir='ltr'><strong><em>pr.</em></strong></span> <span class='ocrx_word' id='word_1_318' title='bbox 1055 3530 1087 3577; x_wconf 88' lang='grc' dir='ltr'><strong><em>Ι).</em></strong></span> <span class='ocrx_word' id='word_1_319' title='bbox 1100 3531 1133 3578; x_wconf 88' lang='lat' dir='ltr'><strong><em>de</em></strong></span> 
     </span>
     <span class='ocr_line' id='line_1_36' title="bbox 178 3593 1132 3664; baseline 0.002 -19"><span class='ocrx_word' id='word_1_320' title='bbox 178 3598 269 3645; x_wconf 81' lang='lat' dir='ltr'><strong><em>minor.</em></strong></span> <span class='ocrx_word' id='word_1_321' title='bbox 290 3595 325 3661; x_wconf 78' lang='lat' dir='ltr'><strong><em>(e,</em></strong></span> <span class='ocrx_word' id='word_1_322' title='bbox 343 3595 375 3659; x_wconf 81' lang='grc'><strong><em>4).</em></strong></span> <span class='ocrx_word' id='word_1_323' title='bbox 441 3593 461 3661; x_wconf 91' lang='grc'><strong><em>1)</em></strong></span> <span class='ocrx_word' id='word_1_324' title='bbox 476 3614 500 3646; x_wconf 88' lang='grc' dir='ltr'><strong><em>α.</em></strong></span> <span class='ocrx_word' id='word_1_325' title='bbox 515 3609 561 3648; x_wconf 78' lang='grc'><strong>260,</strong></span> <span class='ocrx_word' id='word_1_326' title='bbox 626 3596 647 3663; x_wconf 91' lang='grc'><strong><em>1)</em></strong></span> <span class='ocrx_word' id='word_1_327' title='bbox 666 3597 712 3648; x_wconf 89' lang='lat' dir='ltr'><strong><em>Sic</em></strong></span> <span class='ocrx_word' id='word_1_328' title='bbox 730 3602 833 3664; x_wconf 74' lang='lat' dir='ltr'><strong><em>eprepie</em></strong></span> <span class='ocrx_word' id='word_1_329' title='bbox 853 3600 965 3649; x_wconf 81' lang='lat' dir='ltr'><strong><em>Mommo.</em></strong></span> <span class='ocrx_word' id='word_1_330' title='bbox 988 3601 1132 3663; x_wconf 81' lang='lat' dir='ltr'><strong><em>perinimino</em></strong></span> 
     </span>
     <span class='ocr_line' id='line_1_37' title="bbox 179 3666 1132 3733; baseline 0.002 -18"><span class='ocrx_word' id='word_1_331' title='bbox 179 3667 260 3715; x_wconf 84' lang='lat' dir='ltr'><strong><em>&#39;iiiiorn</em></strong></span> <span class='ocrx_word' id='word_1_332' title='bbox 277 3681 319 3728; x_wconf 83' lang='lat' dir='ltr'><strong><em>spe</em></strong></span> <span class='ocrx_word' id='word_1_333' title='bbox 339 3667 396 3716; x_wconf 88' lang='lat' dir='ltr'><strong><em>Vat.</em></strong></span> <span class='ocrx_word' id='word_1_334' title='bbox 449 3666 528 3733; x_wconf 78' lang='grc' dir='ltr'><strong>1)Αά</strong></span> <span class='ocrx_word' id='word_1_335' title='bbox 540 3684 640 3719; x_wconf 82' lang='lat' dir='ltr'><strong><em>sensum</em></strong></span> <span class='ocrx_word' id='word_1_336' title='bbox 654 3672 762 3718; x_wconf 85' lang='lat' dir='ltr'><strong><em>restitui.</em></strong></span> <span class='ocrx_word' id='word_1_337' title='bbox 790 3672 828 3733; x_wconf 75' lang='lat' dir='ltr'><strong><em>Cf.</em></strong></span> <span class='ocrx_word' id='word_1_338' title='bbox 844 3671 941 3721; x_wconf 60' lang='lat' dir='ltr'><strong><em>Inna.</em></strong></span> <span class='ocrx_word' id='word_1_339' title='bbox 959 3670 983 3719; x_wconf 80' lang='lat' dir='ltr'><strong><em>C.</em></strong></span> <span class='ocrx_word' id='word_1_340' title='bbox 1000 3669 1132 3720; x_wconf 76' lang='lat' dir='ltr'><strong><em>triticeus.</em></strong></span> 
     </span>
     <span class='ocr_line' id='line_1_38' title="bbox 175 3736 1069 3805; baseline 0.004 -19"><span class='ocrx_word' id='word_1_341' title='bbox 175 3736 338 3802; x_wconf 50' lang='grc'><strong>11201226),</strong></span> <span class='ocrx_word' id='word_1_342' title='bbox 412 3736 433 3803; x_wconf 87' lang='grc'><strong><em>1)</em></strong></span> <span class='ocrx_word' id='word_1_343' title='bbox 449 3739 493 3787; x_wconf 78' lang='lat' dir='ltr'><strong><em>Ex</em></strong></span> <span class='ocrx_word' id='word_1_344' title='bbox 509 3739 572 3789; x_wconf 82' lang='lat' dir='ltr'><strong><em>Mai.</em></strong></span> <span class='ocrx_word' id='word_1_345' title='bbox 588 3743 620 3803; x_wconf 77' lang='lat' dir='ltr'><strong><em>ej.</em></strong></span> <span class='ocrx_word' id='word_1_346' title='bbox 640 3754 652 3787; x_wconf 89' lang='lat' dir='ltr'><strong><em>e</em></strong></span> <span class='ocrx_word' id='word_1_347' title='bbox 672 3739 734 3805; x_wconf 90' lang='lat' dir='ltr'><strong><em>(pro</em></strong></span> <span class='ocrx_word' id='word_1_348' title='bbox 754 3741 785 3805; x_wconf 71' lang='grc' dir='ltr'><strong><em>ε’)</em></strong></span> <span class='ocrx_word' id='word_1_349' title='bbox 805 3742 909 3789; x_wconf 83' lang='lat' dir='ltr'><strong><em>iussione</em></strong></span> <span class='ocrx_word' id='word_1_350' title='bbox 933 3740 991 3790; x_wconf 87' lang='lat' dir='ltr'><strong><em>Vat.</em></strong></span> <span class='ocrx_word' id='word_1_351' title='bbox 1011 3741 1069 3790; x_wconf 82' lang='lat' dir='ltr'><strong><em>edd.</em></strong></span> 
     </span>
    </p>

    <p class='ocr_par' dir='ltr' id='par_1_16' title="bbox 179 3804 1134 4000">
     <span class='ocr_line' id='line_1_39' title="bbox 180 3804 1134 3882; baseline 0.004 -27"><span class='ocrx_word' id='word_1_352' title='bbox 180 3805 202 3873; x_wconf 82' lang='grc'><strong><em>1)</em></strong></span> <span class='ocrx_word' id='word_1_353' title='bbox 219 3808 321 3857; x_wconf 82' lang='lat' dir='ltr'><strong><em>Partem</em></strong></span> <span class='ocrx_word' id='word_1_354' title='bbox 333 3811 448 3872; x_wconf 82' lang='lat' dir='ltr'><strong><em>priorem</em></strong></span> <span class='ocrx_word' id='word_1_355' title='bbox 463 3826 517 3859; x_wconf 86' lang='lat' dir='ltr'><strong><em>esse</em></strong></span> <span class='ocrx_word' id='word_1_356' title='bbox 532 3810 563 3858; x_wconf 77' lang='lat' dir='ltr'><strong><em>L.</em></strong></span> <span class='ocrx_word' id='word_1_357' title='bbox 574 3821 594 3858; x_wconf 91' lang='grc'><strong><em>2.</em></strong></span> <span class='ocrx_word' id='word_1_358' title='bbox 612 3810 636 3861; x_wconf 81' lang='grc' dir='ltr'><strong><em>θ.</em></strong></span> <span class='ocrx_word' id='word_1_359' title='bbox 647 3811 671 3859; x_wconf 83' lang='lat' dir='ltr'><strong><em>ei</em></strong></span> <span class='ocrx_word' id='word_1_360' title='bbox 680 3819 768 3874; x_wconf 92' lang='lat' dir='ltr'><strong><em>propt.</em></strong></span> <span class='ocrx_word' id='word_1_361' title='bbox 782 3811 851 3873; x_wconf 82' lang='lat' dir='ltr'><strong><em>pubi.</em></strong></span> <span class='ocrx_word' id='word_1_362' title='bbox 876 3804 912 3882; x_wconf 80' lang='lat'><strong><em>(4,</em></strong></span> <span class='ocrx_word' id='word_1_363' title='bbox 922 3811 967 3874; x_wconf 76' lang='grc'><strong>42),</strong></span> <span class='ocrx_word' id='word_1_364' title='bbox 982 3810 1134 3874; x_wconf 76' lang='lat' dir='ltr'><strong><em>quibusdam</em></strong></span> 
     </span>
     <span class='ocr_line' id='line_1_40' title="bbox 179 3879 1134 3945; baseline 0.002 -18"><span class='ocrx_word' id='word_1_365' title='bbox 179 3881 294 3936; x_wconf 85' lang='lat' dir='ltr'><strong><em>resectis,</em></strong></span> <span class='ocrx_word' id='word_1_366' title='bbox 310 3879 402 3930; x_wconf 83' lang='lat' dir='ltr'><strong><em>Hoiiw.</em></strong></span> <span class='ocrx_word' id='word_1_367' title='bbox 418 3881 489 3929; x_wconf 83' lang='lat' dir='ltr'><strong><em>uidit.</em></strong></span> <span class='ocrx_word' id='word_1_368' title='bbox 515 3880 633 3938; x_wconf 81' lang='lat' dir='ltr'><strong><em>Restitui,</em></strong></span> <span class='ocrx_word' id='word_1_369' title='bbox 649 3882 690 3939; x_wconf 87' lang='lat' dir='ltr'><strong><em>iis,</em></strong></span> <span class='ocrx_word' id='word_1_370' title='bbox 705 3897 770 3945; x_wconf 85' lang='lat' dir='ltr'><strong><em>quae</em></strong></span> <span class='ocrx_word' id='word_1_371' title='bbox 784 3889 961 3941; x_wconf 81' lang='lat' dir='ltr'><strong><em>resectasunt,</em></strong></span> <span class='ocrx_word' id='word_1_372' title='bbox 971 3896 1134 3931; x_wconf 73' lang='lat' dir='ltr'><strong><em>exserentem</em></strong></span> 
     </span>
     <span class='ocr_line' id='line_1_41' title="bbox 181 3953 462 4000; baseline -0.004 0"><span class='ocrx_word' id='word_1_373' title='bbox 181 3965 300 4000; x_wconf 85' lang='lat' dir='ltr'><strong><em>mensuro</em></strong></span> <span class='ocrx_word' id='word_1_374' title='bbox 314 3953 462 4000; x_wconf 85' lang='lat' dir='ltr'><strong><em>aestimatis.</em></strong></span> 
     </span>
    </p>
   </div>
   <div class='ocr_carea' id='block_1_13' title="bbox 48 4010 132 4132">
    <p class='ocr_par' dir='ltr' id='par_1_17' title="bbox 48 4010 132 4132">
     <span class='ocr_line' id='line_1_42' title="bbox 48 4010 132 4132; baseline 0 0"><span class='ocrx_word' id='word_1_375' title='bbox 48 4010 132 4132; x_wconf 65' lang='lat' dir='ltr'>h</span> 
     </span>
    </p>
   </div>
   <div class='ocr_carea' id='block_1_14' title="bbox 0 0 1194 4386">
    <p class='ocr_par' dir='ltr' id='par_1_18' title="bbox 0 0 1194 4386">
     <span class='ocr_line' id='line_1_43' title="bbox 0 0 1194 4386; baseline 0 1"><span class='ocrx_word' id='word_1_376' title='bbox 0 0 1194 4386; x_wconf 95' lang='lat' dir='ltr'><strong><em> </em></strong></span> 
     </span>
    </p>
   </div>
  </div>
 </body>
</html>
