2378 4386
278 576 335 612 var.
352 575 455 613 curren.
468 575 554 613 tunso.
569 575 752 613 comportare.
767 558 800 613 ΙΙ.
815 557 915 614 4-111.
931 565 953 611 1.
1024 557 1084 623 841

138 716 191 775 est,
207 705 280 779 quoti
296 707 376 762 etlam
392 707 416 762 sl
439 705 563 761 mamiato
592 707 685 762 uxoris
708 706 850 778 niteretur,
872 715 899 762 et
921 704 1089 762 fraudulenta

90 799 128 849 2⁸]
139 791 237 846 diuisio
254 789 297 846 uel
312 790 400 846 minus
416 789 534 863 aequalis
554 797 648 863 posset
661 789 777 862 ostendi,
789 804 873 847 uacua
884 798 912 846 et
923 791 1008 845 liranis
1019 788 1088 862 ’spe-

139 867 259 932 cialiter¹
282 881 443 930 remaneret.
483 868 514 930 t.
533 871 618 940 idtio,
638 873 711 945 quoii
734 875 791 929 sine
814 875 904 930 usuris
926 875 1090 930 conscientia

138 958 250 1014 maritus
272 957 371 1013 dicitur
392 954 535 1028 delinisse;
563 955 668 1028 qualem
691 959 791 1029 poterit
813 956 860 1028 (id)
884 957 981 1015 liubase
1004 959 1089 1013 uirtu-

138 1042 209 1098 temi
224 1049 271 1097 aut
286 1039 350 1114 quitl
368 1038 478 1110 ualebit,
499 1054 560 1095 cum
576 1041 689 1110 primum
704 1035 799 1096 ‘noem
813 1041 942 1114 refragari
954 1040 1090 1098 uolueriti

136 1122 165 1182 ὕ.
182 1124 233 1180 Seri
255 1140 290 1180 ne
306 1123 376 1178 torte
397 1117 543 1195 elisatium:
565 1118 748 1193 ‘implesses
768 1122 927 1178 diuisionem
943 1133 970 1179 et
985 1126 1089 1197 acquie-

137 1210 201 1265 uistl
224 1208 305 1265 rebus
326 1206 443 1276 diuisis’,
466 1204 683 1278 respondentium
704 1213 747 1261 est
761 1205 893 1279 legaliter,
909 1214 937 1261 et
952 1223 1001 1280 pro
1017 1210 1090 1264 omni

138 1294 254 1348 ueritate
275 1291 328 1347 hoc
348 1289 500 1362 specialiter
525 1288 687 1357 habendum,
708 1291 770 1361 quia
792 1290 871 1344 etiam
892 1291 962 1344 inter
977 1292 1090 1346 maiores

138 1390 268 1449 personas
285 1383 313 1428 et
324 1367 461 1445 'legales'
470 1374 492 1427 si
505 1370 675 1428 lrautlulenta
687 1372 784 1427 diuisio
796 1371 865 1428 lacta
876 1373 1016 1447 probetur,
1024 1371 1090 1448 legl-

138 1457 189 1513 bus
204 1455 377 1525 rescinditur,
393 1464 421 1512 et
441 1471 455 1510 a
470 1455 558 1511 iutlice
573 1454 672 1511 diuislo
687 1457 755 1528 ipsa,
770 1455 971 1512 aestimantibus
986 1459 1091 1530 magnis

139 1542 215 1611 uiris,
235 1539 267 1595 acl
283 1539 395 1595 meliora
409 1539 559 1608 reducitur,
574 1547 602 1594 et
617 1539 686 1596 iacta
701 1541 922 1613 compensatione
938 1538 1040 1596 firmior
1051 1541 1090 1596 ‹ll-

139 1625 208 1678 uisio
225 1623 409 1691 constituitur,
433 1624 503 1679 sicui
518 1621 560 1678 lex
582 1623 650 1679 inira
664 1624 764 1695 scripta
780 1623 898 1679 euidenti
915 1622 1030 1680 lectione
1045 1622 1091 1680 de·

139 1706 230 1763 clarat.
260 1701 290 1762 6.
306 1705 343 1761 Ex
359 1722 474 1781 corpore
489 1705 603 1780 Gregor.
619 1705 688 1763 libro
703 1705 742 1761 lli.
752 1700 781 1760 :⁴

180 1790 265 1864 lmpp.
278 1788 456 1845 liiocletlanus
472 1797 500 1846 et
518 1789 687 1846 Maximianus
699 1791 752 1844 ΛΑ.
767 1789 890 1846 Aureliae
903 1789 1028 1848 Seuerae.
1051 1793 1091 1847 rin

182 1874 291 1944 diuisio,
314 1889 393 1946 quam
409 1875 459 1927 iam
475 1873 573 1929 iactam
600 1890 660 1928 esse
682 1875 830 1947 proponis,
852 1874 969 1931 conuelli
985 1873 1090 1946 debeat,

180 1966 271 2013 rector
285 1957 442 2032 prouinciae
457 1965 600 2029 praesente
621 1966 697 2031 parte
712 1956 820 2012 diuersa
835 1956 979 2030 diligenter
994 1961 1091 2014 exami·

181 2041 270 2098 nabit:
288 2042 350 2097 etsi
365 2039 504 2096 irautlibus
522 2055 579 2096 eam
596 2056 650 2096 non
662 2042 780 2097 caruisse
795 2042 972 2114 perspexerit,
984 2041 1091 2115 quando

182 2126 260 2181 etiam
276 2124 421 2180 maioribus
443 2124 469 2178 ln
486 2139 625 2197 perperam
641 2124 718 2181 iactis
734 2123 910 2180 diuisionibus
925 2124 1012 2181 soleat
1027 2124 1090 2181 suit·

181 2210 278 2280 ueniri,
291 2207 364 2283 quod
379 2207 530 2280 improbum
545 2215 627 2280 atque
641 2209 818 2281 inaequaliter
837 2209 937 2265 iactum
952 2224 1012 2265 esso
1026 2224 1091 2266 con·

180 2294 291 2362 stiterit,
313 2293 339 2346 in
362 2291 457 2346 meiius
480 2289 643 2347 reformabit
680 2291 730 2349 PP.
743 2290 817 2347 ivit.
835 2291 886 2351 ital.
906 2292 1037 2367 iul'lpsls
1051 2291 1089 2349 111.

180 2383 207 2430 et
222 2374 380 2430 Constantio
395 2372 436 2428 lii.
453 2368 541 2430 coss.⁵

222 2452 248 2512 7.
272 2457 338 2513 item
353 2456 403 2512 aila
418 2456 514 2512 eodem
529 2456 598 2514 libro
613 2465 642 2514 et
656 2472 790 2532 corpore:⁸

181 2541 265 2614 lmpp.
283 2540 462 2597 Diocletianus
485 2549 512 2596 et
528 2540 699 2596 Maximianus
715 2542 769 2601 ΛΑ.
799 2542 934 2615 Aproniae
953 2542 1089 2600 iiammae.

181 2624 208 2679 Si
226 2624 322 2679 diuisio
339 2625 410 2679 inter
425 2632 452 2678 te
467 2634 495 2679 et
509 2638 630 2680 sororem
643 2632 715 2680 tuam
731 2640 785 2680 non
801 2624 872 2680 bona
887 2623 939 2680 tite
955 2624 1023 2682 lacta
1038 2636 1090 2698 est,

183 2709 262 2763 etiarn
286 2709 352 2762 citra
374 2707 527 2780 principalis
549 2708 730 2763 restitutionis
751 2706 895 2778 auxilium,
917 2710 989 2781 quoti
1012 2710 1091 2766 etlam

182 2789 327 2846 maioribus
343 2789 423 2846 tribui
437 2790 519 2863 solet,
539 2790 571 2846 mi
587 2793 729 2863 aequitatis
751 2800 989 2864 temperamentum
1004 2793 1090 2849 relor·

182 2876 247 2930 mari
268 2882 368 2947 potest,
389 2883 452 2930 etc.
482 2872 715 2933 enitimini.
732 2873 886 2930 llaaimiano
902 2873 932 2930 tt.
956 2884 983 2932 et
1000 2875 1091 2949 ’Aqui-

181 2950 343 3015 iino⁶coss

223 3040 263 3096 iii.
280 3038 305 3098 l.
322 3041 414 3098 'lertio
428 3040 488 3097 loco
502 3040 545 3097 uel
557 3043 644 3115 capite
662 3041 882 3115 interrogandum
894 3057 936 3098 me
948 3043 1091 3116 specialius

138 3127 284 3195 censuisti,
309 3133 398 3181 utrum
420 3135 513 3182 contra
536 3125 661 3182 iudicium
684 3127 716 3180 iri
744 3127 844 3199 possit,
865 3125 937 3199 quoti
960 3125 1090 3183 aduersus

138 3212 262 3266 maritum
286 3211 311 3265 iu
334 3226 413 3266 causa
435 3210 555 3267 mulieris
577 3211 652 3284 prius
673 3209 765 3266 datum
788 3216 839 3274 est,
862 3224 905 3275 eo,
921 3209 994 3282 quoti
1016 3226 1090 3267 man·

138 3294 202 3350 dato
226 3309 290 3348 usus
313 3293 394 3350 luerit
418 3296 509 3350 uxoris
537 3310 618 3365 suae,
640 3293 723 3351 et’iu
745 3310 825 3350 causa
847 3295 904 3367 ipsa
927 3295 1015 3350 uictus
1031 3294 1090 3350 aiss-

139 3369 280 3446 cesserit,⁷
309 3386 336 3433 et
365 3387 459 3434 contra
487 3392 546 3434 eum
575 3378 701 3435 iudicium
723 3377 858 3453 prolatum
881 3377 971 3434 luerit.
1008 3378 1090 3436 adti-

213 3541 232 3606 ¹)
247 3546 264 3591 ι’.
279 3559 301 3593 e.
316 3547 456 3594 certissime
475 3547 514 3593 rei
528 3560 562 3593 ecc
580 3546 630 3594 iac
647 3548 756 3608 speciali
774 3561 861 3595 eausa.
937 3543 957 3611 ¹)
972 3547 1017 3596 hoc
1031 3549 1089 3597 edd.

140 3611 161 3677 ⁸)
177 3614 193 3665 i.
209 3628 229 3662 e.
246 3629 310 3677 quoe
325 3617 379 3679 iepe
393 3615 425 3663 de
444 3614 520 3662 rebus
538 3616 593 3664 suis
611 3615 783 3664 constituendi
802 3618 842 3664 ius
855 3615 956 3666 labent.
1012 3615 1034 3682 ⁴)
1050 3619 1089 3680 Cf.

138 3683 169 3732 L.
184 3695 205 3735 ³.
222 3682 248 3732 0.
264 3698 348 3734 comm.
365 3692 414 3733 atr.
430 3684 482 3731 iud.
493 3683 524 3748 (a,
535 3683 572 3748 st)
581 3690 605 3733 et
615 3684 716 3733 Haenei
729 3684 765 3732 od
777 3684 822 3733 Gr.
835 3684 860 3733 C.
870 3700 899 3747 p.
909 3696 944 3736 tt.
990 3683 1012 3750 θ)
1028 3686 1089 3736 Cor·

137 3762 247 3817 ruptum.
277 3753 321 3803 Ex
339 3754 361 3802 I.
383 3753 408 3803 C.
423 3756 492 3816 iope:
511 3755 570 3816 ipsis
585 3757 628 3803 titi.
644 3755 680 3803 111.
695 3763 720 3803 et
733 3755 772 3803 lii.
788 3768 851 3805 coss.
865 3754 934 3820 (teo).
1009 3752 1091 3820 ⁸)Er

137 3822 235 3873 Sciruit.
255 3827 288 3887 ej.
307 3824 389 3887 Aquila
408 3824 465 3873 edd.
499 3822 548 3872 Est
565 3841 589 3876 a.
608 3836 656 3876 ast.
730 3821 751 3889 ⁷)
769 3824 793 3873 n.
813 3840 834 3873 e.
854 3832 913 3874 onte
931 3827 1090 3883 sententium,

136 3910 212 3959 quum
226 3909 253 3942 se
269 3896 360 3942 nictum
373 3896 489 3949 sentiret,
502 3892 659 3945 discesserit.
