2378 4386
222 543 325 581 nourrii
342 544 449 581 sueram
467 528 499 596 (t)
519 544 616 581 ruunt.
635 546 671 581 ne
688 544 751 582 uvas
769 544 845 582 umor.
944 527 1007 594 643

60 675 148 731 locum
165 667 282 749 tsucit,¹
306 689 396 730 eurum
417 690 508 730 rerum
527 683 532 738 1
556 668 686 731 nominc²
708 690 775 747 quae
797 691 846 747 per
867 674 1008 740 iraudemt
1033 682 1046 724 ⁶

60 751 148 830 'ipsa³
171 753 270 813 ditato⁴
291 765 356 814 sunt
378 758 421 814 uel
438 757 609 831 professitoni
631 752 802 830 'subtracts,⁴
824 758 1010 832 quatdruptum

61 841 125 898 fisco
141 835 350 914 dcpentdutur,⁶
367 842 430 897 alias
444 841 563 915 duplum.
581 856 586 903 t
1021 851 1047 892 ro

122 921 167 987 19.
191 919 225 981 “d
241 925 363 982 debitore
384 923 440 981 fisci
456 927 482 980 in
498 924 626 986 iruutdem
644 925 718 981 datas
740 924 879 983 libertates
901 926 1012 994 rcitrahi

60 1010 169 1083 placuit.
214 1025 277 1064 sane
296 1011 383 1082 ipsum
400 1012 405 1075 1
423 1010 458 1064 ita
481 1024 581 1078 emere,
604 1017 635 1064 ut
656 1011 837 1082 manumittat,
856 1013 860 1072 Ι
877 1018 924 1066 sut
939 1007 1048 1066 fidei-rs

61 1095 228 1150 commissam
245 1093 395 1149 libertatem
415 1085 593 1165 ’praestnre‚⁷
610 1107 664 1147 nou
680 1101 722 1147 est
737 1093 912 1165 prohibitum.

123 1156 173 1235 ΞΟ.
204 1170 263 1231 ⁸nb
286 1192 332 1246 eo,
357 1177 403 1249 qui
425 1191 487 1230 rcus
516 1177 634 1231 criminis
661 1168 824 1252 ’(ραὸἱίοι)ο
851 1177 1014 1249 posituiatus

10 1260 200 1328 usraduerssm
223 1261 405 1318 senteutiamt
426 1259 538 1327 meruit,
563 1266 683 1330 tempore
707 1261 711 1320 Ι
735 1266 826 1313 reatus
850 1275 1050 1334 quocunqueto

61 1343 150 1400 motdo
166 1344 279 1398 alienata
295 1360 309 1397 a
325 1341 389 1397 fisco
401 1357 461 1397 cum
479 1345 483 1401 Ι
501 1341 657 1414 quadruplis
673 1341 805 1397 fructibus
821 1347 825 1407 Ι
843 1351 1014 1401 reuocantur.

124 1425 171 1488 21.
195 1426 391 1480 Fideiussorem
413 1426 487 1493 ctus,
516 1426 643 1497 quicum
668 1427 672 1486 Ι
696 1424 882 1497 dispensatore
904 1432 1051 1482 contra-ss

62 1512 107 1577 rit,
124 1512 171 1582 ipt

136 1673 155 1738 ¹)
169 1690 204 1723 es:
219 1674 267 1723 lir.
282 1675 322 1723 ed.
337 1671 433 1723 in01'.
451 1675 581 1736 foramine
599 1674 762 1738 adsumptum.
791 1675 823 1724 In
841 1691 870 1726 eo
884 1692 945 1727 uero
959 1680 1015 1741 ipsc

63 1745 200 1803 librarius,
220 1760 291 1809 quern
305 1745 354 1794 Kr.
374 1747 502 1809 sequitur,
521 1748 632 1802 errauit,
647 1747 715 1809 quod
728 1746 771 1795 die
784 1748 922 1796 articulum
939 1750 1016 1810 finiri
1118 1786 1124 1797 .

58 1824 164 1879 putans,
178 1817 290 1878 spatiolo
305 1817 396 1865 relicto
411 1817 471 1865 inde
484 1816 517 1865 ab
531 1829 611 1864 sarum
622 1832 713 1866 nouum
722 1818 822 1880 incipit,
832 1832 883 1880 quo
893 1818 925 1867 de
935 1832 1015 1868 causo

62 1888 137 1935 etium
152 1893 244 1949 posteo
259 1886 400 1949 dependitur
410 1901 462 1949 pro
476 1886 624 1949 dependatur
640 1889 755 1949 scripsit.
821 1883 842 1951 ²)
857 1889 874 1936 i.
889 1903 910 1937 e.
926 1903 960 1937 esc
973 1888 1016 1937 dis

63 1958 157 2007 causis.
209 1952 230 2021 ⁸)
247 1952 322 2006 ‘tota'
339 1956 396 2007 edd.
407 1955 512 2008 Locdm.
527 1964 553 2005 et
562 1955 608 2022 Bp.
626 1953 651 2006 ‘e
661 1954 749 2006 censu'
766 1958 805 2006 ed.
820 1971 904 2008 meat.
928 1955 1013 2021 ‘fisco'

62 2028 101 2077 ed.
113 2026 162 2075 Kr.
177 2025 231 2075 Sed
240 2028 354 2092 inteilipe
364 2042 406 2075 res
417 2029 487 2089 ipsas
493 2027 662 2089 profitendus,
671 2043 736 2091 quoe
742 2030 833 2090 fiscum
843 2029 1015 2078 uindicantem

59 2113 109 2161 per
121 2098 242 2160 fraudem
256 2099 374 2147 celantur
387 2099 469 2146 attone
483 2097 556 2147 modo
570 2099 595 2147 ei
604 2099 768 2160 auferuntur.
815 2095 837 2164 4)
852 2098 943 2148 ablatae
954 2135 960 2148 .
972 2134 978 2147 .
990 2135 1013 2148 ..

63 2169 197 2218 subtractae
211 2168 250 2216 ed.
266 2182 320 2217 mea
330 2169 409 2230 prior
424 2166 458 2233 (et
472 2166 533 2232 Kr.)
548 2169 627 2218 inuito
644 2169 670 2218 0.
697 2168 729 2218 Si
747 2184 812 2233 quus
827 2185 878 2232 per
893 2170 1014 2233 fraudem

59 2240 220 2302 professioni
238 2238 371 2288 subtracta
390 2246 461 2295 sunt,
483 2240 593 2302 uectigal
612 2246 707 2288 tantum
726 2241 766 2288 uei
779 2239 901 2289 tributum
915 2255 1014 2304 poenae

63 2310 162 2357 nontine
172 2310 369 2372 quadruplatur.
393 2308 432 2358 De
442 2310 614 2372 quinquennio
625 2310 660 2371 cs.
671 2310 701 2357 L.
712 2321 733 2359 2.
748 2309 773 2358 0.
784 2310 816 2359 de
826 2312 916 2376 vectip.
927 2309 958 2376 (t,
968 2309 1014 2375 tt).

62 2378 94 2427 L.
115 2394 156 2427 un.
180 2378 223 2427 Tu.
246 2379 271 2427 C.
291 2380 323 2428 de
341 2380 427 2443 quinq.
443 2394 562 2441 praescr.
583 2379 617 2444 (t,
632 2378 676 2444 tt).
696 2380 727 2428 de
749 2381 928 2445 quadruplici
942 2382 1016 2445 dupli

58 2463 144 2512 poena
160 2448 228 2498 Ptin.
239 2464 334 2514 panep.
349 2461 383 2500 ιο.
403 2449 523 2498 Luctant.
538 2450 570 2498 de
584 2457 656 2499 mort.
667 2465 739 2513 pers.
754 2461 787 2501 su.
803 2451 834 2498 L.
846 2464 878 2502 tu.
894 2453 916 2513 ἓ.
928 2463 961 2502 ro.
981 2452 1014 2501 D.

62 2520 94 2567 de
104 2518 200 2582 pubiic.
216 2517 261 2584 (³9,
275 2519 307 2583 t).
359 2517 380 2584 ⁶)
395 2519 529 2568 detenditur
545 2520 569 2570 C.
585 2521 660 2568 etiam
677 2517 733 2569 Cff'.
756 2521 793 2582 Cf.
805 2528 855 2570 not.
867 2534 886 2572 ι.
938 2517 1013 2585 Ἥ).

63 2588 143 2640 Lu.
159 2591 181 2651 ξ.
195 2601 215 2640 s.
236 2589 267 2638 D.
283 2590 315 2639 de
329 2591 346 2638 i.
359 2592 415 2652 fisc.
431 2588 475 2653 (te,
491 2590 533 2654 rs).
554 2589 630 2640 un.
645 2591 670 2651 §-
684 2603 703 2639 1.
719 2590 749 2637 L.
767 2601 799 2640 ro.
815 2592 869 2651 §.n
889 2590 921 2638 D.
936 2593 1015 2654 quiet

62 2674 79 2708 a
94 2659 160 2723 quib.
176 2659 220 2723 (to,
235 2659 266 2724 9).
282 2660 313 2707 L.
329 2672 362 2710 ιο.
386 2659 418 2708 D.
438 2661 469 2708 de
490 2675 596 2708 manuni.
613 2658 662 2723 (tu,
678 2657 700 2723 ι)
719 2667 743 2709 et
757 2662 784 2707 in
799 2661 914 2723 praefat.
934 2661 1013 2711 dicto.

64 2727 85 2793 7)
99 2738 205 2792 praestet
221 2731 246 2779 θ.
258 2731 315 2779 edd.
331 2732 407 2779 etium
420 2746 474 2779 mea
486 2733 572 2793 prior,
585 2731 632 2778 sed
646 2729 694 2777 Kr.
706 2737 733 2777 ut
748 2745 802 2780 nos.
849 2728 870 2796 8)
887 2730 924 2792 Cf.
935 2730 967 2779 L.
979 2743 1012 2783 20.

62 2799 95 2847 D.
111 2801 142 2848 de
156 2815 241 2849 accus.
257 2800 301 2865 (to,
316 2800 346 2863 a).
362 2800 393 2849 L.
408 2812 428 2850 8.
444 2801 483 2862 §5-
500 2813 519 2851 1.
534 2813 554 2850 a.
574 2800 606 2849 D.
621 2801 652 2848 de
668 2816 775 2848 nonum.
790 2798 835 2865 (to,
846 2800 876 2865 ι).
891 2800 923 2850 L.
934 2810 959 2852 tt
969 2817 1013 2863 pr.

63 2869 95 2917 Ι).
111 2871 192 2933 quiet
206 2886 222 2920 a
236 2870 302 2934 quib.
319 2870 363 2935 (to,
377 2869 409 2935 9).
473 2867 494 2934 ⁹)
511 2870 620 2920 Ratione
634 2870 722 2919 dedita
736 2871 767 2919 L.
783 2880 816 2921 uo.
833 2873 874 2919 cit.
889 2873 1014 2935 supplevi,

63 2941 175 2989 litteram
189 2938 306 3007 p(ubiici)
320 2940 506 3007 obsequentem
522 2943 633 2994 litterani
646 2957 661 3005 p
676 2941 805 2991 excidisse
819 2944 973 3006 suspicatus.
