2378 4386
399 535 457 571 oen
475 535 575 573 mmm.
594 519 616 572 1.
635 525 675 573 22.
964 520 1023 586 177

57 678 159 735 lantani
175 673 375 753 appellantur¹3
391 677 477 735 Latini
491 678 568 751 ideo,
590 681 653 754 quie
667 680 821 737 adsimulati
841 688 908 736 sant
922 678 1024 737 Latinis

58 764 230 838 coloniariis3
255 763 357 820 iuniani
383 763 463 836 ideo,
490 766 551 838 quia
573 765 730 839 perlegam
750 765 851 822 laniem
872 763 1024 823 libertatem

59 919 163 967 creditor
178 944 211 953 -
226 932 268 966 sex
282 943 317 952 -
331 915 448 965 debitoris
464 943 496 952 -
511 917 571 978 legis
586 945 618 953 -
634 918 734 980 pecunia
750 945 783 953 -
799 932 827 967 ee
844 919 973 968 traditione
988 944 1023 956 ·-

58 989 271 1052 mancipationibus
295 1013 328 1022 -
352 987 460 1037 Latinam
474 989 544 1036 -is
568 987 634 1054 qnia)
653 996 804 1051 praestant,
827 990 864 1039 ad
881 991 1023 1040 earundem

57 1058 148 1110 Sched.
159 1060 252 1109 ductus
261 1066 287 1109 et
299 1060 443 1107 sententiae
453 1057 663 1121 probabilitatem
672 1062 805 1109 resarcire
820 1069 929 1111 conotus
942 1077 1023 1120 mam,

58 1133 83 1180 in
102 1131 142 1180 ed.
158 1142 178 1183 a.
190 1131 285 1194 paucis
299 1131 326 1178 in
341 1130 364 1190 ξ.
379 1141 413 1179 aa.
432 1131 545 1186 mutatis,
560 1131 587 1177 in
602 1130 670 1179 dunc
689 1131 802 1180 modum:
818 1128 854 1194 ‘§.
869 1134 926 1182 21⁵.
962 1132 1023 1183 Cum

58 1217 119 1252 uero
143 1205 198 1267 teqe
221 1203 292 1251 Aetia
311 1200 399 1249 Sentia
423 1207 565 1248 testamento
582 1200 585 1261 1
603 1202 705 1263 primus
727 1204 843 1264 scriptus
865 1205 936 1254 sotus
954 1205 1023 1253 ciuis

59 1272 188 1323 Romanus
198 1275 254 1335 fiat,
266 1273 376 1335 placuit,
391 1273 415 1319 si
428 1273 486 1335 quis
498 1272 570 1334 forte
586 1268 590 1337 1
607 1285 635 1319 ex
650 1273 756 1320 'anciila
772 1288 814 1321 aue
829 1282 898 1323 natos
912 1271 1020 1337 spurios’

57 1343 100 1410 [de
113 1345 162 1394 doc
177 1345 281 1409 culpari
300 1359 323 1390 u.
342 1344 492 1405 spuriorum
511 1357 558 1390 usu
578 1343 613 1405 cs.
631 1341 769 1392 Forceilin.
784 1359 807 1391 o.
821 1346 929 1406 spurius
943 1346 970 1393 in
987 1340 1023 1411 fi]

59 1412 166 1465 ‘liberos
184 1423 209 1464 et
226 1413 334 1463 heredes
352 1409 510 1479 scripeeirit‚
535 1428 620 1461 omnes
637 1427 727 1462 seruos
745 1428 862 1469 manere,
886 1416 947 1477 quia
966 1417 1024 1479 quis

55 1488 155 1549 primus
174 1488 217 1542 sit,
236 1501 271 1533 cx
290 1499 320 1532 ea
339 1479 462 1550 eruitione
477 1499 528 1532 non
544 1484 711 1546 intelteqitur,
730 1499 777 1532 nec
795 1485 822 1532 in
833 1484 956 1546 fraudem
971 1500 1025 1535 ene·

57 1557 162 1606 ditonum
182 1559 274 1619 piures
294 1568 322 1601 ex
338 1554 343 1616 1
359 1554 512 1616 patrimonio
531 1552 623 1602 debent
636 1553 773 1607 decedere:
792 1554 902 1619 denique
920 1563 1025 1605 senatus

56 1631 175 1678 consalta
190 1627 225 1674 ad
239 1628 318 1690 tepem
328 1624 425 1673 Fufiam
434 1620 574 1691 Caniiniam
584 1624 659 1687 facto
673 1624 801 1687 prouisum
811 1632 857 1683 est,
874 1641 905 1675 ne
915 1628 942 1676 in
950 1634 1024 1691 pote-

54 1706 119 1748 state
137 1697 253 1745 debitoris
267 1702 332 1744 esset
350 1696 407 1743 eius
423 1696 427 1752 Ι
443 1695 503 1757 legis
517 1696 694 1745 auctoritatem
712 1709 756 1758 per
774 1695 842 1745 dane
856 1704 931 1747 entem
949 1713 1023 1747 euer-

55 1765 134 1820 tere’.
164 1760 222 1817 21¹).
237 1762 285 1834 [cs.
300 1767 324 1828 §-
339 1762 387 1833 ln]
404 1764 458 1815 ‘aa
476 1769 534 1816 iare
552 1765 691 1827 Quiritium
706 1767 710 1830 1
727 1767 757 1815 iit
769 1781 856 1816 seruos
870 1776 957 1818 noster
972 1785 1024 1820 non

52 1856 103 1904 per
122 1840 172 1889 doc
188 1841 282 1897 sotum,
302 1837 371 1901 quod
388 1838 488 1900 pecnnia
502 1846 584 1887 nostra
599 1835 780 1902 conparatur’,
801 1835 847 1905 [cf.
864 1838 896 1887 L.
911 1850 944 1890 as.
964 1840 988 1901 ς.
1003 1852 1024 1890 a.

57 1911 88 1962 D.
99 1912 135 1975 de
149 1910 192 1960 tto.
209 1924 289 1959 causa
302 1920 337 1967 to,
353 1904 391 1976 lt]
413 1904 417 1977 1
440 1905 498 1959 ‘sed
515 1911 622 1959 ulterius
638 1911 784 1974 requiritur
804 1911 872 1959 iusta
891 1911 963 1959 serui
981 1926 1025 1960 uc·

57 1984 162 2047 quisite'a
177 1977 322 2048 propiterea
337 1981 401 2044 quod
415 1981 531 2044 quaedam
545 1983 621 2031 etiam
636 1997 685 2031 non
705 1982 781 2030 iustae
799 1989 856 2030 sunt
874 1982 1024 2046 acquisitio·

57 2068 116 2107 nem
131 2069 189 2101 nam
205 2053 209 2118 1
226 2068 263 2113 aa,
278 2066 337 2116 qnae
348 2051 476 2100 traditione
489 2052 638 2111 alienantur,
653 2053 766 2116 quemuis
781 2053 893 2116 mancipi
901 2055 961 2111 sint,
976 2068 1024 2103 nec

58 2122 114 2191 aeli
127 2124 300 2187 mancipatione
316 2124 357 2171 ael
372 2124 398 2171 in
414 2125 472 2172 iure
486 2124 597 2173 cessione
612 2126 654 2172 uel
666 2120 832 2191 usucapioine
842 2125 1023 2189 acquiruntur,

58 2201 156 2244 tentum
170 2197 196 2244 in
216 2195 290 2244 donia
300 2191 388 2256 fiunt'.
425 2196 467 2244 22.
481 2191 529 2263 [cf.
540 2196 563 2256 ἓ.
574 2190 621 2262 ln]
633 2191 757 2244 ‘Latinus
763 2196 795 2258 fit
804 2210 839 2244 ea
855 2192 859 2262 1
876 2195 931 2260 iepe
946 2195 1023 2245 Aetia

58 2263 148 2313 Sentio
157 2281 250 2315 serims
259 2268 344 2315 minor
354 2275 423 2317 ΧΧΧ
430 2281 566 2324 annorum,
580 2268 625 2330 qni
633 2273 782 2316 testamenta
794 2268 835 2315 uel
849 2268 918 2316 inter
928 2269 1025 2317 amicos

59 2351 142 2384 cauea
150 2337 262 2399 probata
278 2335 418 2407 iibeiratur:
434 2352 572 2401 quanquam
587 2337 696 2385 Latinum
713 2338 768 2400 ipsa
783 2340 828 2386 tear
842 2338 919 2387 Aetia
933 2336 1025 2388 Sentio

59 2407 265 2471 nondumsecit‚·
285 2410 343 2458 item
362 2411 407 2474 qui
425 2423 455 2456 ea
474 2414 557 2457 aetate
574 2404 578 2474 1
595 2409 675 2457 maior
694 2424 706 2456 a
724 2409 832 2468 domino,
852 2411 926 2459 cuius
941 2417 979 2460 est
996 2411 1024 2458 in

58 2477 142 2537 donis,
162 2480 271 2542 quemuis
290 2480 355 2529 iusta
374 2478 589 2542 manumissione!
606 2481 803 2536 neanamittitur,
830 2482 871 2528 aet
891 2483 936 2544 qui
956 2483 1025 2530 inter

58 2550 153 2599 amicos
171 2546 320 2608 liberatur’,
341 2548 423 2618 [Epic.
439 2561 530 2607 1‚1,a.
559 2549 663 2597 addidit
682 2564 726 2612 per
740 2550 865 2611 epistolam
879 2559 903 2599 ct
918 2551 1024 2599 conuiuii

58 2619 218 2682 adhibitione3
242 2636 293 2671 non
317 2637 351 2670 eu
375 2621 449 2670 Gaio.
489 2615 674 2684 Cfi1.41,tt.]
699 2615 826 2668 ‘simodo
845 2621 899 2668 etia
920 2616 924 2685 1
947 2634 1025 2668 causa

59 2690 200 2740 libertatem
219 2708 271 2741 non
290 2689 433 2756 impediat’.
454 2687 501 2757 [cf.
522 2691 544 2751 ξ.
558 2686 604 2756 44.]
635 2686 674 2737 ‘Iti
689 2702 774 2737 omncs
788 2696 871 2736 tamen
885 2691 946 2737 otim
960 2687 1025 2756 quii·

59 2761 115 2810 dem
130 2764 156 2811 in
170 2763 249 2812 tornea
263 2764 392 2813 libertatis
400 2760 583 2818 seruabantur,
599 2775 655 2808 cum
666 2766 777 2822 praetor
791 2773 842 2815 eos,
857 2760 917 2807 iicet
934 2760 938 2821 1
953 2762 1026 2809 serui

59 2848 95 2882 ecc
113 2834 171 2882 iure
192 2833 331 2894 Quiritium
350 2841 446 2894 essent,
466 2834 493 2881 in
512 2830 631 2881 libertate
650 2837 773 2880 tueretur.
811 2846 881 2879 nune
900 2845 962 2880 uero
976 2828 1024 2883 Μ’.

60 2902 135 2953 Haec
153 2907 237 2954 omnia
255 2908 429 2969 supplementa
449 2919 517 2953 nunc
535 2919 570 2953 ex
589 2910 661 2952 tectu
676 2902 790 2951 eiciendi
809 2902 855 2950 iiia
870 2917 950 2951 causa
962 2903 1024 2965 suit,

59 2975 129 3039 qaod
140 2974 248 3025 Studue
267 2992 357 3041 apopr.
368 2993 395 3040 p.
415 2974 493 3025 XIII.
508 2975 582 3024 etad
599 2974 623 3023 It.
639 2977 664 3032 1.,
683 2981 710 3023 ut
727 2989 795 3023 nune
810 2983 975 3038 comparatus
987 2983 1025 3025 eet

60 3046 152 3107 cadero,
166 3046 330 3096 Biulimianis
342 3049 396 3096 iilia
406 3062 503 3097 omnem
514 3046 591 3108 fidem
600 3046 722 3104 detrahit,
738 3045 840 3095 adiecto
851 3047 878 3094 in
888 3046 928 3096 ed.
938 3049 1024 3111 praef.

56 3132 83 3180 p.
99 3117 130 3167 V.
142 3124 193 3167 not.
205 3132 216 3167 1
227 3117 262 3184 (et
272 3119 311 3167 ed.
322 3117 437 3182 e.Suppi.
441 3133 468 3182 p.
478 3117 546 3181 XX)
555 3119 632 3167 etiam
642 3118 726 3179 ipsius
732 3115 852 3176 Btudmii,
862 3119 932 3167 senis
942 3125 1025 3168 tamen

59 3195 84 3236 et
96 3203 124 3238 se
138 3191 299 3250 excusantis,
314 3190 346 3238 de
356 3191 399 3253 iis,
409 3190 478 3254 quod
488 3189 585 3251 fertur,
603 3189 701 3238 iudicio
712 3186 787 3253 (daec
798 3185 869 3239 ‘oiim
880 3205 896 3237 a
905 3204 933 3238 se
943 3190 1025 3239 obiter

61 3260 174 3322 inspecta
185 3260 417 3325 codicedescripta
428 3257 494 3310 esse'
511 3259 583 3321 etc.):
601 3275 688 3308 uerum
701 3267 784 3309 tamen
800 3261 826 3309 in
842 3260 902 3310 adn.
918 3262 1025 3316 retinui,

60 3329 199 3395 Hotlwepii
218 3331 250 3379 de
264 3347 293 3381 co
313 3340 433 3395 tempore,
454 3346 503 3394 quo
517 3331 651 3380 Btudmiue
665 3338 725 3380 ante
740 3333 929 3396 quinquaqinta
943 3346 1026 3381 annos

61 3401 173 3451 codicem
196 3404 350 3466 inspexerat
371 3418 468 3466 suaque
491 3408 658 3459 enotaocrat,
683 3401 780 3451 iudicio
805 3405 831 3450 in
857 3401 981 3452 Zeitseler.
1002 3402 1025 3465 f.

61 3470 241 3538 Rechtsqeecii.
262 3473 292 3524 V.
304 3489 331 3538 p.
345 3485 392 3524 aas.
407 3472 526 3523 nonnihil
544 3473 665 3522 tribuens.
740 3469 759 3538 ¹)
773 3471 819 3523 Sic
839 3469 892 3531 W,
905 3474 942 3522 ad
955 3488 1026 3537 quem

60 3546 135 3592 etiam
155 3546 181 3592 in
201 3546 382 3608 supplementis
400 3543 609 3594 antecedentibus
628 3544 752 3607 quaedam
771 3544 968 3594 accommodavi.

132 3689 155 3749 ἓ.
170 3688 220 3735 21·
249 3686 288 3750 Cf.
303 3684 439 3749 Epit.t,a.
459 3686 514 3747 §.a
534 3684 735 3747 infrendite.
787 3678 812 3751 ᾗ
827 3676 885 3733 21³&
908 3684 1025 3746 diligat.

62 3759 137 3807 euius
151 3758 267 3807 ordinem
279 3758 472 3820 praescriptum
489 3754 569 3804 Gaius
583 3757 660 3803 etiam
675 3760 735 3817 poet
750 3755 776 3801 in
792 3754 889 3803 Latino
904 3760 1028 3802 accurate

62 3830 186 3892 sequitur.
223 3827 352 3892 tltp.1,1e.
373 3827 416 3876 In.
428 3828 489 3877 Dos.
500 3838 521 3877 e.
538 3826 611 3889 infra
624 3828 646 3887 ς.
656 3836 689 3876 so.
705 3837 726 3879 a,
740 3835 774 3872 ιι.
791 3836 837 3874 noi.
889 3824 914 3886 ς,
924 3824 966 3871 tt.
988 3821 1026 3883 Cf.

64 3899 136 3961 infra
155 3911 176 3958 a,
195 3910 227 3951 oe.
251 3898 438 3961 Uip.1.10.12.
464 3897 508 3949 Fr.
524 3896 623 3946 Dositd.
642 3906 662 3946 5.
679 3907 700 3945 a.
725 3892 863 3956 Epit.1,1.
882 3896 941 3953 §.a
966 3892 1028 3938 inter

113 4000 210 4034 armna
225 4000 304 4032 um.
319 3999 370 4030 am
389 4000 425 4031 nn.
439 4000 462 4029 v.
794 3979 826 4027 tt
