<?xml version="1.0" encoding="UTF-8"?>
<!DOCTYPE html PUBLIC "-//W3C//DTD XHTML 1.0 Transitional//EN"
    "http://www.w3.org/TR/xhtml1/DTD/xhtml1-transitional.dtd">
<html xmlns="http://www.w3.org/1999/xhtml" xml:lang="en" lang="en">
 <head>
  <title>
</title>
<meta http-equiv="Content-Type" content="text/html;charset=utf-8" />
  <meta name='ocr-system' content='tesseract 3.04.00' />
  <meta name='ocr-capabilities' content='ocr_page ocr_carea ocr_par ocr_line ocrx_word'/>
</head>
<body>
  <div class='ocr_page' id='page_1' title='image "./iurisprvdentiae00huscgoog_0709.png"; bbox 0 0 2378 4386; ppageno 0'>
   <div class='ocr_carea' id='block_1_1' title="bbox 175 503 948 571">
    <p class='ocr_par' dir='ltr' id='par_1_1' title="bbox 175 503 948 571">
     <span class='ocr_line' id='line_1_1' title="bbox 175 503 948 571; baseline -0.018 -1"><span class='ocrx_word' id='word_1_1' title='bbox 175 505 238 571; x_wconf 81' lang='grc'>670</span> <span class='ocrx_word' id='word_1_2' title='bbox 350 525 409 561; x_wconf 77' lang='lat' dir='ltr'>rios.</span> <span class='ocrx_word' id='word_1_3' title='bbox 428 524 468 561; x_wconf 81' lang='lat' dir='ltr'>aa.</span> <span class='ocrx_word' id='word_1_4' title='bbox 487 524 550 561; x_wconf 77' lang='lat' dir='ltr'>nora.</span> <span class='ocrx_word' id='word_1_5' title='bbox 569 523 658 560; x_wconf 76' lang='lat' dir='ltr'>caeru</span> <span class='ocrx_word' id='word_1_6' title='bbox 677 523 782 559; x_wconf 76' lang='lat' dir='ltr'>coccam</span> <span class='ocrx_word' id='word_1_7' title='bbox 801 503 860 557; x_wconf 85' lang='lat' dir='ltr'>Vll.</span> <span class='ocrx_word' id='word_1_8' title='bbox 880 509 904 557; x_wconf 93' lang='lat'>1.</span> <span class='ocrx_word' id='word_1_9' title='bbox 923 509 948 557; x_wconf 75' lang='lat'>2.</span> 
     </span>
    </p>
   </div>
   <div class='ocr_carea' id='block_1_2' title="bbox 174 648 1133 727">
    <p class='ocr_par' dir='ltr' id='par_1_2' title="bbox 174 648 1133 727">
     <span class='ocr_line' id='line_1_2' title="bbox 174 648 1133 727; baseline 0 -18"><span class='ocrx_word' id='word_1_10' title='bbox 174 655 210 710; x_wconf 90' lang='lat' dir='ltr'>rit</span> <span class='ocrx_word' id='word_1_11' title='bbox 225 669 285 710; x_wconf 91' lang='lat' dir='ltr'>cum</span> <span class='ocrx_word' id='word_1_12' title='bbox 301 668 385 708; x_wconf 83' lang='lat' dir='ltr'>uxore</span> <span class='ocrx_word' id='word_1_13' title='bbox 399 655 483 727; x_wconf 88' lang='lat' dir='ltr'>patris</span> <span class='ocrx_word' id='word_1_14' title='bbox 501 655 560 721; x_wconf 90' lang='lat' dir='ltr'>sui;</span> <span class='ocrx_word' id='word_1_15' title='bbox 583 661 612 709; x_wconf 90' lang='lat' dir='ltr'>et</span> <span class='ocrx_word' id='word_1_16' title='bbox 633 651 698 710; x_wconf 86' lang='lat' dir='ltr'>dicit</span> <span class='ocrx_word' id='word_1_17' title='bbox 721 652 807 709; x_wconf 93' lang='lat' dir='ltr'>omnis</span> <span class='ocrx_word' id='word_1_18' title='bbox 828 651 960 725; x_wconf 90' lang='lat' dir='ltr'>populus:</span> <span class='ocrx_word' id='word_1_19' title='bbox 985 648 1047 718; x_wconf 86' lang='lat' dir='ltr'>liat,</span> <span class='ocrx_word' id='word_1_20' title='bbox 1073 649 1133 709; x_wconf 84' lang='lat' dir='ltr'>liat.</span> 
     </span>
    </p>
   </div>
   <div class='ocr_carea' id='block_1_3' title="bbox 174 732 1135 895">
    <p class='ocr_par' dir='ltr' id='par_1_3' title="bbox 174 732 1135 895">
     <span class='ocr_line' id='line_1_3' title="bbox 174 732 1135 809; baseline 0.001 -17"><span class='ocrx_word' id='word_1_21' title='bbox 174 732 202 794; x_wconf 77' lang='lat'>2.</span> <span class='ocrx_word' id='word_1_22' title='bbox 227 735 397 807; x_wconf 77' lang='lat' dir='ltr'>Maledictus,</span> <span class='ocrx_word' id='word_1_23' title='bbox 421 737 467 809; x_wconf 84' lang='lat' dir='ltr'>qui</span> <span class='ocrx_word' id='word_1_24' title='bbox 487 735 663 792; x_wconf 77' lang='lat' dir='ltr'>concubuerit</span> <span class='ocrx_word' id='word_1_25' title='bbox 685 751 745 792; x_wconf 90' lang='lat' dir='ltr'>cum</span> <span class='ocrx_word' id='word_1_26' title='bbox 765 751 861 791; x_wconf 91' lang='lat' dir='ltr'>sorore</span> <span class='ocrx_word' id='word_1_27' title='bbox 876 751 923 790; x_wconf 91' lang='lat' dir='ltr'>sua</span> <span class='ocrx_word' id='word_1_28' title='bbox 939 733 972 790; x_wconf 90' lang='lat' dir='ltr'>de</span> <span class='ocrx_word' id='word_1_29' title='bbox 989 744 1067 807; x_wconf 86' lang='lat' dir='ltr'>patre</span> <span class='ocrx_word' id='word_1_30' title='bbox 1084 745 1135 793; x_wconf 89' lang='lat' dir='ltr'>aut</span> 
     </span>
     <span class='ocr_line' id='line_1_4' title="bbox 174 816 1135 895; baseline 0 -19"><span class='ocrx_word' id='word_1_31' title='bbox 174 819 319 882; x_wconf 77' lang='lat' dir='ltr'>demetra:</span> <span class='ocrx_word' id='word_1_32' title='bbox 343 827 370 875; x_wconf 88' lang='lat' dir='ltr'>et</span> <span class='ocrx_word' id='word_1_33' title='bbox 393 818 457 876; x_wconf 90' lang='lat' dir='ltr'>dicit</span> <span class='ocrx_word' id='word_1_34' title='bbox 478 822 564 876; x_wconf 88' lang='lat' dir='ltr'>omuls</span> <span class='ocrx_word' id='word_1_35' title='bbox 587 819 716 895; x_wconf 89' lang='lat' dir='ltr'>populus:</span> <span class='ocrx_word' id='word_1_36' title='bbox 740 817 795 891; x_wconf 84' lang='lat' dir='ltr'>liat,</span> <span class='ocrx_word' id='word_1_37' title='bbox 819 817 872 875; x_wconf 84' lang='lat' dir='ltr'>irat.</span> <span class='ocrx_word' id='word_1_38' title='bbox 909 816 938 875; x_wconf 81' lang='lat'>³.</span> <span class='ocrx_word' id='word_1_39' title='bbox 961 818 1135 892; x_wconf 71' lang='lat' dir='ltr'>Maledictus,</span> 
     </span>
    </p>
   </div>
   <div class='ocr_carea' id='block_1_4' title="bbox 84 901 1132 977">
    <p class='ocr_par' dir='ltr' id='par_1_4' title="bbox 84 901 1132 977">
     <span class='ocr_line' id='line_1_5' title="bbox 84 901 1132 977; baseline 0.001 -19"><span class='ocrx_word' id='word_1_40' title='bbox 84 962 87 967; x_wconf 62' lang='grc'>,</span> <span class='ocrx_word' id='word_1_41' title='bbox 174 905 220 977; x_wconf 86' lang='lat' dir='ltr'>qul</span> <span class='ocrx_word' id='word_1_42' title='bbox 235 901 411 960; x_wconf 86' lang='lat' dir='ltr'>concubuerit</span> <span class='ocrx_word' id='word_1_43' title='bbox 425 920 485 960; x_wconf 90' lang='lat' dir='ltr'>curn</span> <span class='ocrx_word' id='word_1_44' title='bbox 508 920 578 960; x_wconf 89' lang='lat' dir='ltr'>nuru</span> <span class='ocrx_word' id='word_1_45' title='bbox 598 920 661 966; x_wconf 85' lang='lat' dir='ltr'>sua;</span> <span class='ocrx_word' id='word_1_46' title='bbox 683 912 710 960; x_wconf 91' lang='lat' dir='ltr'>et</span> <span class='ocrx_word' id='word_1_47' title='bbox 725 903 791 959; x_wconf 91' lang='lat' dir='ltr'>dicit</span> <span class='ocrx_word' id='word_1_48' title='bbox 805 903 891 958; x_wconf 90' lang='lat' dir='ltr'>omnis</span> <span class='ocrx_word' id='word_1_49' title='bbox 912 901 1047 976; x_wconf 90' lang='lat' dir='ltr'>populus:</span> <span class='ocrx_word' id='word_1_50' title='bbox 1072 901 1132 977; x_wconf 86' lang='lat' dir='ltr'>bat,</span> 
     </span>
    </p>
   </div>
   <div class='ocr_carea' id='block_1_5' title="bbox 97 984 1181 1647">
    <p class='ocr_par' dir='ltr' id='par_1_5' title="bbox 97 984 1181 1647">
     <span class='ocr_line' id='line_1_6' title="bbox 174 984 1133 1061; baseline 0.001 -19"><span class='ocrx_word' id='word_1_51' title='bbox 174 984 229 1042; x_wconf 86' lang='lat' dir='ltr'>liat.</span> <span class='ocrx_word' id='word_1_52' title='bbox 266 984 296 1043; x_wconf 76' lang='lat' dir='ltr'>t.</span> <span class='ocrx_word' id='word_1_53' title='bbox 319 985 483 1060; x_wconf 80' lang='lat' dir='ltr'>Maledictus,</span> <span class='ocrx_word' id='word_1_54' title='bbox 507 989 552 1061; x_wconf 85' lang='lat' dir='ltr'>qui</span> <span class='ocrx_word' id='word_1_55' title='bbox 567 987 742 1045; x_wconf 86' lang='lat' dir='ltr'>concubuerit</span> <span class='ocrx_word' id='word_1_56' title='bbox 758 1003 818 1043; x_wconf 91' lang='lat' dir='ltr'>curn</span> <span class='ocrx_word' id='word_1_57' title='bbox 834 1003 914 1045; x_wconf 88' lang='lat' dir='ltr'>socru</span> <span class='ocrx_word' id='word_1_58' title='bbox 929 1001 995 1060; x_wconf 76' lang='lat' dir='ltr'>sui;</span> <span class='ocrx_word' id='word_1_59' title='bbox 1019 996 1048 1042; x_wconf 92' lang='lat' dir='ltr'>et</span> <span class='ocrx_word' id='word_1_60' title='bbox 1064 985 1133 1044; x_wconf 90' lang='lat' dir='ltr'>dicit</span> 
     </span>
     <span class='ocr_line' id='line_1_7' title="bbox 174 1069 1181 1145; baseline 0.003 -19"><span class='ocrx_word' id='word_1_61' title='bbox 174 1073 261 1127; x_wconf 91' lang='lat' dir='ltr'>omnis</span> <span class='ocrx_word' id='word_1_62' title='bbox 283 1071 415 1145; x_wconf 92' lang='lat' dir='ltr'>populus:</span> <span class='ocrx_word' id='word_1_63' title='bbox 443 1069 504 1141; x_wconf 82' lang='lat' dir='ltr'>Mat,</span> <span class='ocrx_word' id='word_1_64' title='bbox 532 1070 586 1128; x_wconf 85' lang='lat' dir='ltr'>liat.</span> <span class='ocrx_word' id='word_1_65' title='bbox 630 1069 658 1128; x_wconf 79' lang='lat' dir='ltr'>d.</span> <span class='ocrx_word' id='word_1_66' title='bbox 686 1071 855 1139; x_wconf 86' lang='lat' dir='ltr'>Maledictus,</span> <span class='ocrx_word' id='word_1_67' title='bbox 883 1071 929 1143; x_wconf 88' lang='lat' dir='ltr'>qul</span> <span class='ocrx_word' id='word_1_68' title='bbox 951 1069 1133 1128; x_wconf 88' lang='lat' dir='ltr'>concubuerit</span> <span class='ocrx_word' id='word_1_69' title='bbox 1149 1080 1181 1129; x_wconf 79' lang='lat'>[⁵⁷</span> 
     </span>
     <span class='ocr_line' id='line_1_8' title="bbox 97 1149 1132 1230; baseline 0.002 -20"><span class='ocrx_word' id='word_1_70' title='bbox 97 1149 100 1159; x_wconf 88' lang='lat'>&#39;</span> <span class='ocrx_word' id='word_1_71' title='bbox 173 1169 234 1210; x_wconf 92' lang='lat' dir='ltr'>cum</span> <span class='ocrx_word' id='word_1_72' title='bbox 249 1170 345 1211; x_wconf 88' lang='lat' dir='ltr'>sorore</span> <span class='ocrx_word' id='word_1_73' title='bbox 360 1156 444 1228; x_wconf 86' lang='lat' dir='ltr'>patris</span> <span class='ocrx_word' id='word_1_74' title='bbox 459 1154 517 1230; x_wconf 86' lang='lat' dir='ltr'>sui;</span> <span class='ocrx_word' id='word_1_75' title='bbox 541 1164 569 1211; x_wconf 92' lang='lat' dir='ltr'>et</span> <span class='ocrx_word' id='word_1_76' title='bbox 586 1154 650 1212; x_wconf 89' lang='lat' dir='ltr'>dicit</span> <span class='ocrx_word' id='word_1_77' title='bbox 666 1156 751 1211; x_wconf 88' lang='lat' dir='ltr'>omnis</span> <span class='ocrx_word' id='word_1_78' title='bbox 767 1155 899 1228; x_wconf 89' lang='lat' dir='ltr'>populus:</span> <span class='ocrx_word' id='word_1_79' title='bbox 923 1153 983 1223; x_wconf 83' lang='lat' dir='ltr'>fiat,</span> <span class='ocrx_word' id='word_1_80' title='bbox 1005 1152 1062 1209; x_wconf 85' lang='lat' dir='ltr'>liat.</span> <span class='ocrx_word' id='word_1_81' title='bbox 1101 1150 1132 1216; x_wconf 79' lang='grc'>6.</span> 
     </span>
     <span class='ocr_line' id='line_1_9' title="bbox 174 1236 1133 1313; baseline 0.004 -21"><span class='ocrx_word' id='word_1_82' title='bbox 174 1236 341 1310; x_wconf 80' lang='lat' dir='ltr'>Maledictus,</span> <span class='ocrx_word' id='word_1_83' title='bbox 365 1240 410 1313; x_wconf 88' lang='lat' dir='ltr'>qui</span> <span class='ocrx_word' id='word_1_84' title='bbox 425 1238 602 1296; x_wconf 87' lang='lat' dir='ltr'>concubuerit</span> <span class='ocrx_word' id='word_1_85' title='bbox 616 1256 676 1296; x_wconf 91' lang='lat' dir='ltr'>cum</span> <span class='ocrx_word' id='word_1_86' title='bbox 691 1254 786 1294; x_wconf 84' lang='lat' dir='ltr'>sorore</span> <span class='ocrx_word' id='word_1_87' title='bbox 802 1240 892 1294; x_wconf 83' lang='lat' dir='ltr'>inatris</span> <span class='ocrx_word' id='word_1_88' title='bbox 908 1253 989 1305; x_wconf 82' lang='lat' dir='ltr'>suae3</span> <span class='ocrx_word' id='word_1_89' title='bbox 1014 1246 1042 1293; x_wconf 86' lang='lat' dir='ltr'>et</span> <span class='ocrx_word' id='word_1_90' title='bbox 1064 1237 1133 1298; x_wconf 91' lang='lat' dir='ltr'>dicit</span> 
     </span>
     <span class='ocr_line' id='line_1_10' title="bbox 174 1319 1134 1396; baseline 0.001 -18"><span class='ocrx_word' id='word_1_91' title='bbox 174 1323 260 1378; x_wconf 92' lang='lat' dir='ltr'>omnls</span> <span class='ocrx_word' id='word_1_92' title='bbox 275 1320 406 1396; x_wconf 89' lang='lat' dir='ltr'>populus:</span> <span class='ocrx_word' id='word_1_93' title='bbox 430 1321 484 1392; x_wconf 80' lang='lat' dir='ltr'>iat,</span> <span class='ocrx_word' id='word_1_94' title='bbox 501 1321 555 1379; x_wconf 81' lang='lat' dir='ltr'>Mat.</span> <span class='ocrx_word' id='word_1_95' title='bbox 591 1319 616 1379; x_wconf 89' lang='grc'>7.</span> <span class='ocrx_word' id='word_1_96' title='bbox 633 1322 798 1393; x_wconf 78' lang='lat' dir='ltr'>Maledictus,</span> <span class='ocrx_word' id='word_1_97' title='bbox 814 1323 859 1395; x_wconf 89' lang='lat' dir='ltr'>qui</span> <span class='ocrx_word' id='word_1_98' title='bbox 874 1320 1053 1378; x_wconf 89' lang='lat' dir='ltr'>concubuerit</span> <span class='ocrx_word' id='word_1_99' title='bbox 1068 1338 1134 1379; x_wconf 90' lang='lat' dir='ltr'>cum</span> 
     </span>
     <span class='ocr_line' id='line_1_11' title="bbox 173 1403 1133 1480; baseline 0.003 -20"><span class='ocrx_word' id='word_1_100' title='bbox 173 1421 268 1463; x_wconf 85' lang='lat' dir='ltr'>sorore</span> <span class='ocrx_word' id='word_1_101' title='bbox 291 1408 381 1462; x_wconf 82' lang='lat' dir='ltr'>uxoris</span> <span class='ocrx_word' id='word_1_102' title='bbox 404 1423 483 1480; x_wconf 71' lang='lat' dir='ltr'>suae,</span> <span class='ocrx_word' id='word_1_103' title='bbox 512 1417 540 1464; x_wconf 90' lang='lat' dir='ltr'>et</span> <span class='ocrx_word' id='word_1_104' title='bbox 561 1407 626 1464; x_wconf 93' lang='lat' dir='ltr'>dlcit</span> <span class='ocrx_word' id='word_1_105' title='bbox 648 1408 733 1463; x_wconf 90' lang='lat' dir='ltr'>omnis</span> <span class='ocrx_word' id='word_1_106' title='bbox 756 1406 889 1479; x_wconf 90' lang='lat' dir='ltr'>populus:</span> <span class='ocrx_word' id='word_1_107' title='bbox 913 1403 973 1476; x_wconf 84' lang='lat' dir='ltr'>fiat,</span> <span class='ocrx_word' id='word_1_108' title='bbox 998 1403 1054 1461; x_wconf 83' lang='lat' dir='ltr'>fiat</span> <span class='ocrx_word' id='word_1_109' title='bbox 1100 1405 1133 1463; x_wconf 87' lang='grc'>8.</span> 
     </span>
     <span class='ocr_line' id='line_1_12' title="bbox 174 1487 1134 1564; baseline 0.001 -19"><span class='ocrx_word' id='word_1_110' title='bbox 174 1487 340 1558; x_wconf 80' lang='lat' dir='ltr'>Maledictus,</span> <span class='ocrx_word' id='word_1_111' title='bbox 357 1492 401 1564; x_wconf 89' lang='lat' dir='ltr'>qul</span> <span class='ocrx_word' id='word_1_112' title='bbox 418 1490 556 1547; x_wconf 89' lang='lat' dir='ltr'>dormierit</span> <span class='ocrx_word' id='word_1_113' title='bbox 574 1507 635 1546; x_wconf 92' lang='lat' dir='ltr'>cum</span> <span class='ocrx_word' id='word_1_114' title='bbox 651 1506 734 1547; x_wconf 86' lang='lat' dir='ltr'>uxore</span> <span class='ocrx_word' id='word_1_115' title='bbox 751 1491 839 1546; x_wconf 80' lang='lat' dir='ltr'>fratris</span> <span class='ocrx_word' id='word_1_116' title='bbox 851 1491 908 1557; x_wconf 86' lang='lat' dir='ltr'>sui;</span> <span class='ocrx_word' id='word_1_117' title='bbox 924 1497 951 1544; x_wconf 89' lang='lat' dir='ltr'>et</span> <span class='ocrx_word' id='word_1_118' title='bbox 964 1488 1029 1544; x_wconf 90' lang='lat' dir='ltr'>dicit</span> <span class='ocrx_word' id='word_1_119' title='bbox 1042 1493 1134 1546; x_wconf 90' lang='lat' dir='ltr'>omnis</span> 
     </span>
     <span class='ocr_line' id='line_1_13' title="bbox 173 1571 1132 1647; baseline 0.001 -18"><span class='ocrx_word' id='word_1_120' title='bbox 173 1573 305 1647; x_wconf 87' lang='lat' dir='ltr'>populus:</span> <span class='ocrx_word' id='word_1_121' title='bbox 330 1571 384 1644; x_wconf 81' lang='lat' dir='ltr'>bat,</span> <span class='ocrx_word' id='word_1_122' title='bbox 407 1571 462 1630; x_wconf 83' lang='lat' dir='ltr'>bat.</span> <span class='ocrx_word' id='word_1_123' title='bbox 506 1571 535 1631; x_wconf 86' lang='grc'>9.</span> <span class='ocrx_word' id='word_1_124' title='bbox 559 1573 723 1645; x_wconf 88' lang='lat' dir='ltr'>Maledictus,</span> <span class='ocrx_word' id='word_1_125' title='bbox 747 1575 791 1646; x_wconf 85' lang='lat' dir='ltr'>qui</span> <span class='ocrx_word' id='word_1_126' title='bbox 814 1573 955 1629; x_wconf 90' lang='lat' dir='ltr'>dormierit</span> <span class='ocrx_word' id='word_1_127' title='bbox 975 1575 1132 1630; x_wconf 89' lang='lat' dir='ltr'>cumomni</span> 
     </span>
    </p>
   </div>
   <div class='ocr_carea' id='block_1_6' title="bbox 174 1655 1033 1804">
    <p class='ocr_par' dir='ltr' id='par_1_6' title="bbox 174 1655 1033 1804">
     <span class='ocr_line' id='line_1_14' title="bbox 174 1655 822 1730; baseline -0.002 -17"><span class='ocrx_word' id='word_1_128' title='bbox 174 1672 286 1730; x_wconf 90' lang='lat' dir='ltr'>pecore;</span> <span class='ocrx_word' id='word_1_129' title='bbox 310 1666 337 1712; x_wconf 91' lang='lat' dir='ltr'>et</span> <span class='ocrx_word' id='word_1_130' title='bbox 352 1657 417 1713; x_wconf 88' lang='lat' dir='ltr'>dixit</span> <span class='ocrx_word' id='word_1_131' title='bbox 432 1659 518 1714; x_wconf 83' lang='lat' dir='ltr'>onrais</span> <span class='ocrx_word' id='word_1_132' title='bbox 534 1656 667 1730; x_wconf 89' lang='lat' dir='ltr'>populus:</span> <span class='ocrx_word' id='word_1_133' title='bbox 692 1656 749 1720; x_wconf 83' lang='lat' dir='ltr'>irat,</span> <span class='ocrx_word' id='word_1_134' title='bbox 767 1655 822 1712; x_wconf 83' lang='lat' dir='ltr'>bat.</span> 
     </span>
     <span class='ocr_line' id='line_1_15' title="bbox 279 1733 1033 1804; baseline -0.001 -18"><span class='ocrx_word' id='word_1_135' title='bbox 279 1736 381 1801; x_wconf 79' lang='lat' dir='ltr'>Explicit</span> <span class='ocrx_word' id='word_1_136' title='bbox 395 1737 476 1787; x_wconf 86' lang='lat' dir='ltr'>titulus</span> <span class='ocrx_word' id='word_1_137' title='bbox 491 1738 520 1786; x_wconf 92' lang='lat' dir='ltr'>de</span> <span class='ocrx_word' id='word_1_138' title='bbox 535 1734 669 1804; x_wconf 84' lang='lat' dir='ltr'>[adulteris,</span> <span class='ocrx_word' id='word_1_139' title='bbox 683 1737 857 1802; x_wconf 84' lang='lat' dir='ltr'>stupratoribus</span> <span class='ocrx_word' id='word_1_140' title='bbox 872 1733 909 1803; x_wconf 86' lang='lat' dir='ltr'>et]</span> <span class='ocrx_word' id='word_1_141' title='bbox 925 1735 1033 1785; x_wconf 83' lang='lat' dir='ltr'>incestis.</span> 
     </span>
    </p>
   </div>
   <div class='ocr_carea' id='block_1_7' title="bbox 317 1918 990 2083">
    <p class='ocr_par' dir='ltr' id='par_1_7' title="bbox 317 1918 990 2083">
     <span class='ocr_line' id='line_1_16' title="bbox 602 1918 698 1954; baseline 0.01 -3"><span class='ocrx_word' id='word_1_142' title='bbox 602 1918 698 1954; x_wconf 74' lang='lat' dir='ltr'><strong>INCIPIT</strong></span> 
     </span>
     <span class='ocr_line' id='line_1_17' title="bbox 317 1997 990 2083; baseline -0.004 -20"><span class='ocrx_word' id='word_1_143' title='bbox 317 1998 388 2083; x_wconf 82' lang='lat' dir='ltr'>(mr.</span> <span class='ocrx_word' id='word_1_144' title='bbox 406 1997 469 2082; x_wconf 82' lang='lat' dir='ltr'>ru.)</span> <span class='ocrx_word' id='word_1_145' title='bbox 497 2021 539 2061; x_wconf 78' lang='lat' dir='ltr'>nc</span> <span class='ocrx_word' id='word_1_146' title='bbox 554 2019 685 2062; x_wconf 78' lang='lat' dir='ltr'>aramve</span> <span class='ocrx_word' id='word_1_147' title='bbox 701 2021 741 2061; x_wconf 78' lang='lat' dir='ltr'>nr</span> <span class='ocrx_word' id='word_1_148' title='bbox 755 2018 857 2060; x_wconf 76' lang='lat' dir='ltr'>nocua</span> <span class='ocrx_word' id='word_1_149' title='bbox 873 2019 990 2062; x_wconf 81' lang='lat' dir='ltr'>nonvu.</span> 
     </span>
    </p>
   </div>
   <div class='ocr_carea' id='block_1_8' title="bbox 173 2111 1133 3358">
    <p class='ocr_par' dir='ltr' id='par_1_8' title="bbox 173 2111 1133 2859">
     <span class='ocr_line' id='line_1_18' title="bbox 237 2111 1130 2188; baseline 0 -18"><span class='ocrx_word' id='word_1_150' title='bbox 237 2115 302 2188; x_wconf 88' lang='lat' dir='ltr'>llap.</span> <span class='ocrx_word' id='word_1_151' title='bbox 325 2115 346 2170; x_wconf 97' lang='lat' dir='ltr'>l.</span> <span class='ocrx_word' id='word_1_152' title='bbox 391 2113 519 2180; x_wconf 76' lang='lat' dir='ltr'>Quodsi</span> <span class='ocrx_word' id='word_1_153' title='bbox 548 2113 723 2169; x_wconf 89' lang='lat' dir='ltr'>duodecim</span> <span class='ocrx_word' id='word_1_154' title='bbox 752 2111 891 2169; x_wconf 87' lang='lat' dir='ltr'>tabulae</span> <span class='ocrx_word' id='word_1_155' title='bbox 919 2123 1130 2170; x_wconf 90' lang='lat' dir='ltr'>nocturnum</span> 
     </span>
     <span class='ocr_line' id='line_1_19' title="bbox 173 2191 1132 2271; baseline 0.001 -18"><span class='ocrx_word' id='word_1_156' title='bbox 173 2198 283 2254; x_wconf 85' lang='lat' dir='ltr'>iurem</span> <span class='ocrx_word' id='word_1_157' title='bbox 313 2194 589 2270; x_wconf 80' lang='lat' dir='ltr'>&#39;(quopuamodo,</span> <span class='ocrx_word' id='word_1_158' title='bbox 621 2199 789 2254; x_wconf 81' lang='lat' dir='ltr'>diurnum</span> <span class='ocrx_word' id='word_1_159' title='bbox 817 2191 879 2271; x_wconf 80' lang='lat' dir='ltr'>si)¹</span> <span class='ocrx_word' id='word_1_160' title='bbox 908 2206 965 2253; x_wconf 92' lang='lat' dir='ltr'>aut</span> <span class='ocrx_word' id='word_1_161' title='bbox 992 2198 1065 2253; x_wconf 90' lang='lat' dir='ltr'>ensi</span> <span class='ocrx_word' id='word_1_162' title='bbox 1094 2214 1132 2254; x_wconf 90' lang='lat' dir='ltr'>se</span> 
     </span>
     <span class='ocr_line' id='line_1_20' title="bbox 173 2275 1132 2350; baseline 0.004 -14"><span class='ocrx_word' id='word_1_163' title='bbox 173 2275 251 2336; x_wconf 82' lang='lat' dir='ltr'>nut²</span> <span class='ocrx_word' id='word_1_164' title='bbox 284 2280 354 2335; x_wconf 90' lang='lat' dir='ltr'>telo</span> <span class='ocrx_word' id='word_1_165' title='bbox 388 2279 597 2350; x_wconf 81' lang='lat' dir='ltr'>detenderit,</span> <span class='ocrx_word' id='word_1_166' title='bbox 634 2281 792 2338; x_wconf 79' lang='lat' dir='ltr'>interfici</span> <span class='ocrx_word' id='word_1_167' title='bbox 825 2281 960 2337; x_wconf 89' lang='lat' dir='ltr'>iubent:</span> <span class='ocrx_word' id='word_1_168' title='bbox 996 2283 1132 2340; x_wconf 88' lang='lat' dir='ltr'>scitote</span> 
     </span>
     <span class='ocr_line' id='line_1_21' title="bbox 177 2363 1131 2438; baseline 0.002 -18"><span class='ocrx_word' id='word_1_169' title='bbox 177 2363 445 2436; x_wconf 89' lang='lat' dir='ltr'>iurisconsulti,</span> <span class='ocrx_word' id='word_1_170' title='bbox 482 2366 561 2437; x_wconf 89' lang='lat' dir='ltr'>quia</span> <span class='ocrx_word' id='word_1_171' title='bbox 595 2364 726 2438; x_wconf 78' lang='lat' dir='ltr'>Moyses</span> <span class='ocrx_word' id='word_1_172' title='bbox 759 2366 857 2437; x_wconf 88' lang='lat' dir='ltr'>prius</span> <span class='ocrx_word' id='word_1_173' title='bbox 889 2365 951 2420; x_wconf 90' lang='lat' dir='ltr'>boe</span> <span class='ocrx_word' id='word_1_174' title='bbox 984 2367 1131 2437; x_wconf 88' lang='lat' dir='ltr'>statuit,</span> 
     </span>
     <span class='ocr_line' id='line_1_22' title="bbox 173 2441 1132 2522; baseline 0 -18"><span class='ocrx_word' id='word_1_175' title='bbox 173 2449 269 2504; x_wconf 90' lang='lat' dir='ltr'>sicut</span> <span class='ocrx_word' id='word_1_176' title='bbox 291 2445 398 2504; x_wconf 90' lang='lat' dir='ltr'>lectio</span> <span class='ocrx_word' id='word_1_177' title='bbox 422 2448 634 2505; x_wconf 80' lang='lat' dir='ltr'>manifestat.</span> <span class='ocrx_word' id='word_1_178' title='bbox 673 2448 808 2522; x_wconf 82' lang='lat' dir='ltr'>Moyses</span> <span class='ocrx_word' id='word_1_179' title='bbox 831 2441 951 2504; x_wconf 76' lang='lat' dir='ltr'>alicitz³</span> <span class='ocrx_word' id='word_1_180' title='bbox 982 2447 1007 2505; x_wconf 93' lang='lat'>1.</span> <span class='ocrx_word' id='word_1_181' title='bbox 1025 2447 1132 2522; x_wconf 86' lang='lat' dir='ltr'>Slper·</span> 
     </span>
     <span class='ocr_line' id='line_1_23' title="bbox 175 2532 1130 2606; baseline 0 -18"><span class='ocrx_word' id='word_1_182' title='bbox 175 2532 279 2589; x_wconf 78' lang='lat' dir='ltr'>fodiens</span> <span class='ocrx_word' id='word_1_183' title='bbox 295 2540 375 2588; x_wconf 91' lang='lat' dir='ltr'>nocte</span> <span class='ocrx_word' id='word_1_184' title='bbox 391 2533 518 2604; x_wconf 91' lang='lat' dir='ltr'>parietem</span> <span class='ocrx_word' id='word_1_185' title='bbox 533 2535 661 2590; x_wconf 89' lang='lat' dir='ltr'>iuuentus</span> <span class='ocrx_word' id='word_1_186' title='bbox 677 2532 758 2588; x_wconf 84' lang='lat' dir='ltr'>luerit</span> <span class='ocrx_word' id='word_1_187' title='bbox 774 2532 825 2601; x_wconf 89' lang='lat' dir='ltr'>lur,</span> <span class='ocrx_word' id='word_1_188' title='bbox 844 2541 870 2588; x_wconf 90' lang='lat' dir='ltr'>et</span> <span class='ocrx_word' id='word_1_189' title='bbox 886 2534 1054 2606; x_wconf 89' lang='lat' dir='ltr'>percusserit</span> <span class='ocrx_word' id='word_1_190' title='bbox 1067 2549 1130 2588; x_wconf 92' lang='lat' dir='ltr'>eum</span> 
     </span>
     <span class='ocr_line' id='line_1_24' title="bbox 175 2613 1131 2690; baseline 0 -18"><span class='ocrx_word' id='word_1_191' title='bbox 175 2617 252 2681; x_wconf 81' lang='lat' dir='ltr'>alius,</span> <span class='ocrx_word' id='word_1_192' title='bbox 268 2625 295 2674; x_wconf 90' lang='lat' dir='ltr'>et</span> <span class='ocrx_word' id='word_1_193' title='bbox 308 2627 431 2673; x_wconf 91' lang='lat' dir='ltr'>mortuus</span> <span class='ocrx_word' id='word_1_194' title='bbox 447 2616 527 2672; x_wconf 88' lang='lat' dir='ltr'>luerit</span> <span class='ocrx_word' id='word_1_195' title='bbox 543 2617 600 2690; x_wconf 91' lang='lat' dir='ltr'>bic,</span> <span class='ocrx_word' id='word_1_196' title='bbox 621 2633 675 2672; x_wconf 92' lang='lat' dir='ltr'>non</span> <span class='ocrx_word' id='word_1_197' title='bbox 691 2626 733 2672; x_wconf 91' lang='lat' dir='ltr'>est</span> <span class='ocrx_word' id='word_1_198' title='bbox 749 2613 879 2671; x_wconf 86' lang='lat' dir='ltr'>homicida</span> <span class='ocrx_word' id='word_1_199' title='bbox 895 2617 932 2688; x_wconf 89' lang='lat' dir='ltr'>is,</span> <span class='ocrx_word' id='word_1_200' title='bbox 955 2617 1001 2688; x_wconf 89' lang='lat' dir='ltr'>qui</span> <span class='ocrx_word' id='word_1_201' title='bbox 1017 2633 1131 2688; x_wconf 88' lang='lat' dir='ltr'>percus·</span> 
     </span>
     <span class='ocr_line' id='line_1_25' title="bbox 175 2698 1133 2773; baseline -0.002 -15"><span class='ocrx_word' id='word_1_202' title='bbox 175 2704 242 2759; x_wconf 89' lang='lat' dir='ltr'>serit</span> <span class='ocrx_word' id='word_1_203' title='bbox 257 2718 328 2762; x_wconf 90' lang='lat' dir='ltr'>eum.</span> <span class='ocrx_word' id='word_1_204' title='bbox 371 2698 400 2758; x_wconf 78' lang='lat'>2.</span> <span class='ocrx_word' id='word_1_205' title='bbox 426 2699 453 2756; x_wconf 90' lang='lat' dir='ltr'>Si</span> <span class='ocrx_word' id='word_1_206' title='bbox 468 2710 556 2757; x_wconf 88' lang='lat' dir='ltr'>autem</span> <span class='ocrx_word' id='word_1_207' title='bbox 571 2701 612 2757; x_wconf 84' lang='lat' dir='ltr'>sol</span> <span class='ocrx_word' id='word_1_208' title='bbox 629 2709 707 2756; x_wconf 87' lang='lat' dir='ltr'>ortus</span> <span class='ocrx_word' id='word_1_209' title='bbox 723 2699 802 2755; x_wconf 77' lang='lat' dir='ltr'>licerit</span> <span class='ocrx_word' id='word_1_210' title='bbox 817 2715 900 2773; x_wconf 90' lang='lat' dir='ltr'>super</span> <span class='ocrx_word' id='word_1_211' title='bbox 915 2715 986 2770; x_wconf 92' lang='lat' dir='ltr'>eum,</span> <span class='ocrx_word' id='word_1_212' title='bbox 1008 2716 1073 2755; x_wconf 90' lang='lat' dir='ltr'>reus</span> <span class='ocrx_word' id='word_1_213' title='bbox 1088 2709 1133 2757; x_wconf 87' lang='lat' dir='ltr'>est</span> 
     </span>
     <span class='ocr_line' id='line_1_26' title="bbox 176 2786 711 2859; baseline -0.006 -17"><span class='ocrx_word' id='word_1_214' title='bbox 176 2788 271 2843; x_wconf 90' lang='lat' dir='ltr'>mortis</span> <span class='ocrx_word' id='word_1_215' title='bbox 286 2801 441 2859; x_wconf 85' lang='lat' dir='ltr'>percussor,</span> <span class='ocrx_word' id='word_1_216' title='bbox 457 2794 484 2841; x_wconf 90' lang='lat' dir='ltr'>et</span> <span class='ocrx_word' id='word_1_217' title='bbox 499 2787 557 2859; x_wconf 90' lang='lat' dir='ltr'>ipse</span> <span class='ocrx_word' id='word_1_218' title='bbox 572 2786 711 2841; x_wconf 87' lang='lat' dir='ltr'>morietur.</span> 
     </span>
    </p>

    <p class='ocr_par' dir='ltr' id='par_1_9' title="bbox 175 2866 1133 3358">
     <span class='ocr_line' id='line_1_27' title="bbox 238 2866 1131 2943; baseline -0.002 -17"><span class='ocrx_word' id='word_1_219' title='bbox 238 2869 304 2943; x_wconf 89' lang='lat' dir='ltr'>llap.</span> <span class='ocrx_word' id='word_1_220' title='bbox 321 2869 351 2924; x_wconf 93' lang='lat' dir='ltr'>ll.</span> <span class='ocrx_word' id='word_1_221' title='bbox 389 2868 514 2925; x_wconf 89' lang='lat' dir='ltr'>Paulus</span> <span class='ocrx_word' id='word_1_222' title='bbox 536 2867 627 2925; x_wconf 92' lang='lat' dir='ltr'>libro</span> <span class='ocrx_word' id='word_1_223' title='bbox 650 2869 900 2924; x_wconf 87' lang='lat' dir='ltr'>sententiarum</span> <span class='ocrx_word' id='word_1_224' title='bbox 916 2882 945 2924; x_wconf 87' lang='lat' dir='ltr'>v.</span> <span class='ocrx_word' id='word_1_225' title='bbox 963 2866 998 2921; x_wconf 91' lang='lat' dir='ltr'>ad</span> <span class='ocrx_word' id='word_1_226' title='bbox 1019 2866 1131 2941; x_wconf 79' lang='lat' dir='ltr'>legem</span> 
     </span>
     <span class='ocr_line' id='line_1_28' title="bbox 176 2947 1131 3023; baseline -0.003 -13"><span class='ocrx_word' id='word_1_227' title='bbox 176 2953 366 3010; x_wconf 88' lang='lat' dir='ltr'>Corneliam</span> <span class='ocrx_word' id='word_1_228' title='bbox 389 2953 427 3008; x_wconf 91' lang='lat' dir='ltr'>de</span> <span class='ocrx_word' id='word_1_229' title='bbox 448 2953 589 3009; x_wconf 88' lang='lat' dir='ltr'>sicariis</span> <span class='ocrx_word' id='word_1_230' title='bbox 612 2961 645 3008; x_wconf 87' lang='lat' dir='ltr'>ct</span> <span class='ocrx_word' id='word_1_231' title='bbox 668 2951 847 3011; x_wconf 87' lang='lat' dir='ltr'>uenalicis.</span> <span class='ocrx_word' id='word_1_232' title='bbox 883 2947 907 3007; x_wconf 93' lang='lat'>1.</span> <span class='ocrx_word' id='word_1_233' title='bbox 924 2950 951 3016; x_wconf 86' lang='lat' dir='ltr'>Sl</span> <span class='ocrx_word' id='word_1_234' title='bbox 967 2952 1028 3023; x_wconf 91' lang='lat' dir='ltr'>quis</span> <span class='ocrx_word' id='word_1_235' title='bbox 1041 2950 1131 3007; x_wconf 86' lang='lat' dir='ltr'>iurem</span> 
     </span>
     <span class='ocr_line' id='line_1_29' title="bbox 175 3033 1132 3108; baseline -0.005 -14"><span class='ocrx_word' id='word_1_236' title='bbox 175 3046 349 3107; x_wconf 90' lang='lat' dir='ltr'>nocturnum,</span> <span class='ocrx_word' id='word_1_237' title='bbox 372 3035 415 3092; x_wconf 89' lang='lat' dir='ltr'>uel</span> <span class='ocrx_word' id='word_1_238' title='bbox 438 3036 574 3105; x_wconf 91' lang='lat' dir='ltr'>diurnum,</span> <span class='ocrx_word' id='word_1_239' title='bbox 598 3051 657 3092; x_wconf 92' lang='lat' dir='ltr'>cum</span> <span class='ocrx_word' id='word_1_240' title='bbox 675 3053 704 3089; x_wconf 86' lang='lat' dir='ltr'>se</span> <span class='ocrx_word' id='word_1_241' title='bbox 721 3034 776 3091; x_wconf 89' lang='lat' dir='ltr'>tolo</span> <span class='ocrx_word' id='word_1_242' title='bbox 799 3033 966 3105; x_wconf 80' lang='lat' dir='ltr'>detenderet,</span> <span class='ocrx_word' id='word_1_243' title='bbox 990 3034 1132 3108; x_wconf 88' lang='lat' dir='ltr'>occiderit,</span> 
     </span>
     <span class='ocr_line' id='line_1_30' title="bbox 176 3112 1133 3194; baseline -0.003 -17"><span class='ocrx_word' id='word_1_244' title='bbox 176 3122 226 3177; x_wconf 87' lang='lat' dir='ltr'>lrac</span> <span class='ocrx_word' id='word_1_245' title='bbox 241 3121 348 3194; x_wconf 87' lang='lat' dir='ltr'>quidem</span> <span class='ocrx_word' id='word_1_246' title='bbox 364 3120 425 3192; x_wconf 79' lang='lat' dir='ltr'>lege</span> <span class='ocrx_word' id='word_1_247' title='bbox 441 3136 494 3175; x_wconf 93' lang='lat' dir='ltr'>non</span> <span class='ocrx_word' id='word_1_248' title='bbox 512 3126 633 3174; x_wconf 86' lang='lat' dir='ltr'>tenetur:</span> <span class='ocrx_word' id='word_1_249' title='bbox 656 3119 702 3173; x_wconf 84' lang='lat' dir='ltr'>secl</span> <span class='ocrx_word' id='word_1_250' title='bbox 727 3117 821 3174; x_wconf 88' lang='lat' dir='ltr'>melius</span> <span class='ocrx_word' id='word_1_251' title='bbox 844 3119 949 3189; x_wconf 85' lang='lat' dir='ltr'>lecerit,</span> <span class='ocrx_word' id='word_1_252' title='bbox 970 3112 1045 3190; x_wconf 84' lang='lat' dir='ltr'>’qui⁴</span> <span class='ocrx_word' id='word_1_253' title='bbox 1069 3135 1133 3174; x_wconf 89' lang='lat' dir='ltr'>eum</span> 
     </span>
     <span class='ocr_line' id='line_1_31' title="bbox 175 3201 1133 3276; baseline -0.001 -17"><span class='ocrx_word' id='word_1_254' title='bbox 175 3204 399 3276; x_wconf 87' lang='lat' dir='ltr'>comprehensum</span> <span class='ocrx_word' id='word_1_255' title='bbox 430 3201 663 3257; x_wconf 87' lang='lat' dir='ltr'>transmittendum</span> <span class='ocrx_word' id='word_1_256' title='bbox 692 3201 723 3255; x_wconf 89' lang='lat' dir='ltr'>ad</span> <span class='ocrx_word' id='word_1_257' title='bbox 752 3202 901 3276; x_wconf 86' lang='lat' dir='ltr'>praesidem</span> <span class='ocrx_word' id='word_1_258' title='bbox 926 3201 1133 3274; x_wconf 81' lang='lat' dir='ltr'>magistratibus</span> 
     </span>
     <span class='ocr_line' id='line_1_32' title="bbox 175 3286 313 3358; baseline -0.022 -16"><span class='ocrx_word' id='word_1_259' title='bbox 175 3286 313 3358; x_wconf 88' lang='lat' dir='ltr'>optulerit.</span> 
     </span>
    </p>
   </div>
   <div class='ocr_carea' id='block_1_9' title="bbox 173 3432 1135 3924">
    <p class='ocr_par' dir='ltr' id='par_1_10' title="bbox 173 3432 1135 3924">
     <span class='ocr_line' id='line_1_33' title="bbox 248 3432 1134 3501; baseline 0.005 -19"><span class='ocrx_word' id='word_1_260' title='bbox 248 3432 268 3501; x_wconf 92' lang='lat'>¹)</span> <span class='ocrx_word' id='word_1_261' title='bbox 283 3434 468 3499; x_wconf 87' lang='lat' dir='ltr'>(quoquomodo,</span> <span class='ocrx_word' id='word_1_262' title='bbox 483 3432 603 3499; x_wconf 90' lang='lat' dir='ltr'>diurnum)</span> <span class='ocrx_word' id='word_1_263' title='bbox 616 3436 700 3498; x_wconf 83' lang='lat' dir='ltr'>suppl.</span> <span class='ocrx_word' id='word_1_264' title='bbox 715 3434 756 3483; x_wconf 89' lang='lat' dir='ltr'>Bt.</span> <span class='ocrx_word' id='word_1_265' title='bbox 809 3433 973 3500; x_wconf 74' lang='lat' dir='ltr'>¹)autemsise</span> <span class='ocrx_word' id='word_1_266' title='bbox 987 3443 1028 3484; x_wconf 89' lang='lat' dir='ltr'>aut</span> <span class='ocrx_word' id='word_1_267' title='bbox 1043 3435 1075 3487; x_wconf 91' lang='lat' dir='ltr'>B.</span> <span class='ocrx_word' id='word_1_268' title='bbox 1091 3446 1134 3487; x_wconf 88' lang='lat' dir='ltr'>aut</span> 
     </span>
     <span class='ocr_line' id='line_1_34' title="bbox 174 3504 1133 3565; baseline 0.002 -10"><span class='ocrx_word' id='word_1_269' title='bbox 174 3506 240 3555; x_wconf 86' lang='lat' dir='ltr'>ensis</span> <span class='ocrx_word' id='word_1_270' title='bbox 254 3519 280 3553; x_wconf 89' lang='lat' dir='ltr'>se</span> <span class='ocrx_word' id='word_1_271' title='bbox 295 3512 335 3554; x_wconf 90' lang='lat' dir='ltr'>aut</span> <span class='ocrx_word' id='word_1_272' title='bbox 349 3505 391 3554; x_wconf 85' lang='lat' dir='ltr'>Vi.</span> <span class='ocrx_word' id='word_1_273' title='bbox 406 3511 446 3553; x_wconf 90' lang='lat' dir='ltr'>ant</span> <span class='ocrx_word' id='word_1_274' title='bbox 460 3506 561 3554; x_wconf 88' lang='lat' dir='ltr'>tensisso</span> <span class='ocrx_word' id='word_1_275' title='bbox 572 3512 612 3554; x_wconf 89' lang='lat' dir='ltr'>ant</span> <span class='ocrx_word' id='word_1_276' title='bbox 627 3505 671 3554; x_wconf 85' lang='lat' dir='ltr'>Ve.</span> <span class='ocrx_word' id='word_1_277' title='bbox 687 3512 764 3554; x_wconf 89' lang='lat' dir='ltr'>antem</span> <span class='ocrx_word' id='word_1_278' title='bbox 780 3507 800 3554; x_wconf 89' lang='lat' dir='ltr'>si</span> <span class='ocrx_word' id='word_1_279' title='bbox 811 3521 837 3554; x_wconf 87' lang='lat' dir='ltr'>se</span> <span class='ocrx_word' id='word_1_280' title='bbox 848 3507 887 3556; x_wconf 84' lang='lat' dir='ltr'>ed.</span> <span class='ocrx_word' id='word_1_281' title='bbox 899 3506 940 3555; x_wconf 89' lang='lat' dir='ltr'>Bi.</span> <span class='ocrx_word' id='word_1_282' title='bbox 963 3504 1037 3565; x_wconf 89' lang='lat' dir='ltr'>Quod</span> <span class='ocrx_word' id='word_1_283' title='bbox 1046 3516 1133 3557; x_wconf 77' lang='lat' dir='ltr'>autern</span> 
     </span>
     <span class='ocr_line' id='line_1_35' title="bbox 174 3575 1132 3642; baseline 0.003 -16"><span class='ocrx_word' id='word_1_284' title='bbox 174 3578 206 3626; x_wconf 88' lang='lat' dir='ltr'>de</span> <span class='ocrx_word' id='word_1_285' title='bbox 220 3577 277 3626; x_wconf 85' lang='lat' dir='ltr'>enai</span> <span class='ocrx_word' id='word_1_286' title='bbox 290 3578 340 3634; x_wconf 87' lang='lat' dir='ltr'>ait,</span> <span class='ocrx_word' id='word_1_287' title='bbox 359 3591 409 3626; x_wconf 83' lang='lat' dir='ltr'>aaa</span> <span class='ocrx_word' id='word_1_288' title='bbox 428 3577 493 3639; x_wconf 78' lang='lat' dir='ltr'>ipris</span> <span class='ocrx_word' id='word_1_289' title='bbox 507 3584 554 3623; x_wconf 74' lang='grc' dir='ltr'>ΧΗ</span> <span class='ocrx_word' id='word_1_290' title='bbox 565 3576 614 3625; x_wconf 87' lang='lat' dir='ltr'>tab.</span> <span class='ocrx_word' id='word_1_291' title='bbox 630 3575 746 3625; x_wconf 85' lang='lat' dir='ltr'>tribuunt</span> <span class='ocrx_word' id='word_1_292' title='bbox 764 3579 879 3627; x_wconf 82' lang='lat' dir='ltr'>certiora</span> <span class='ocrx_word' id='word_1_293' title='bbox 899 3578 1045 3626; x_wconf 86' lang='lat' dir='ltr'>testimonia</span> <span class='ocrx_word' id='word_1_294' title='bbox 1067 3577 1132 3642; x_wconf 80' lang='lat' dir='ltr'>(oid.</span> 
     </span>
     <span class='ocr_line' id='line_1_36' title="bbox 173 3646 1135 3712; baseline 0 -15"><span class='ocrx_word' id='word_1_295' title='bbox 173 3646 277 3697; x_wconf 81' lang='lat' dir='ltr'>Seboeii</span> <span class='ocrx_word' id='word_1_296' title='bbox 290 3652 338 3693; x_wconf 74' lang='lat' dir='ltr'>xm</span> <span class='ocrx_word' id='word_1_297' title='bbox 348 3646 398 3695; x_wconf 87' lang='lat' dir='ltr'>tab.</span> <span class='ocrx_word' id='word_1_298' title='bbox 411 3662 438 3709; x_wconf 86' lang='lat' dir='ltr'>p.</span> <span class='ocrx_word' id='word_1_299' title='bbox 454 3646 520 3712; x_wconf 70' lang='lat' dir='ltr'>uto),</span> <span class='ocrx_word' id='word_1_300' title='bbox 535 3648 582 3696; x_wconf 84' lang='lat' dir='ltr'>aad</span> <span class='ocrx_word' id='word_1_301' title='bbox 596 3648 804 3709; x_wconf 78' lang='lat' dir='ltr'>interpretationi</span> <span class='ocrx_word' id='word_1_302' title='bbox 818 3647 931 3696; x_wconf 86' lang='lat' dir='ltr'>debetur.</span> <span class='ocrx_word' id='word_1_303' title='bbox 958 3647 996 3709; x_wconf 79' lang='lat' dir='ltr'>Cf.</span> <span class='ocrx_word' id='word_1_304' title='bbox 1007 3646 1081 3697; x_wconf 86' lang='lat' dir='ltr'>Seru.</span> <span class='ocrx_word' id='word_1_305' title='bbox 1096 3649 1135 3697; x_wconf 86' lang='lat' dir='ltr'>ad</span> 
     </span>
     <span class='ocr_line' id='line_1_37' title="bbox 174 3716 1134 3781; baseline 0.001 -14"><span class='ocrx_word' id='word_1_306' title='bbox 174 3719 238 3770; x_wconf 85' lang='lat' dir='ltr'>Aen.</span> <span class='ocrx_word' id='word_1_307' title='bbox 254 3729 274 3776; x_wconf 82' lang='lat' dir='ltr'>e,</span> <span class='ocrx_word' id='word_1_308' title='bbox 289 3728 336 3769; x_wconf 84' lang='lat' dir='ltr'>ttt.</span> <span class='ocrx_word' id='word_1_309' title='bbox 365 3716 424 3780; x_wconf 82' lang='lat' dir='ltr'>Ipse</span> <span class='ocrx_word' id='word_1_310' title='bbox 438 3732 498 3766; x_wconf 86' lang='lat' dir='ltr'>aero</span> <span class='ocrx_word' id='word_1_311' title='bbox 513 3717 561 3767; x_wconf 87' lang='lat' dir='ltr'>boa</span> <span class='ocrx_word' id='word_1_312' title='bbox 575 3717 708 3766; x_wconf 81' lang='lat' dir='ltr'>addidisse</span> <span class='ocrx_word' id='word_1_313' title='bbox 723 3717 837 3778; x_wconf 82' lang='lat' dir='ltr'>uidetur,</span> <span class='ocrx_word' id='word_1_314' title='bbox 852 3726 878 3766; x_wconf 84' lang='lat' dir='ltr'>ut</span> <span class='ocrx_word' id='word_1_315' title='bbox 893 3718 974 3766; x_wconf 88' lang='lat' dir='ltr'>maior</span> <span class='ocrx_word' id='word_1_316' title='bbox 989 3726 1134 3781; x_wconf 83' lang='lat' dir='ltr'>appareret</span> 
     </span>
     <span class='ocr_line' id='line_1_38' title="bbox 174 3787 1133 3853; baseline 0.001 -17"><span class='ocrx_word' id='word_1_317' title='bbox 174 3787 302 3838; x_wconf 73' lang='lat' dir='ltr'>liutadi.</span> <span class='ocrx_word' id='word_1_318' title='bbox 323 3803 378 3838; x_wconf 84' lang='lat' dir='ltr'>cunr</span> <span class='ocrx_word' id='word_1_319' title='bbox 397 3790 452 3853; x_wconf 81' lang='lat' dir='ltr'>lepe</span> <span class='ocrx_word' id='word_1_320' title='bbox 471 3789 521 3837; x_wconf 84' lang='lat' dir='ltr'>Dei</span> <span class='ocrx_word' id='word_1_321' title='bbox 538 3788 691 3844; x_wconf 76' lang='lat' dir='ltr'>similitudo,</span> <span class='ocrx_word' id='word_1_322' title='bbox 712 3803 767 3836; x_wconf 85' lang='lat' dir='ltr'>cam</span> <span class='ocrx_word' id='word_1_323' title='bbox 783 3789 894 3850; x_wconf 71' lang='lat' dir='ltr'>facilius</span> <span class='ocrx_word' id='word_1_324' title='bbox 912 3803 970 3836; x_wconf 84' lang='lat' dir='ltr'>ense</span> <span class='ocrx_word' id='word_1_325' title='bbox 990 3803 1065 3850; x_wconf 84' lang='lat' dir='ltr'>qaam</span> <span class='ocrx_word' id='word_1_326' title='bbox 1081 3791 1133 3837; x_wconf 82' lang='lat' dir='ltr'>teto</span> 
     </span>
     <span class='ocr_line' id='line_1_39' title="bbox 174 3855 1131 3924; baseline -0.002 -16"><span class='ocrx_word' id='word_1_327' title='bbox 174 3860 262 3924; x_wconf 82' lang='lat' dir='ltr'>paries</span> <span class='ocrx_word' id='word_1_328' title='bbox 272 3860 434 3924; x_wconf 79' lang='lat' dir='ltr'>perforetur.</span> <span class='ocrx_word' id='word_1_329' title='bbox 491 3855 511 3924; x_wconf 81' lang='lat'>⁸)</span> <span class='ocrx_word' id='word_1_330' title='bbox 525 3859 611 3908; x_wconf 72' lang='lat' dir='ltr'>Bcod.</span> <span class='ocrx_word' id='word_1_331' title='bbox 626 3869 660 3915; x_wconf 69' lang='lat'>29,</span> <span class='ocrx_word' id='word_1_332' title='bbox 675 3869 695 3907; x_wconf 77' lang='lat' dir='ltr'>t.</span> <span class='ocrx_word' id='word_1_333' title='bbox 710 3869 730 3910; x_wconf 80' lang='lat' dir='ltr'>s.</span> <span class='ocrx_word' id='word_1_334' title='bbox 787 3855 808 3923; x_wconf 82' lang='lat'>⁴)</span> <span class='ocrx_word' id='word_1_335' title='bbox 822 3857 852 3906; x_wconf 89' lang='lat' dir='ltr'>B.</span> <span class='ocrx_word' id='word_1_336' title='bbox 868 3859 889 3906; x_wconf 92' lang='lat' dir='ltr'>si</span> <span class='ocrx_word' id='word_1_337' title='bbox 909 3858 953 3906; x_wconf 80' lang='lat' dir='ltr'>Va.</span> <span class='ocrx_word' id='word_1_338' title='bbox 974 3857 1016 3905; x_wconf 89' lang='lat' dir='ltr'>Vi.</span> <span class='ocrx_word' id='word_1_339' title='bbox 1032 3858 1072 3906; x_wconf 87' lang='lat' dir='ltr'>ed.</span> <span class='ocrx_word' id='word_1_340' title='bbox 1088 3856 1131 3907; x_wconf 87' lang='lat' dir='ltr'>Bt.</span> 
     </span>
    </p>
   </div>
   <div class='ocr_carea' id='block_1_10' title="bbox 0 0 1194 4386">
    <p class='ocr_par' dir='ltr' id='par_1_11' title="bbox 0 0 1194 4386">
     <span class='ocr_line' id='line_1_40' title="bbox 0 0 1194 4386; baseline 0 0"><span class='ocrx_word' id='word_1_341' title='bbox 0 0 1194 4386; x_wconf 95' lang='lat' dir='ltr'> </span> 
     </span>
    </p>
   </div>
  </div>
 </body>
</html>
