2378 4386
111 699 262 752 accedente
280 698 315 750 de
333 697 441 750 casibus
460 695 605 762 (exceptis)
623 694 695 746 libro
708 694 851 763 singulari,
867 697 999 747 executus
1013 698 1063 748 est.

110 765 167 817 Sed
189 778 245 815 nou
272 765 444 815 satisiacieus
468 761 533 825 sibi,
561 761 615 812 nisi
637 762 668 812 et
689 760 836 813 universae
864 761 969 828 privati
996 762 1064 814 iuris

110 830 277 898 prudentiae
295 830 324 880 in
343 831 432 881 artem
450 828 580 880 redactae
598 827 749 894 imaginem
768 827 958 895 exsculperet,
978 828 1064 881 etiam

110 911 212 948 novam
225 895 335 948 addidit
346 895 450 962 bigam,
470 894 669 958 institutiones,
683 910 734 960 per
745 909 814 960 quas
826 895 861 946 ad
875 895 1065 961 inrispruden·

110 963 180 1015 ham
198 962 373 1029 adspirantes
395 962 460 1014 viva
481 961 607 1029 magistri
629 976 698 1013 voce
721 960 901 1024 docerentur,
925 964 954 1013 et
971 976 1064 1013 rerum

131 1028 338 1081 uotidisnarum
355 1028 441 1081 libros
459 1045 487 1082 se
510 1031 575 1088 tem,
594 1044 628 1081 ex
646 1027 747 1094 quihus
767 1027 807 1081 sic
824 1028 926 1081 imbuti
944 1043 972 1080 se
990 1029 1065 1095 ipsos

111 1047 237 1148 docendo
255 1095 455 1175 addiscerentl
482 1045 652 1172 deterretur
668 1095 733 1147 libri
745 1096 855 1172 tantum
867 1094 1065 1164 supplementa

110 1161 1106 1307 stitititittittiiftinemendatealtita

111 1297 300 1362 missionibus,
318 1315 381 1350 cum
399 1299 435 1349 ad
454 1297 577 1350 edictum
589 1297 715 1350 urbicum
728 1297 812 1349 modo
825 1295 859 1349 de
873 1295 974 1364 legatis
988 1296 1064 1349 etde

110 1363 221 1417 liberali
233 1378 315 1417 causa
327 1364 489 1432 scripsisset,
502 1365 536 1417 ds
549 1364 698 1418 verborum
711 1363 938 1431 obligationibus,
953 1379 1017 1416 cum
1029 1364 1065 1416 ad

112 1431 236 1484 edictum
256 1434 365 1483 tantum
379 1432 535 1499 praetoriae
553 1431 747 1498 stipulationes
764 1430 946 1497 explicandae
964 1433 1064 1494 essent,

112 1497 147 1551 de
166 1498 229 1575 iege
249 1497 347 1562 Glicia,
365 1514 437 1566 quae
450 1498 484 1552 ad
497 1497 714 1551 centumviraies
726 1513 823 1550 causas
834 1498 981 1588 spectabat
992 1499 1066 1552 inter

110 1566 155 1618 ius
177 1565 259 1618 civile
282 1567 312 1618 ct
333 1566 503 1632 praetorium
526 1565 719 1633 interpositae,
742 1564 777 1617 de
802 1563 871 1618 SCt.
892 1564 1065 1618 Tertulliano

111 1634 141 1684 et
159 1631 333 1700 Orphitiano,
354 1648 425 1699 quae
444 1635 536 1696 antea,
554 1648 617 1684 cum
630 1629 826 1699 Orphitianum
845 1632 958 1685 demum
977 1648 1002 1687 a.
1018 1639 1066 1687 178

111 1697 218 1751 iactum
238 1700 317 1763 esset,
336 1699 420 1766 plene
437 1701 559 1752 tractare
577 1698 700 1751 nondum
719 1701 859 1765 potuerat.
889 1699 973 1752 Liber
991 1700 1066 1752 enim

111 1764 259 1833 singularis
269 1765 304 1819 de
313 1766 434 1820 formula
442 1765 654 1834 hypothecaria,
664 1765 766 1818 coliata
775 1771 828 1829 §.a
842 1767 933 1820 Const.
948 1765 1066 1820 Omnem

111 1832 180 1900 reip.
208 1836 319 1886 tantum
336 1850 401 1901 pars
419 1833 658 1900 interpretationis
676 1833 762 1885 edicti
780 1833 892 1886 videtur
910 1834 1002 1886 inisse.

179 1873 325 1953 i'ostremo
342 1900 457 1952 maximi
474 1900 611 1953 momenti
628 1900 678 1963 est,
696 1899 772 1967 quod
785 1899 872 1953 Gaius
888 1900 963 1968 ipsos
981 1900 1068 1953 libros

112 1982 175 2019 suos
193 1982 228 2020 ex
246 1968 327 2035 parte
350 1968 450 2020 saitem
468 1969 565 2035 aperte
588 1966 699 2019 scholae
721 1966 814 2033 potius
836 1982 920 2033 quam
939 1967 999 2019 foro
1019 1967 1066 2019 de-

112 2034 230 2087 stinavit
246 2034 440 2101 maximusque
458 2033 544 2087 studii
561 2032 710 2087 theoretici
728 2034 865 2086 excitator
881 2036 911 2085 et
922 2035 1067 2100 promotor

113 2101 233 2153 exstitit:
250 2102 349 2169 quain
361 2117 391 2154 re
405 2101 430 2154 ei
444 2104 473 2154 et
484 2101 658 2154 Athenaeum
672 2099 843 2152 Graecarum
855 2099 1065 2166 disciplinarum

113 2167 148 2220 ab
167 2167 310 2222 Hadriano
328 2168 434 2222 Romae
452 2167 612 2221 institutum
631 2170 661 2220 et
678 2166 763 2219 edicti
780 2167 1011 2234 compositionem
1029 2167 1065 2220 ab

112 2234 221 2287 Iuliano
240 2235 396 2289 absolutam
414 2236 597 2288 incitamento
615 2235 700 2287 iirisse
717 2249 853 2310 perquam
868 2233 1001 2286 credibile
1015 2237 1066 2290 est.

113 2301 233 2355 Omnino
258 2303 333 2355 enim
356 2304 411 2355 iuri
428 2302 504 2356 civili
527 2303 579 2355 hoc
603 2304 646 2354 est
662 2301 720 2354 fere
738 2303 862 2368 privato,
882 2301 957 2367 quod
975 2301 1066 2354 solnm

112 2370 172 2421 tum
191 2369 220 2421 in
243 2369 343 2423 scholis
364 2371 551 2433 tractabatur,
575 2370 666 2422 totum
689 2384 718 2421 se
741 2367 810 2421 dans
831 2368 959 2434 inprimis
981 2368 1066 2422 libros

114 2435 161 2487 ‘ad
180 2435 304 2489 edictum
321 2438 460 2491 urbicum’
479 2437 653 2506 potissimum
676 2436 706 2488 in
723 2435 879 2489 scholarum
902 2452 983 2487 usum
1001 2435 1066 2488 scri-

112 2503 198 2570 spisse
221 2503 341 2559 videtur.
378 2505 447 2559 Cum
470 2505 545 2558 enim
563 2503 703 2557 Ciceronis
726 2504 819 2556 aetate
842 2502 888 2570 (de
907 2502 981 2571 legg.
1001 2511 1023 2564 t,
1042 2508 1065 2554 5.

112 2576 137 2636 2,
156 2572 209 2639 23.)
226 2571 348 2626 maxime
367 2588 401 2626 ex
420 2572 511 2625 edicto
529 2570 666 2638 praetoris
683 2570 726 2623 ius
744 2570 825 2623 civile
849 2569 917 2622 disci
935 2571 1066 2637 coeptum

113 2639 197 2704 esset,
222 2638 267 2691 hic
290 2655 349 2693 mos
372 2640 423 2692 sub
446 2638 662 2707 imperatoribus
683 2654 740 2690 nen
762 2636 846 2690 modo
869 2638 995 2690 retentus
1017 2636 1067 2690 sed

112 2706 198 2759 etiam
222 2707 348 2760 excultus
371 2711 422 2762 est.
463 2706 495 2758 in
519 2704 582 2758 Gaii
604 2720 670 2757 vero
693 2703 771 2757 libris
792 2705 915 2772 primum
938 2705 990 2757 hoe
1012 2704 1066 2756 sin·

186 2837 204 2903 ¹)
221 2838 283 2887 ilaec
298 2839 360 2886 cuim
377 2839 499 2899 utriusque
510 2837 590 2900 operis
606 2837 668 2883 inter
682 2851 707 2883 se
723 2837 783 2884 ratio
798 2851 852 2884 esse
867 2837 967 2886 ridetur.
992 2837 1025 2886 ct.
1037 2837 1066 2885 de

112 2908 241 2957 Buchhoitz
256 2911 280 2956 in
295 2908 386 2968 lingon.
402 2907 446 2954 civ.
463 2907 522 2967 iiag.
537 2906 573 2953 vt.
589 2921 612 2967 p.
628 2917 675 2956 aaa.
690 2917 736 2955 aar.
753 2907 838 2954 Omisit
853 2907 925 2956 Gaius
945 2909 968 2955 in
983 2907 1066 2968 altero,

113 2978 176 3039 quod
191 2978 237 3025 iam
252 2978 296 3025 hac
307 2977 336 3024 de
351 2991 422 3025 caasa
433 2984 486 3037 post
498 2977 659 3024 institutiones
670 2977 785 3038 scriptum
796 2992 850 3025 esse
861 2977 1010 3027 statuentium
1021 2985 1066 3037 est,

112 3048 324 3109 praemonitionem
340 3046 368 3093 de
384 3048 435 3093 inre
450 3047 553 3105 gentium
569 3055 592 3093 et
606 3047 678 3107 civili,
693 3053 828 3111 ntapparet
842 3063 869 3096 er
885 3049 909 3096 L.
926 3062 936 3098 1
952 3062 988 3110 [n.
999 3047 1025 3095 ii.
1038 3047 1067 3096 dc

113 3132 164 3180 aeq.
180 3131 226 3164 rer.
243 3117 304 3164 dom.
321 3114 414 3179 (41,1);
430 3116 508 3178 itaque
524 3124 597 3165 totum
613 3117 738 3166 consilium
753 3119 804 3166 eius
819 3120 842 3167 in
858 3120 902 3167 hoo
916 3118 978 3166 libre
989 3119 1018 3166 ab
1030 3118 1068 3167 in·

112 3187 274 3235 stitutionihas
289 3185 408 3233 diversum
430 3193 466 3246 et,
486 3194 510 3234 nt
529 3187 600 3235 scrire
621 3187 711 3247 dicam,
731 3190 808 3237 urinas
829 3190 973 3251 isagogienru
994 3190 1068 3252 inisse

113 3263 214 3319 oportet.
231 3255 340 3303 Ceterum
349 3255 444 3304 easdem
454 3259 595 3319 resexpcnit
604 3259 751 3306 modulatius
760 3260 1068 3323 etaecnratiusmntatnqnc

113 3325 280 3390 aliquantulam
295 3327 447 3375 materiarum
462 3326 638 3389 distributione,
652 3344 681 3377 ne
697 3330 798 3377 studiosi
816 3331 948 3392 superioris
962 3330 1016 3379 iibri
1032 3330 1068 3378 di·

112 3397 244 3446 visionibus
255 3397 321 3459 quasi
333 3397 390 3445 artis
401 3398 501 3447 vinculis
512 3407 656 3448 tenerentur.
677 3399 735 3449 iiam
745 3401 822 3463 primo
834 3400 929 3463 quidem
939 3401 1000 3450 libro
1013 3403 1068 3449 itern

114 3469 142 3518 de
156 3480 313 3531 personarum
328 3469 379 3517 iure
394 3470 517 3531 exposuit3
537 3469 611 3518 altero
631 3485 687 3519 vero
703 3478 726 3517 et
740 3472 811 3518 tertio
831 3471 860 3519 de
876 3472 940 3533 iure,
961 3471 1024 3535 qued
1039 3471 1068 3518 ad

113 3553 152 3587 res
166 3539 278 3601 pertinet,
294 3539 317 3586 in
332 3554 379 3601 quo
389 3540 546 3601 obligationes
560 3541 653 3602 plenius
664 3555 691 3588 er
706 3542 782 3589 tribus
792 3555 931 3590 caussarum
941 3542 1069 3603 generibus

113 3610 240 3667 derivatim
261 3615 336 3665 toturn
352 3625 407 3658 vero
429 3611 465 3659 ins
480 3611 650 3660 hereditarium
670 3619 693 3658 et
707 3612 770 3674 qnod
791 3611 820 3659 ad
835 3613 942 3661 actiones
957 3613 1068 3675 pertinet,

113 3679 266 3743 sequentihus
281 3679 350 3728 libris
365 3680 403 3744 (cs
418 3682 504 3743 quibus
519 3682 576 3730 nihii
591 3683 713 3746 superest)
728 3696 864 3730 reservasse
879 3682 979 3732 ridetur.
1002 3682 1069 3740 and

113 3764 168 3798 vero
183 3763 222 3798 res
237 3749 387 3813 quotidianae
403 3753 593 3801 institutionibus
603 3753 671 3815 qrrasi
686 3753 786 3800 comites
801 3752 895 3801 additae
908 3762 983 3814 erant,
999 3755 1069 3801 etiam

113 3822 253 3870 eoniirmant
267 3835 374 3885 prooem.
384 3822 441 3871 inst.
457 3824 480 3884 ξ.
491 3834 511 3874 e.
527 3830 550 3871 et
565 3823 654 3872 Binimr.
666 3821 714 3871 tab.
730 3824 752 3871 in
764 3823 880 3872 Zeitschr.
893 3824 909 3872 i.
919 3825 999 3885 gesch.
1012 3823 1068 3872 itii'.

113 3892 148 3942 lt’.
164 3908 187 3956 p.
204 3903 249 3944 tto.
