2378 4386
189 500 252 566 622
468 517 572 554 nomeu
591 517 698 553 amram
716 516 781 551 mar.
800 515 858 551 asu.

189 649 329 706 stitutorio
341 646 386 704 uel
395 645 556 703 exhibitorio
566 646 710 703 interdicto
722 644 839 714 recidito,
854 643 985 718 siquidem
1000 638 1148 703 arbitrum¹

190 731 370 806 postulauerit
385 731 418 801 is,
434 745 495 786 cum
510 745 565 802 quo
581 732 682 803 agitur,
698 729 841 786 formulam
856 730 952 802 accipit
968 726 1148 802 arbitrariam,

189 830 238 888 per
252 829 333 888 quam
349 811 459 884 arbiter,
476 805 480 890 Ι
498 811 565 870 'oiri
586 815 707 870 arbitrio
723 817 784 870 cius
804 817 974 869 restituatur
994 815 1042 869 uel
1063 815 1148 872 crebi-

189 900 302 961 beatur,
318 901 421 970 quanti
434 912 469 952 eo
485 912 533 953 res
547 901 593 967 rit,
611 899 803 955 condemnare
818 912 881 953 eum
896 889 1036 953 iubetur.²

190 1009 236 1080 [td
251 1012 344 1075 Ulpiani
358 1012 534 1062 Institutionum
549 1013 634 1062 librum
653 1013 755 1075 primum
774 1013 844 1060 etiam
863 1013 1008 1073 pertinuisse
1027 1011 1149 1075 ridentur,

189 1097 249 1146 quse
268 1083 381 1132 Boethius
400 1083 472 1132 habet
491 1097 576 1134 comm.
595 1084 618 1132 in
638 1081 687 1131 Cic.
707 1082 766 1145 Top.
789 1082 829 1130 lib,
850 1083 877 1131 ii.
894 1083 931 1132 ed.
946 1083 1033 1131 Baiter.
1049 1097 1073 1146 p.
1089 1093 1150 1142 aee„

190 1154 265 1216 magis
281 1160 359 1203 tamen
374 1155 515 1203 senteutiam
529 1167 600 1217 quum
615 1154 666 1217 ipsa
681 1153 751 1201 rerba
767 1149 905 1218 referens}

275 1262 370 1318 'lribus
387 1263 473 1319 modis
486 1280 554 1320 uror
569 1261 724 1331 habebatur,
742 1278 802 1331 usu,
819 1253 1087 1333 (cooliarreatione,³
1102 1278 1149 1319 co·

233 1349 384 1421 emptione3
407 1346 455 1402 sed
470 1346 649 1403 confarreatio
670 1345 736 1402 solis
759 1344 933 1418 pontificibus
955 1344 1147 1407 conueniebat.

232 1431 305 1500 Quae
321 1441 408 1487 autem
424 1431 451 1486 in
467 1446 573 1487 manum
589 1446 638 1504 per
652 1430 850 1504 coemptionem
870 1437 1071 1499 conuenerant,
1095 1430 1145 1486 irae

233 1515 446 1572 matresfamilias
469 1513 646 1584 uocabantur,
669 1529 737 1588 quae
760 1529 825 1570 uero
850 1530 901 1570 usu
916 1512 959 1569 uel
983 1507 1147 1587 (cooliarre-

233 1591 354 1668 αιίοιιο,3
382 1600 499 1656 minime.
553 1596 692 1670 Coemptio
722 1613 787 1654 uero
814 1599 898 1653 certis
927 1595 1147 1654 solemnitatibus

232 1682 422 1757 peragebatur,
437 1692 464 1738 et
474 1698 535 1739 sese
548 1683 576 1737 ln
588 1680 735 1738 coemendo
746 1683 861 1737 inuicem
872 1678 1088 1755 interrogabant,
1107 1684 1148 1738 uir

232 1768 280 1837 ita,
300 1783 333 1822 an
349 1766 444 1823 mulier
457 1765 507 1822 sibi
523 1763 721 1821 materfamilias
739 1781 798 1820 esse
814 1764 913 1834 uellet;
935 1759 981 1822 illa
995 1765 1147 1839 responde·

232 1848 293 1925 bat,
315 1849 395 1907 uelle.
440 1852 503 1906 item
526 1847 623 1905 mulier
643 1848 842 1921 interrogabat,
864 1865 898 1904 an
921 1849 964 1905 uir
980 1846 1032 1904 sibi
1054 1858 1146 1923 pater·

234 1933 345 1990 familias
361 1949 421 1989 esse
436 1933 530 2003 uellet,
548 1931 594 1987 ille
610 1932 799 2006 respondebat,
821 1932 901 1989 uelle.
939 1933 1032 2005 ltaque
1048 1931 1144 1988 mulier

234 2019 284 2074 uirl
300 2015 476 2074 conueniebat
491 2019 518 2072 ln
534 2031 655 2087 manum,
676 2025 705 2071 et
719 2016 885 2072 uocabantur
907 2016 955 2072 hae
970 2017 1081 2089 nuptiae
1096 2032 1145 2090 per

234 2102 440 2175 coemptionem,
458 2107 557 2156 eierat
573 2099 668 2155 mulier
683 2100 890 2170 materfamilias,
913 2101 971 2156 uiro
987 2100 1048 2156 loco
1064 2097 1144 2156 tiliae.

234 2183 318 2252 Quam
334 2183 530 2239 solemnitatem
546 2185 573 2239 in
588 2185 644 2239 suis
659 2183 791 2240 Institutis
806 2183 933 2258 Ulpianus
949 2185 1084 2257 exposuit.

267 2347 285 2415 ¹)
300 2350 423 2399 arbitrium
438 2351 495 2399 edd.
507 2365 526 2401 1.
537 2364 558 2402 2.
574 2355 635 2401 vitio
651 2360 776 2415 typorum.
829 2347 848 2411 ²)
864 2352 907 2400 Act
921 2353 1070 2400 sententiam
1084 2367 1142 2414 eup-

123 2427 125 2430 ’
188 2421 266 2484 plevi.
297 2420 334 2484 Cf.
353 2419 564 2482 Goi.t‚1oe.1rt.
617 2419 637 2489 ³)
653 2437 697 2472 con
713 2425 787 2472 initio
802 2423 902 2472 addidi.
923 2423 1065 2472 farreatione
1080 2422 1141 2471 Calai.

191 2491 249 2540 edd.
264 2492 339 2540 etiam
354 2507 422 2541 arene
437 2504 456 2542 t.
471 2503 492 2542 t.
