2378 4386
430 943 711 1000 Ivarsccusucsr
731 944 918 999 cursona
1017 988 1026 1005 .

364 1072 609 1145 OERVIDII
645 1071 978 1160 SOAEVOLAE,

188 1247 231 1290 vn
258 1248 413 1303 vrnarva,
440 1247 481 1286 nx
508 1246 699 1288 asuvnsavu
731 1247 826 1288 niano
858 1247 954 1287 paruo
989 1247 1156 1289 nssvurrs

427 1357 520 1411 raas,
544 1357 563 1397 ι
588 1357 746 1398 nosrrnno
770 1357 920 1398 sanusne.

257 1465 410 1521 Dositheus
436 1467 637 1537 grammaticus
664 1467 711 1521 vel
737 1467 948 1536 ludimagister,
977 1466 1025 1536 qui
1048 1468 1155 1522 Romae
1171 1471 1185 1522 l'

210 1533 367 1589 ctissimum
390 1534 514 1590 Graecae
538 1534 679 1589 iuventuti
709 1533 807 1589 Latine
835 1535 1008 1589 erudiendae
1037 1551 1152 1613 operam

188 1551 299 1657 Redisse
317 1602 439 1667 videtur,
456 1603 662 1671 imperantibus
680 1600 818 1670 Septimio
836 1602 941 1657 Severo
970 1604 1000 1657 et
1017 1602 1074 1656 fiho
1094 1602 1153 1656 eius

189 1669 332 1724 Antonino
351 1673 426 1736 (nam
448 1671 509 1738 ipse
528 1669 652 1723 Maximo
671 1671 701 1723 et
718 1672 795 1739 Apro
820 1685 888 1726 coss.
906 1670 934 1725 h.
953 1686 977 1725 e.
996 1688 1023 1738 p.
1043 1669 1107 1724 chr.
1126 1688 1153 1723 n.

190 1752 216 1791 a.
234 1742 292 1791 207.
311 1752 339 1790 se
359 1737 501 1807 scripsisse
520 1736 671 1806 significat)
690 1738 849 1806 composuit
871 1737 1086 1807 grammaticam
1104 1738 1155 1791 lin·

190 1819 264 1874 gnae
281 1802 413 1870 Latinae,
432 1804 478 1858 cni
495 1804 573 1874 operi
593 1820 655 1857 cum
674 1804 754 1859 varia
772 1805 856 1860 etad
878 1804 1039 1875 potissimas
1060 1808 1155 1874 partes

190 1870 358 1926 eruditionis
380 1870 498 1926 Latinae
521 1871 680 1949 spectantia
704 1867 910 1941 ἑρμηνεύματα
937 1891 958 1927 s.
985 1873 1154 1950 interprete·

189 1940 288 1994 menta
304 1938 479 2001 inseruisset,
507 1938 610 2007 quibus
628 1938 727 1993 Latine
751 1940 890 1994 discentes
908 1940 1021 1995 Graecrs
1040 1956 1155 2009 respon·

191 2005 394 2060 dentiaLatinu
403 2006 530 2061 invenire
540 2004 717 2070 docerentur,
728 2023 824 2063 eorum
834 2007 1154 2075 interpretamentorum

189 2073 262 2127 libro
278 2073 363 2127 tertio
377 2073 524 2127 subtituto
539 2071 785 2142 *συγγραμμάτιον
803 2070 925 2139 νομικὸν
943 2072 1068 2141 μάλιστα
1088 2077 1154 2139 περὶ

190 2137 409 2208 ἐλευθερώσων
425 2165 459 2186 =
476 2147 623 2209 Disputatio
639 2146 753 2208 sorensis
770 2148 877 2196 maxime
900 2146 931 2194 de
954 2147 1153 2194 manumissioni·

190 2212 245 2262 tur’
275 2207 357 2260 nobis
387 2209 513 2262 servavit
540 2208 613 2262 hanc
660 2211 783 2264 uastius
812 2209 896 2278 pretii
922 2207 1091 2277 particulam
1120 2225 1154 2262 ex

189 2274 381 2352 iurisconsulti
403 2274 548 2354 cuiusdam
572 2227 746 2345 ngdsmm
768 2276 841 2331 libro
865 2276 1063 2343 desumptam.¹
1101 2275 1154 2330 Re·

229 2342 271 2395 las
295 2357 369 2395 enim
391 2342 442 2396 has
465 2343 565 2409 fursee,
588 2344 649 2413 ipse
673 2361 769 2399 earum
798 2345 895 2398 auctor
917 2347 942 2407 ξ.
966 2350 990 2397 3.
1017 2343 1153 2398 declarat.

216 2408 379 2463 uamobrem
397 2410 419 2463 si
438 2411 500 2479 quis
517 2412 591 2466 hunc
611 2411 713 2466 Gaium
731 2412 817 2466 fuisse
832 2412 948 2478 statuat,
967 2411 1044 2479 quod
1062 2429 1101 2464 nu
1124 2428 1154 2465 er

189 2476 343 2531 Dirlrsenus
360 2478 482 2547 probare
500 2482 616 2534 conatus
639 2482 695 2545 est,
719 2483 796 2534 certe
814 2495 872 2533 non
891 2478 995 2533 Rerum
1014 2430 1153 2556 quotidia-

190 2560 298 2609 narum,
318 2546 351 2598 ut
367 2546 416 2601 ille
435 2548 566 2616 opinatus
585 2549 642 2611 est,
661 2547 708 2601 sed
727 2547 902 2617 Regularum
920 2546 998 2600 libris
1018 2545 1063 2600 vel
1081 2547 1154 2600 libro

189 2611 326 2692 singulari
353 2615 560 2737 ffiosbffaium
591 2614 779 2684 composuisse
813 2631 847 2669 ex
875 2614 999 2684 Digestis
1032 2615 1153 2679 constat)

190 2696 248 2735 ml
288 2697 435 2805 ῗῑιῐξΐοιξιοῖι
447 2701 483 2804 de
505 2766 540 2804 ue
553 2749 649 2815 Gaius,
667 2750 697 2803 id
709 2749 786 2818 quod
800 2749 906 2804 multae
922 2750 1046 2804 rationes
1058 2749 1153 2804 redar-

189 2821 292 2885 guunt,
315 2834 407 2885 neque
425 2769 548 2879 Paullus,
569 2833 603 2870 ex
621 2817 793 2870 lrachmanni
812 2819 842 2870 et
858 2816 986 2871 Rudorfii
1003 2818 1152 2883 sententia,

189 2901 275 2962 quam
294 2884 423 2962 Yoigtius
440 2884 556 2962 refellit,
580 2900 673 2962 neque
691 2884 878 2953 Pomponius,
902 2885 937 2963 de
956 2901 1010 2964 quo
1029 2884 1089 2954 ipse
1107 2885 1153 2938 hic

190 2951 1153 3097 ttatttttelltdietat?ctlttltltttlttlttt

188 3099 277 3151 passae
304 3084 374 3138 haee
400 3084 522 3138 ardetur.
565 3084 647 3139 Hune
673 3085 783 3151 ICtum,
816 3103 941 3141 ommum
973 3090 1040 3140 tunc
1069 3085 1152 3138 facile

189 3149 417 3215 celeberrimum,
440 3151 490 3217 qui
511 3152 568 3205 iam
591 3152 642 3205 sub
661 3155 811 3207 Antoninis
833 3154 1017 3217 inclaruerat,
1039 3154 1153 3223 praeter

189 3216 261 3270 hanc
279 3217 399 3270 nominis
412 3221 525 3283 lamam,
544 3235 599 3286 qua
615 3218 753 3274 Licinium
764 3221 896 3275 Rufinum
909 3222 1058 3291 aequalem
1071 3222 1153 3275 item·

209 3298 245 3336 ue
258 3283 432 3352 Regularum
445 3285 611 3354 scriptorem
624 3287 707 3357 longe
726 3289 887 3358 superabat,
900 3290 987 3343 etiam
999 3289 1071 3343 illud
1083 3304 1152 3358 praa

188 3350 251 3405 a'is
278 3350 392 3405 Graecis
418 3352 581 3421 cumprimis
607 3356 799 3424 grammaticis
823 3357 1023 3411 commendare
1051 3359 1081 3410 et
1108 3372 1152 3410 ac·

179 3418 304 3486 ¹ceptum
322 3419 415 3473 facere
434 3419 545 3487 debuit,
570 3422 646 3489 qnod
664 3426 688 3476 is
705 3424 828 3492 primus,
847 3428 880 3478 ut
897 3422 1023 3492 videtur,
1045 3424 1152 3477 Graece

264 3540 284 3609 ¹)
298 3544 323 3592 ln
343 3560 434 3594 summa
453 3554 534 3596 nostra
554 3563 600 3596 non
620 3549 718 3596 multum
738 3549 851 3606 interest,
875 3549 937 3612 quod
957 3564 1047 3598 uunca
1067 3548 1153 3612 peritis

188 3615 279 3664 rectius
294 3614 388 3665 ridetur
401 3618 482 3679 statui,
496 3619 555 3668 hacc
571 3620 780 3682 interpretamenta
796 3620 882 3669 incerti
891 3621 997 3669 auctoris
1007 3620 1088 3682 potius
1099 3633 1153 3669 cum

188 3685 296 3735 Dosithci
306 3694 357 3735 arte
367 3690 521 3750 grammatica
531 3705 601 3753 quam
612 3689 641 3738 ab
653 3704 681 3737 so
691 3690 760 3739 nobis
774 3704 827 3738 csse
837 3698 939 3739 serrata.
966 3691 1004 3753 Cf.
1014 3689 1047 3739 Κ.
1057 3689 1153 3738 Kruru·

188 3755 284 3807 bucher
293 3757 325 3807 de
335 3759 468 3809 codicibus
475 3759 567 3824 quibus
572 3759 805 3823 Interpretomenta
812 3761 1069 3811 Pseudodositdeono
1080 3759 1154 3810 nobis

188 3828 288 3878 tradita
299 3838 367 3879 suut.
383 3831 500 3881 Monachii
510 3842 570 3882 1⁸8³.
592 3830 683 3880 utera.
693 3830 839 3894 Murcums.
851 3831 946 3881 Pastor.
964 3831 995 3879 Ν.
1008 3831 1036 3879 F.
1057 3832 1107 3880 Vol.
1118 3841 1150 3882 oa·

186 3914 211 3963 p.
224 3911 264 3952 sss
279 3916 328 3965 seq.
345 3913 403 3953 ress.
