2378 4386
402 120 456 137 a..

181 549 245 615 594
405 566 510 601 nourrrs
527 565 633 601 versans
651 564 748 601 roaou.
768 546 826 599 XX.
841 552 919 599 3-9.

182 697 310 767 alterum,
331 692 404 769 quod
419 695 447 750 lu
462 694 616 767 procinctu,
634 695 759 763 tertium,
780 692 852 766 quod
866 708 916 765 per
930 708 979 748 aes
995 699 1023 747 et
1037 691 1134 749 libram

180 778 343 855 appellatum
357 777 417 833 ’cst
461 778 513 834 sed
526 774 592 834 iliis¹
615 777 720 834 tluolius
742 778 909 832 testamentis
929 775 1035 832 abolitis
1051 775 1135 833 bodie

180 864 268 920 solum
284 864 311 918 in
327 877 378 917 usu
394 868 445 930 est,
461 859 533 934 quod
549 877 597 934 por
613 878 661 917 aes
677 868 706 918 et
721 860 813 916 libram
830 858 874 932 bt,
897 859 923 915 id
940 867 981 915 est
996 876 1045 932 per
1059 875 1133 915 man·

181 947 343 1021 cipationem
358 945 551 1019 imaginariam.
586 947 613 1000 in
630 961 683 1018 quo
699 951 861 1001 testamento
877 943 1007 1017 libripens
1024 942 1132 999 aslbibe·

181 1039 227 1086 tur
247 1037 275 1085 et
296 1027 411 1085 familiae
431 1036 538 1102 emptor
558 1036 585 1084 et
606 1045 659 1084 non
682 1031 769 1085 minus
792 1043 870 1101 quam
896 1029 1015 1101 quinque
1038 1035 1134 1098 testes,

181 1130 241 1172 oum
257 1111 355 1187 quibus
370 1113 524 1168 testamenti
539 1111 619 1170 laetio
635 1121 686 1167 est.
722 1108 752 1168 8.
775 1104 841 1177 ²uut
856 1112 882 1167 ln
899 1114 1035 1184 potestate
1051 1118 1133 1167 testa·

182 1198 248 1256 toris
270 1205 313 1254 est
328 1203 376 1252 aut
395 1195 509 1252 familiae
530 1197 675 1269 emptoris,
697 1199 774 1251 testis
796 1200 842 1250 aut
863 1193 991 1268 libripens
1013 1193 1134 1250 adhiberi

181 1297 235 1339 uon
257 1288 364 1355 potest,
385 1281 511 1352 quoniam
532 1278 646 1336 lamiilae
666 1279 825 1351 mancipatio
844 1279 916 1333 inter
931 1284 1091 1335 testatorem
1106 1284 1136 1334 et

181 1364 295 1421 lamiliae
317 1371 470 1437 emptorem
494 1361 537 1433 lit,
567 1356 611 1419 et³
638 1362 778 1418 domestici
802 1369 885 1418 testes
912 1361 1056 1419 adhibendi
1078 1377 1135 1417 uon

181 1456 255 1506 sunt.
283 1445 311 1504 t.
335 1446 372 1503 Ob
388 1448 413 1503 id
429 1441 503 1523 ’leti⁴
518 1445 573 1503 lilio
588 1438 762 1519 ’([αηιιἹὶαε)ὕ
782 1444 907 1501 lamiliam
928 1454 1034 1502 emente
1056 1453 1134 1518 pater

181 1534 238 1588 elus
260 1534 337 1588 testis
358 1546 418 1587 esse
438 1547 493 1587 oon
513 1539 620 1603 potest:
654 1524 708 1606 [5.]
733 1523 799 1600 (et)6
822 1546 853 1586 ox
872 1528 979 1584 duobus
995 1528 1134 1599 iratribus,

181 1616 269 1688 quiin
290 1614 411 1671 eiusdem
431 1615 514 1687 patris
536 1621 669 1687 potestate
690 1622 771 1683 sunt,
792 1612 861 1668 alter
882 1612 996 1668 lumiliae
1017 1621 1135 1686 emptor,

181 1698 250 1754 alter
266 1702 343 1754 tostis
358 1714 417 1753 csse
433 1714 487 1753 non
509 1705 615 1769 potest,
636 1697 761 1769 quoniam
777 1695 849 1769 quod
870 1712 940 1752 unus
956 1712 988 1751 ex
1003 1696 1045 1752 his
1061 1712 1134 1752 man·

181 1782 252 1856 cipio
274 1783 385 1855 accipit,
408 1781 524 1854 adquirit
545 1782 629 1853 patri,
652 1781 696 1837 cul
716 1778 786 1835 lilius
809 1796 874 1836 suus
897 1782 974 1835 testis
996 1796 1056 1836 esse
1078 1795 1134 1835 oon

181 1864 272 1923 debet.
316 1860 344 1921 6.
367 1862 433 1938 ’(Αι)
449 1856 544 1937 pater⁷
566 1872 593 1919 et
609 1861 723 1937 (filius),
744 1865 832 1937 quiin
854 1869 991 1937 potestate
1006 1865 1065 1919 eius
1080 1872 1133 1935 est,

181 1951 245 2006 item
260 1949 314 2005 duo
330 1948 442 2018 iratres,
464 1950 510 2021 qui
526 1948 552 2002 in
568 1949 690 2003 eiusdem
706 1949 788 2020 patris
804 1954 938 2021 potestate
954 1955 1032 2017 sunt,
1050 1955 1136 2003 testes

182 2035 306 2107 utrique,
327 2031 370 2087 uel
386 2030 453 2087 alter
469 2035 563 2099 testis,
579 2029 648 2087 alter
663 2031 793 2104 libripens
805 2029 862 2086 lteri
878 2039 1007 2105 possunt,
1026 2030 1077 2087 alio
1094 2030 1133 2085 la·

183 2117 281 2173 miliaro
296 2122 418 2182 emente,
434 2115 559 2186 quonlam
572 2114 637 2170 nibil
653 2123 733 2171 nocet
745 2131 776 2171 en
788 2131 840 2171 una
856 2114 936 2171 domo
945 2114 1036 2189 plures
1047 2121 1134 2170 testes

77 2196 269 2255 titbantieno
298 2198 409 2271 negotio
437 2196 565 2253 adhiberi.
616 2193 644 2254 7.
674 2192 798 2270 ⁸liutus,
822 2192 962 2275 isandus,
990 2192 1134 2268 luriosus,9

182 2279 318 2355 pupillus,
347 2280 442 2336 lemine
465 2297 553 2354 neque
579 2281 690 2338 lamiliae
713 2289 819 2355 emptor
841 2298 916 2352 esse,
944 2297 1033 2354 oeque
1056 2284 1134 2338 testis

183 2363 350 2437 libripensue
377 2362 435 2420 lieri
461 2373 562 2438 potest.
615 2364 645 2422 8.
673 2365 783 2422 Latinus
811 2365 936 2421 lunianus
964 2374 992 2420 et
1020 2365 1134 2421 familiae

183 2456 289 2522 emptor
311 2456 338 2504 et
361 2451 439 2504 testis
461 2458 489 2505 et
511 2449 639 2523 libripens
662 2448 719 2505 lteri
740 2455 848 2522 potest,
872 2450 997 2522 quoniam
1017 2464 1078 2505 eum
1100 2464 1134 2505 eo

181 2533 336 2591 testamenti
351 2532 432 2591 lautia
447 2542 499 2591 est.

245 2612 275 2674 9.
300 2610 360 2672 ¹⁰ln
376 2624 554 2687 testamento,
578 2615 649 2690 quod
666 2632 714 2689 per
729 2631 778 2672 aes
793 2625 820 2672 et
835 2614 928 2672 libram
945 2613 989 2681 m,
1006 2616 1075 2673 duae
1089 2632 1134 2672 res

182 2709 312 2775 aguntur,
328 2701 441 2758 lamiliae
457 2702 615 2775 mancipatio
627 2709 653 2755 et
665 2701 827 2772 nuncupatio
845 2694 1034 2755 testamenti.¹¹
1063 2716 1133 2756 nun·

182 2793 297 2859 cupatur
326 2793 515 2841 testamentum
544 2786 571 2840 in
599 2785 672 2840 bunc
700 2783 821 2839 modum:
852 2783 953 2838 tabulas
983 2784 1134 2840 testamenti

183 2878 302 2926 testator
318 2877 413 2925 tenens
428 2871 464 2925 ita
479 2869 557 2925 dicit:
580 2883 662 2925 nano
680 2884 720 2926 vr
736 2883 767 2925 tat
782 2881 834 2923 ms
850 2881 983 2924 ruovora
1003 2882 1132 2925 consero

183 2968 315 3012 scotera
330 2967 424 3024 svesa,
446 2967 500 3008 mn
514 2967 572 3021 oo,
595 2966 761 3020 11111100,
784 2965 837 3007 1ru
857 2965 992 3017 rnorem
1016 2965 1132 3015 rrsovn

185 3051 252 3105 vos,
265 3051 423 3104 ovaotrma,
437 3051 650 3093 raorruontvsa
663 3028 1031 3109 ’(111111)1110111011011.12
1062 3048 1133 3107 quae
1147 3059 1187 3109 [tot

183 3121 346 3192 nuncupatio
362 3126 390 3174 et
404 3119 512 3174 testatio
529 3128 649 3174 uocatur.

257 3264 276 3332 ¹)
291 3275 303 3314 0
320 3267 356 3315 liis
371 3265 451 3331 (quod
460 3268 562 3330 prodiit
576 3283 611 3317 eae
624 3268 718 3333 es'ittis)
738 3268 795 3317 Vat.
807 3276 851 3317 est
865 3269 903 3317 his
914 3270 953 3317 ed.
963 3268 1010 3334 Bp.
1059 3264 1082 3333 ¹)
1094 3268 1133 3330 Cf.

186 3336 242 3388 Gat'.
258 3348 279 3398 a,
294 3348 339 3388 105.
355 3349 401 3388 iot.
417 3339 440 3398 ξ.
456 3349 475 3388 a.
496 3337 518 3386 Ι.
532 3338 564 3386 tie
578 3346 673 3391 testam.
689 3338 780 3404 (2.10).
836 3335 860 3404 ⁸)
875 3346 898 3387 et
912 3340 943 3387 ob
958 3339 981 3387 id
1001 3339 1059 3389 Vat.
1074 3340 1135 3388 edd.

183 3406 236 3457 Sed
254 3408 284 3456 ob
301 3408 325 3455 id
344 3408 388 3458 laic
406 3411 534 3458 molestum
552 3410 760 3471 trmtsserrndum
781 3417 837 3459 erat
856 3410 892 3458 od
910 3411 1009 3458 initium
1028 3411 1056 3471 §i
1072 3424 1134 3473 sep,

185 3477 228 3527 ubi
241 3478 447 3527 desiderabatur.
508 3476 529 3543 ⁴)
546 3477 592 3528 ‘et’
610 3482 636 3529 in
651 3482 851 3543 transpositione
861 3481 987 3543 perierat.
1048 3478 1069 3543 ⁶)
1086 3480 1135 3530 Ge·

184 3549 304 3599 minando
319 3550 418 3598 addidi.
449 3549 487 3611 Cf.
504 3549 582 3600 lioed.
597 3551 633 3600 od
645 3550 669 3601 n.
684 3553 701 3599 t.
715 3558 740 3600 et
755 3550 809 3599 Ftl.
820 3566 848 3613 p.
862 3560 909 3602 ata.
974 3547 995 3614 ⁶)
1012 3550 1077 3600 Fere
1088 3565 1132 3616 pe·

184 3620 304 3669 minando
319 3621 418 3669 addidi.
489 3617 509 3685 ⁷)
524 3621 577 3670 Hic
591 3623 663 3671 locus
676 3628 761 3670 exstet
775 3622 870 3685 paucis
889 3621 992 3669 enotatis
1010 3622 1038 3670 in
1051 3620 1083 3670 L.
1099 3633 1132 3673 1't.

184 3690 216 3738 Ι).
232 3690 264 3739 de
277 3697 331 3741 test.
347 3692 437 3757 (11.0).
490 3688 511 3754 ⁸)
527 3692 565 3754 Cf.
580 3694 603 3753 ὅ.
618 3704 638 3743 s.
659 3691 680 3740 I.
696 3693 727 3740 de
741 3699 837 3740 testam.
852 3689 883 3755 (r,
899 3691 942 3756 10).
994 3688 1015 3754 ⁹)
1030 3692 1072 3741 Ao
1087 3706 1133 3741 ex·

185 3757 544 3825 cidit‘seruus,peregrinus’i
592 3759 625 3827 ¹⁰)
637 3761 674 3825 Cf.
689 3762 744 3811 Gai.
755 3774 775 3819 tt,
786 3774 832 3813 tot.
844 3773 890 3812 titt.
939 3757 971 3825 ¹¹)
982 3761 1133 3825 basanitin

184 3834 356 3896 mancipando
369 3834 497 3896 expositio
511 3832 536 3881 lt.
551 3835 568 3882 l.
582 3833 712 3883 excidisse
726 3833 835 3882 videtur.
907 3827 940 3897 ¹⁹)
954 3831 1045 3895 pbitote
1065 3832 1133 3901 Vnt,

185 3919 256 3968 quem
270 3919 304 3954 em
322 3904 377 3953 Gai.
392 3915 413 3966 2,
428 3915 474 3954 104.
490 3905 605 3953 correxi.
640 3904 712 3953 Certe
732 3919 783 3952 uon
802 3908 898 3952 tontum
916 3910 967 3951 tunt
985 3905 1134 3952 solemnium
