2378 4386
421 557 444 592 c.
464 556 607 591 rmumvs
627 555 716 593 cessi.
976 549 1035 606 101

80 698 185 738 sacrum
207 681 238 736 ad
261 681 326 738 deos
348 684 423 756 ipsos
439 683 508 738 mitti
523 698 578 739 nou
593 690 708 755 poterat,
724 698 784 738 ase
800 690 887 738 tumen
903 682 1039 739 dimittere

81 783 134 822 nou
150 764 315 837 dubitabant,
337 767 376 821 sic
391 767 502 837 animas,
525 783 590 840 quas
606 783 695 824 sacras
710 768 738 821 in
753 766 858 823 coelum
871 767 941 822 mitti
956 783 1038 841 posse

81 850 201 906 arbitrati
210 859 275 905 sunt
286 850 409 906 uiduatas
423 866 546 923 corpore,
561 868 639 923 quam
652 852 766 924 primum
778 851 825 906 illo
833 852 871 907 ire
879 851 1036 908 uoluerunt.

82 933 203 1008 Disputat
224 933 257 989 de
280 935 332 989 hoc
346 950 423 990 more
438 935 516 989 etiam
532 933 671 990 Trebatius
687 935 851 1009 religionum
867 935 936 991 libro
952 952 1037 1007 nouo,

82 1021 158 1074 cuius
173 1017 333 1092 exemplum,
350 1034 383 1073 ne
398 1019 448 1073 sim
464 1018 596 1092 prolixus,
612 1019 698 1075 omisi.
710 1048 749 1059 -
762 1018 878 1076 Macrob.
894 1018 948 1075 Sat.
965 1019 994 1091 3,
1009 1020 1037 1076 t.

82 1103 128 1172 SS·
146 1100 238 1158 5-8.
338 1113 343 1120 '

143 1198 169 1258 7.
192 1201 330 1258 ‘Sanctum
340 1198 406 1273 cst',
421 1210 453 1259 ut
467 1202 536 1258 idem
549 1201 689 1258 Trebatius
703 1202 773 1259 libro
789 1197 913 1260 decimo¹
928 1203 1038 1277 religio·

83 1303 144 1341 num
159 1287 253 1358 refert,
269 1283 415 1342 ‘interdum
430 1286 509 1354 idem,
527 1285 727 1358 quodsacrum‚
742 1285 876 1359 idemque,
891 1287 964 1359 quod
976 1287 1037 1343 reli·
1092 1353 1098 1368 .

82 1372 202 1443 giosum;
225 1370 361 1426 interdum
383 1369 464 1430 aliud.
487 1370 539 1425 hoc
554 1378 607 1439 est,
630 1384 681 1425 uec
695 1385 800 1424 sacrum
814 1386 866 1425 nec
880 1368 1039 1443 religiosum

82 1455 140 1510 esl'.
156 1484 195 1494 -
213 1452 329 1509 Macrob.
346 1453 401 1509 Sat.
419 1453 449 1522 3,
465 1451 494 1508 3.
511 1452 539 1523 S.
557 1452 586 1508 5.

143 1553 172 1611 8.
198 1550 338 1626 (Compita)
362 1551 405 1606 'ut
420 1543 564 1606 Trebatio²
579 1551 678 1623 placet,
701 1551 779 1606 locus
794 1567 825 1607 cx
840 1550 963 1624 pluribus
978 1569 1039 1626 par·

81 1638 155 1694 tibus
175 1640 203 1691 in
223 1652 252 1690 sc
268 1635 312 1691 uel
328 1637 355 1689 in
370 1633 475 1689 easdem
491 1643 581 1706 partes
597 1650 629 1689 ex
643 1650 674 1689 ec
685 1634 756 1689 'uias
770 1641 851 1707 atquc
864 1630 981 1692 itinera³
996 1636 1041 1693 di-

81 1725 187 1794 rigens,
203 1720 262 1774 siue
278 1721 376 1774 iseum
392 1734 446 1788 ara,
462 1719 520 1773 siue
534 1719 593 1773 siue
609 1734 664 1789 ara,
680 1719 738 1774 siue
754 1717 805 1773 sub
821 1727 904 1790 tecto,
920 1721 977 1776 siue
992 1721 1042 1777 sub

32 1806 147 1867 [sudiuo
171 1805 216 1872 sit,
240 1800 284 1857 ubi
306 1803 404 1874 pagani
426 1809 548 1875 agrestes
570 1801 682 1859 buccina
703 1805 846 1860 conuocati
867 1802 958 1859 solent
972 1813 1046 1860 certa

80 1891 148 1944 inire
163 1886 286 1944 concilia.
312 1886 379 1941 ilinc
392 1893 418 1941 et
429 1884 509 1941 b‘ares
520 1887 690 1960 compitalicii
703 1895 729 1943 et
738 1887 822 1943 leriae
833 1887 1035 1960 compitaliciac.

84 2002 119 2013 -
136 1972 288 2043 Philargyr.
305 1969 337 2025 ad
353 1969 432 2044 Verg.
450 1968 548 2043 Georg.
565 1970 595 2042 2,
610 1971 682 2028 381.

143 2069 171 2128 9.
193 2086 317 2129 macrus
339 2086 402 2128 nou
423 2085 498 2128 vrso
521 2087 647 2129 rurunro
669 2087 760 2129 asro.
795 2070 929 2144 inierim,
951 2075 1039 2148 iuquit

82 2156 234 2227 Trebatius,
256 2153 379 2211 ‘uerbum
401 2170 432 2210 ea
453 2171 533 2211 causa
556 2164 598 2210 est
620 2155 739 2212 additum
755 2172 839 2229 eaque
854 2158 959 2212 ratione
974 2173 1038 2229 pro·

85 2240 180 2311 lertur,
195 2255 228 2295 ne
244 2241 336 2295 uinum
351 2254 430 2295 omne
446 2241 565 2302 omuino,
581 2239 654 2313 quod
669 2241 697 2295 iu
712 2240 788 2296 cellis
802 2249 883 2314 atque
900 2241 1039 2312 apothecis

84 2330 126 2378 est
141 2322 287 2393 conditum,
304 2338 336 2378 ex
351 2322 447 2396 quibus
462 2323 539 2393 illud,
556 2323 629 2395 quod
644 2323 800 2399 effunditur,
816 2333 971 2398 promptum
988 2331 1040 2396 est,

84 2423 144 2463 esse
165 2423 267 2462 sacrum
289 2408 397 2478 incipiat
419 2415 447 2461 et
469 2423 501 2461 es
524 2406 615 2462 usibus
631 2409 759 2480 eripiatur
774 2409 905 2465 humanis.
942 2407 1040 2465 dddlto

83 2507 148 2565 ergo
170 2492 223 2546 boc
246 2490 329 2547 uerbo
352 2491 439 2545 solum
463 2491 524 2558 erit,
547 2489 620 2562 quud
636 2490 777 2562 inseretur,
800 2508 916 2560 sacrum,
933 2489 1041 2548 uec‘re-

83 2574 183 2649 ligione
199 2572 363 2647 obligabitur
378 2571 520 2629 ceterum‘.
540 2601 576 2613 -
593 2573 693 2630 Arnob.
708 2573 767 2629 adv.
783 2582 859 2646 gent.
877 2573 906 2643 7,
923 2575 973 2630 31.

213 2740 256 2796 Er
278 2740 379 2795 libris
401 2739 439 2795 de
461 2741 535 2795 iure
557 2738 661 2796 ciuili
683 2738 739 2793 uel
761 2738 910 2795 aliunde.

148 2853 194 2916 10.
219 2858 254 2913 lle
268 2857 354 2913 sterili
371 2864 458 2913 autem
474 2856 596 2924 muliere,
613 2858 635 2912 si
651 2858 741 2912 aatlua
756 2855 899 2912 sterilitate
915 2857 961 2927 sit,
976 2855 1042 2914 Tre·

84 2940 181 2998 ballum
204 2950 298 2998 contra
312 2939 462 2996 Labeonem
484 2940 658 3014 respondisse
674 2940 775 2996 dicunt.
810 2940 874 2997 Nam
897 2958 959 2998 cum
981 2941 1043 2998 red·

84 3025 167 3082 biberi
190 3042 248 3082 eam
263 3024 350 3080 Labeo
374 3026 449 3097 quasi
463 3027 551 3081 miuus
566 3041 655 3080 sanam
678 3033 810 3098 putasset,
833 3042 948 3100 negasse
968 3028 1043 3083 aiunt

84 3109 246 3180 Trebatium,
270 3125 302 3164 er
318 3107 406 3164 edicto
423 3105 485 3183 alpe)
507 3125 598 3182 posse,
623 3111 646 3164 si
662 3125 692 3165 ea
708 3110 804 3166 mulier
818 3126 832 3166 a
848 3112 980 3185 principio
996 3129 1043 3184 ge·

84 3194 155 3249 uitali
171 3193 315 3249 sterilitate
330 3200 411 3247 esset.
441 3193 475 3247 dt
491 3194 513 3247 si
530 3192 649 3248 ualitudo
665 3195 722 3248 eius
739 3192 896 3250 offendisset
911 3211 997 3269 enque
1013 3211 1043 3249 ea

86 3279 176 3333 uitium
205 3278 305 3333 lactum
327 3283 416 3347 esset,
446 3283 475 3331 ut
497 3278 639 3350 coucipcre
662 3277 752 3334 luctus
775 3295 830 3333 nou
852 3287 962 3352 posset,
986 3286 1043 3333 tum

84 3377 171 3416 sanam
187 3377 243 3416 non
260 3359 344 3416 uideri
360 3368 387 3415 et
402 3375 461 3416 esse
476 3361 503 3415 in
519 3375 598 3416 causa
614 3360 811 3417 redhibitionis.
831 3391 867 3401 -
885 3362 954 3419 Geli.
970 3360 1001 3430 4,
1015 3360 1043 3416 2.

85 3438 131 3517 ss.
149 3445 178 3502 9.
195 3444 245 3502 10.

87 3580 285 3591 ———-——-——-

156 3665 176 3732 ¹)
190 3666 314 3717 Sedteete
331 3666 511 3731 Porphyrion
526 3669 561 3717 ud
570 3667 663 3718 Horat.
678 3666 732 3717 sar.
749 3679 770 3728 i,
785 3680 805 3717 ι.
821 3668 877 3715 tntt.
895 3663 1046 3715 ‘Trebatius

139 3740 238 3804 aliquot
249 3737 330 3788 libros
340 3738 371 3787 dc
382 3740 440 3787 iure
451 3739 524 3787 ctvttt
535 3740 676 3802 contposuit
686 3738 750 3786 etde
760 3735 932 3800 religionibus
944 3730 1041 3785 novenr’

88 3799 107 3870 ²)
120 3806 163 3856 ua
176 3807 275 3858 Oretani
284 3811 316 3870 ei.
326 3809 362 3857 ud
372 3808 493 3872 Pompon.
509 3810 614 3873 deort’g.
626 3811 679 3858 tur.
686 3824 712 3870 p.
721 3818 754 3857 eo.
765 3814 791 3854 ut
800 3806 884 3854 relatio
894 3805 952 3853 edd.
982 3804 1042 3851 Fue.

87 3877 119 3924 tt'l
136 3882 209 3930 lucus
222 3894 257 3927 erc
271 3879 337 3928 libro
352 3877 389 3926 II.
428 3875 450 3941 ³)
460 3877 562 3941 Scripsi
567 3895 577 3932 ,·
591 3880 629 3926 uia
644 3885 714 3940 atque
728 3877 812 3924 itinero
827 3873 883 3922 edd.
