2378 4386
435 577 497 613 (surr
517 578 617 615 rursum.
634 560 656 616 I.
674 567 783 618 tit-99.
1033 536 1093 633 19?

125 716 286 790 quibusdam
300 721 453 794 peregrinis
465 718 729 778 ’ciuitatibusdatum
736 723 849 779 estuela
862 725 1095 798 populoliomauo

124 802 167 857 uel
179 820 193 857 a
205 812 304 860 senatu
317 803 362 859 uel
371 821 386 857 a
396 803 508 861 Caesare
520 835 557 846 -
569 837 611 848 —
622 837 663 846 -
675 837 715 846 —
728 816 775 863 aut
786 810 871 865 maius
883 810 1036 869 estiatium
1048 822 1094 869 aut

124 887 230 961 miuus;
245 891 334 944 maius
345 887 510 960 estLatium‚
522 907 582 945 eum
594 899 623 948 et
635 891 673 962 hi,
686 893 731 964 qui
740 892 900 951 decuriones
911 895 1051 970 leguntur,
1065 907 1093 954 et

124 972 158 1037 ei,
177 974 224 1046 qui
236 975 371 1031 honorem
384 973 500 1047 aliquem
518 968 577 1030 out¹
592 971 595 1050 1
609 977 794 1048 magistratum
813 974 938 1052 geruut‚²
952 983 1089 1038 ciuitatem
1103 980 1145 1030 ²6·

125 1065 271 1119 Romanam
282 1066 481 1127 consumatum
498 1061 584 1114 miuus
597 1053 723 1116 Latium³
738 1069 791 1134 est,
806 1079 867 1118 eum
880 1064 907 1119 hi
920 1073 1034 1138 tantum,
1047 1069 1093 1140 qui

124 1144 169 1203 uel
195 1146 388 1219 magistratum
406 1144 450 1198 uei
470 1144 601 1199 honorem
621 1153 729 1217 gerunt,
747 1145 779 1200 ad
796 1149 932 1204 ciuitatem
948 1151 1092 1207 Romanam

125 1233 300 1305 perueniunt.
321 1227 402 1300 idque
414 1228 589 1302 conpluribus
601 1228 725 1302 epistulis
737 1225 904 1304 principum⁴
914 1234 1093 1309 significetur.

188 1310 235 1372 97.
259 1315 328 1371 Non
352 1315 441 1369 solum
463 1321 557 1370 tamen
582 1315 737 1370 naturales
761 1316 847 1371 liberi
871 1321 1027 1375 seeundum
1048 1337 1093 1391 ea,

123 1399 353 1473 praediximus,
376 1398 402 1452 ia
426 1406 562 1471 potestate
578 1406 671 1453 nostra
694 1408 772 1465 sunt,
795 1415 890 1455 uerum
913 1410 942 1457 et
964 1403 1002 1473 iri,
1024 1420 1094 1477 quos

123 1486 299 1559 adoptamus.
344 1477 394 1537 98.
417 1482 535 1556 Adoptio
557 1491 648 1537 autem
670 1481 776 1537 duobus
799 1483 886 1539 modis
910 1484 950 1557 fit,
977 1494 1023 1541 aut
1044 1503 1094 1560 po-

123 1569 181 1642 puli
208 1568 387 1632 auctoritate,
417 1577 463 1622 aut
491 1568 604 1639 imperio
626 1568 819 1639 magistratus,
850 1568 925 1624 uelat
951 1573 1095 1642 praetoris.

122 1650 173 1711 99.
196 1651 298 1724 Populi
319 1653 480 1707 auctoritate
508 1651 667 1723 adoptamus
690 1667 755 1723 eos,
784 1653 830 1724 qui
858 1654 900 1707 sui
927 1655 993 1709 iuris
1015 1663 1094 1711 sunt:

73 1741 111 1793 ι15]
127 1753 205 1813 quae
229 1735 336 1808 speeies
357 1737 509 1809 adoptionis
538 1735 637 1791 dicitur
665 1735 824 1809 adrogatio,
852 1738 915 1808 quia
938 1747 965 1793 et
986 1741 1025 1810 is,
1048 1742 1095 1813 qui

124 1824 251 1896 adoptat,
268 1827 392 1891 rogatur,
411 1821 438 1876 id
453 1829 496 1875 est
511 1823 708 1892 iuterrogatur,
729 1838 760 1875 aa
778 1820 844 1877 uelit
860 1837 933 1892 eum,
954 1840 1034 1895 quem
1049 1823 1094 1878 ad·

124 1916 272 1982 optaturus
289 1905 336 1974 sit,
350 1905 449 1959 iustum
463 1902 547 1960 filium
559 1920 635 1959 esse:
651 1914 679 1961 et
690 1906 724 1976 is,
741 1907 787 1979 qui
798 1905 953 1980 adoptatur,
969 1917 1092 1982 rogatur,

123 2009 159 2047 an
182 1990 209 2046 id
234 1989 293 2044 fieri
316 1989 450 2061 patiatur3
474 1999 501 2044 et
524 1988 642 2063 populus
666 2000 791 2064 rogatur,
814 2008 846 2046 au
869 1990 895 2046 id
919 1988 977 2046 fieri
992 1992 1093 2049 iubeat.

122 2075 240 2149 imperio
253 2072 429 2147 magistratus
442 2073 602 2147 adoptamus
615 2091 673 2144 eos,
691 2076 776 2147 quiin
790 2084 928 2149 potestate
944 2079 1095 2149 parentium

123 2159 342 2176 “-

200 2189 221 2257 1)
241 2190 330 2240 Totum
348 2190 396 2240 hoe
416 2194 617 2255 supplementum
635 2191 742 2241 debetur
765 2190 817 2242 W.
850 2194 882 2243 In
902 2196 1011 2254 lacuna,
1030 2209 1096 2258 quae

123 2269 222 2320 restat,
240 2261 367 2310 Statiano
386 2262 451 2310 nitu
466 2269 575 2325 praeter
590 2264 749 2325 particulam
768 2267 880 2329 aliquam
900 2268 1003 2329 perisse
1018 2272 1096 2329 putat

123 2336 195 2384 velut
211 2329 287 2382 ‘Sat'.
315 2332 374 2380 Cum
389 2349 450 2382 vero
465 2333 592 2382 librarius
606 2335 716 2396 spatium
731 2336 782 2393 aie,
796 2337 821 2385 si
834 2339 945 2394 omnino,
960 2345 1030 2387 certe
1044 2352 1096 2386 non

123 2406 211 2455 maiar
224 2419 301 2468 qaam
315 2403 387 2452 verbi
398 2406 488 2469 pratia
499 2420 521 2452 v.
534 2415 566 2452 10.
578 2405 714 2468 reliquisse
720 2407 853 2469 putandas
863 2409 905 2466 rit,
920 2410 1018 2457 malim:
1034 2406 1095 2457 ‘ali-

123 2474 199 2543 q(uo)
215 2471 349 2526 ceterum'.
379 2475 468 2525 Palen.
485 2475 602 2537 suppleri
621 2476 687 2523 ortt:
705 2475 885 2542 dieit(ur)q(ae)
900 2479 976 2526 maius
991 2479 1093 2528 Latium.

123 2545 213 2613 u(rm).
242 2544 317 2594 Stoa.
334 2547 360 2592 ia
375 2546 432 2593 eri:
445 2547 515 2594 huius
530 2551 609 2592 autem
624 2545 684 2593 ioris
699 2545 758 2594 duae
773 2546 868 2608 species
883 2554 950 2595 sonte
965 2562 1027 2596 nam.
1055 2548 1095 2595 De

123 2635 153 2668 re
167 2626 320 2668 notaveram
334 2616 391 2664 edd.
408 2630 426 2665 1.
443 2627 476 2665 u:
497 2615 587 2664 Maius
601 2614 705 2663 Latium
724 2616 780 2665 diei
794 2618 878 2678 coepit
893 2618 934 2665 ius
947 2617 1022 2666 Latii
1036 2616 1097 2664 inde

122 2707 139 2739 a
155 2689 328 2752 Vespasiano.
344 2688 459 2749 primam
469 2686 624 2748 Hispaniae,
636 2686 672 2732 ita
683 2686 778 2743 datarrn,
791 2693 819 2734 at
828 2686 878 2733 Irae
887 2687 1006 2735 civitates
1014 2687 1098 2750 anapia

119 2762 215 2824 populi
225 2758 297 2809 Rom.
309 2759 459 2822 municipia,
474 2760 536 2807 ticet
545 2757 641 2805 ciuium
650 2755 812 2819 Latinorum,
827 2771 902 2819 quarn
917 2757 1098 2820 atantiqaitas

122 2833 173 2881 troc
184 2833 243 2879 tare
257 2830 319 2879 aare
329 2825 410 2895 (Ptin.
424 2829 454 2878 N.
465 2829 499 2877 H.
511 2841 532 2890 s,
544 2841 564 2876 1.
579 2828 602 2888 5.
613 2838 633 2877 s.
650 2837 671 2887 a,
685 2838 706 2877 a.
721 2829 743 2888 ξ.
754 2839 775 2876 4.
791 2838 812 2888 e,
826 2838 847 2876 ι.
863 2826 887 2888 §-
897 2838 918 2876 a.
932 2837 954 2887 a,
968 2837 1000 2877 ea.
1016 2825 1096 2890 aas.)

123 2902 245 2952 coloniae
260 2900 373 2949 Latinae
388 2898 480 2966 (rapra
495 2902 519 2961 §-
530 2909 564 2949 st.
579 2897 649 2947 Suet.
667 2897 736 2947 Caes.
749 2910 769 2949 e.
784 2897 882 2946 Aaron.
899 2898 924 2945 ia
938 2897 991 2948 Cic.
1006 2897 1096 2946 Pison.

123 2974 181 3022 init.
197 2971 249 3021 uto
263 2983 299 3033 to,
313 2969 351 3036 ³9)
366 2986 428 3027 erre,
443 2971 551 3034 ideoque
570 2966 617 3033 (os.
634 2965 740 3018 ‘Gaius'
752 2985 780 3032 p.
795 2966 881 3033 t-to)
896 2970 941 3033 qui
958 2970 1096 3034 mapistra·

122 3052 174 3094 tum
190 3043 228 3092 ibi
239 3049 372 3109 pererrat,
388 3042 419 3090 de
439 3044 495 3105 ipso
507 3042 604 3104 popolo
620 3039 691 3089 Ram.
707 3040 768 3089 bene
783 3054 881 3089 merere
895 3040 1055 3098 viderentur,
1069 3045 1098 3087 ut

123 3117 173 3165 iant
189 3116 267 3179 quari
281 3113 413 3162 radicitus
432 3121 457 3162 et
476 3121 597 3176 tanquam
612 3113 675 3160 insti
689 3117 714 3160 et
727 3112 835 3176 lepitimi
849 3111 918 3160 ciues
933 3111 1004 3161 Rom.
1020 3109 1096 3176 (Lep.

122 3185 192 3236 Acir.
207 3191 291 3250 repet.
312 3200 334 3232 c.
349 3184 381 3232 de
401 3186 506 3233 civitate
525 3182 629 3238 danaim·
649 3181 680 3229 L.
696 3193 729 3233 uu.
750 3181 782 3230 D.
798 3183 830 3230 de
850 3183 907 3230 iure
922 3183 983 3244 sisci
1000 3193 1036 3243 49,
1051 3179 1097 3243 u),

123 3259 168 3322 qai
182 3256 269 3307 tribus
282 3261 308 3303 et
323 3254 391 3303 iuris
404 3255 530 3305 honoram
546 3252 642 3301 Romae
657 3253 804 3316 participes
819 3254 925 3314 fierent,
944 3254 1020 3300 etiam
1039 3265 1097 3298 cam

118 3327 278 3393 parentibus
298 3332 323 3373 et
341 3324 431 3374 liberis
454 3332 479 3374 et
497 3338 582 3373 uxore
601 3325 627 3371 in
650 3324 778 3372 ciuitatem
797 3323 922 3372 venirent.
961 3322 1000 3382 Cf.
1019 3321 1097 3369 etiam

125 3399 188 3450 Gett.
204 3411 240 3460 le,
256 3409 290 3448 ut.
312 3423 344 3431 -
360 3394 413 3445 Sed
427 3398 478 3445 iam
492 3402 561 3443 totus
574 3393 617 3442 nie
632 3394 664 3442 de
679 3392 752 3442 Latii
767 3395 824 3441 inre
834 3395 907 3441 lacae
917 3407 982 3441 novo
998 3390 1097 3452 indipet

122 3478 249 3521 tractatu.
326 3461 347 3530 ²)
372 3466 537 3515 Verisimile
556 3471 606 3524 ert,
631 3463 768 3513 librarium
786 3464 829 3511 uic
848 3464 976 3525 integrum
995 3472 1096 3509 oeream

122 3544 240 3592 omisisse
250 3539 329 3588 uatus
338 3540 496 3587 sententiae:
509 3550 554 3584 nee
564 3535 611 3596 ipsi
626 3535 703 3582 solum
713 3533 757 3582 sed
767 3533 839 3581 etium
853 3531 923 3579 liberi
938 3538 961 3578 et
975 3533 1095 3592 parentes.

123 3609 143 3680 ¹)
163 3609 212 3663 lm
224 3612 302 3660 latum
316 3608 374 3657 edd.
386 3615 496 3672 praeter
509 3620 579 3654 meas
594 3617 613 3653 1.
628 3616 649 3654 s.
708 3602 729 3669 ⁴)
744 3604 781 3652 ad
790 3601 928 3665 praesideo
938 3606 1004 3663 puta
1018 3595 1096 3644 datia

121 3711 152 3723 -
167 3685 290 3748 Sequens
304 3696 327 3727 o.
342 3690 362 3730 8.
382 3678 506 3728 rubricae
521 3682 619 3724 tanturn
633 3675 736 3723 videtur
750 3674 894 3723 destinatur
906 3671 997 3732 saiese.

192 3804 221 3876 §-
238 3807 379 3866 παρτ.
394 3802 417 3852 I.
432 3803 464 3851 de
478 3801 567 3862 adopt.
583 3796 616 3862 (1,
626 3796 670 3862 ιι).
696 3796 734 3859 Cf.
755 3795 810 3857 IJtp.
826 3805 848 3853 s,
863 3804 882 3841 1.
938 3784 983 3854 ἓξ.
999 3786 1041 3832 98.
1052 3782 1095 3829 99.

119 3902 150 3925 =
165 3881 204 3931 L.
220 3890 290 3940 apr.
302 3874 334 3922 D.
347 3874 378 3922 de
393 3874 479 3936 adopt.
496 3869 530 3936 (1,
544 3869 576 3932 r).
597 3871 620 3929 ξ.
632 3880 652 3915 t.
666 3865 690 3914 I.
705 3866 760 3915 eod.
777 3864 809 3929 (ι,
820 3859 864 3924 11).
890 3858 928 3920 Cf.
946 3855 1002 3915 utp.
1012 3862 1034 3909 a,
1044 3858 1064 3895 t·
1074 3857 1095 3894 ⁸·

120 3951 185 4005 Geli.
203 3959 227 4011 t,
244 3959 278 3998 1⁹.
309 3944 362 3994 Cic.
374 3959 426 4007 pro
441 3942 516 3993 darno
531 3949 566 4000 2⁹,
579 3949 614 3990 tt.
