2378 4386
240 510 346 546 nourrii
365 511 471 546 aceruus
488 511 586 548 aaron.
606 494 652 549 vl.
673 494 809 550 14.-V11.
830 501 855 550 3.
963 494 1026 560 579

73 643 111 697 ita
131 638 183 712 (ut)
210 648 323 713 propter
350 642 463 696 maiores
491 658 581 697 arares
609 650 778 716 praesentem
806 641 899 699 dotem
925 642 1029 714 sedda,

10 733 187 799 acsspropter
209 725 327 779 ruinores
355 740 449 780 senum
478 742 599 782 mensum
625 726 676 782 die.
722 727 750 782 in
773 742 802 783 ea
825 734 931 797 autem,
958 743 1028 801 quae

72 824 200 881 praesens
222 807 298 863 reddi
321 807 408 874 solet,
438 816 540 865 tanturn
563 826 594 865 ex
617 809 750 866 fructibus
772 810 881 867 iubetur
903 809 1027 881 reddere,

72 901 204 966 quantum
225 890 314 947 inilia
336 891 418 964 dote,
441 909 512 964 quaa
534 896 648 950 triennio
665 894 801 960 redditur,
823 894 1029 969 ’repraesenta-

73 970 129 1032 tio¹
146 976 221 1033 iacit.

128 1056 173 1120 14.
203 1052 405 1132 ²Impeasarum
421 1061 524 1132 species
539 1067 604 1116 sunt
623 1069 694 1117 tres:
716 1069 763 1116 aut
778 1063 848 1118 enim
864 1061 1029 1123 necessariae

73 1143 213 1215 dicuntur,
235 1150 281 1199 sut
303 1142 400 1212 utiles,
423 1151 468 1199 aut
484 1142 677 1215 uoluptuosac.
714 1140 757 1200 la.
780 1143 950 1202 Necessariae
965 1152 1030 1201 sunt

75 1228 232 1301 impensae,
252 1225 350 1299 quibus
365 1242 420 1282 non
436 1226 513 1282 iactis
528 1226 580 1282 dos
594 1225 714 1283 deterior
729 1226 820 1282 sutura
835 1235 893 1299 est,
915 1227 991 1284 ueiut
1005 1229 1029 1283 si

75 1313 136 1384 quis
156 1312 281 1367 ruinosas
303 1309 381 1365 aedes
404 1310 537 1366 refecerit.
581 1307 623 1366 16.
649 1310 733 1365 Vtiles
752 1319 830 1378 suut,
854 1309 952 1382 quibus
974 1325 1029 1365 noa

74 1394 151 1451 iactis
182 1394 289 1468 quidem
319 1392 438 1448 deterior
467 1392 519 1449 dos
547 1409 601 1448 nou
630 1392 726 1464 suerit,
757 1393 834 1450 iactis
861 1401 951 1449 autem
973 1392 1030 1449 iru-

74 1480 198 1535 ctuosior
213 1475 305 1531 edecta
321 1483 379 1546 est,
402 1474 488 1532 ueluti
502 1479 525 1531 si
541 1471 639 1549 ’tua'r)³
659 1478 750 1533 uineta
765 1486 793 1532 et
809 1477 908 1533 oliueta
924 1476 1028 1533 iecerit.

73 1557 115 1617 1⁷.
140 1559 328 1632 voluptuosae
356 1568 436 1629 sunt,
466 1559 562 1633 quibus
590 1577 677 1632 neque
700 1560 807 1616 omissis
833 1561 955 1618 deterior
979 1559 1030 1618 dos

75 1637 198 1714 'suerit‚⁴
219 1659 308 1716 aeque
331 1642 406 1699 iactis
428 1643 597 1700 fructuosior
615 1644 708 1700 edecta
723 1653 781 1711 est;
805 1646 880 1717 quod
896 1645 987 1700 euenit
1001 1645 1029 1699 in

75 1727 219 1784 :iridiariis
236 1735 262 1782 et
278 1727 392 1801 picturis
408 1727 590 1800 similibusque
606 1727 697 1784 rebus.
714 1722 814 1786 *μδ

75 1833 153 1915 6'1¹1‘s'.
169 1869 226 1912 v11.
252 1868 294 1910 Du
310 1869 382 1911 IVRE
398 1868 603 1913 nouaulouvu
618 1871 713 1914 turus.
727 1872 825 1914 VIRVM
839 1872 879 1913 ΕΤ
893 1867 1029 1912 VXOREM.

137 1954 161 2016 1.
184 1948 279 2012 ⁷Inter
300 1957 386 2011 uirum
403 1963 430 2012 et
446 1972 557 2012 oaorem
571 1956 680 2014 donatio
702 1972 756 2013 non
773 1956 858 2027 ualet,
881 1958 933 2013 nisi
948 1958 1029 2012 certis

75 2059 108 2098 es
123 2041 227 2111 causis,
242 2038 269 2096 id
284 2048 326 2094 ost
342 2041 437 2095 mortis
453 2056 542 2111 causa,
559 2039 671 2097 diuortii
684 2056 779 2112 causa,
800 2041 872 2097 serui
888 2042 1029 2097 manumit-

76 2124 148 2182 tendi
166 2124 261 2196 gratia.
296 2122 353 2179 boc
368 2123 481 2196 amplius
496 2123 686 2198 prisrcipalibos
702 2117 950 2197 conistitutionibus
965 2141 1028 2181 coa·
1043 2126 1131 2197 lutati

75 2223 181 2266 cessans
203 2216 246 2263 est
265 2206 370 2262 mulieri
386 2206 414 2261 ia
429 2208 481 2265 boc
496 2208 597 2263 alonare
620 2210 680 2265 uiro
702 2225 767 2279 suo,
787 2217 817 2264 ut
831 2210 854 2264 is
870 2206 902 2264 ab
916 2209 1029 2283 impera·

75 2302 136 2349 tore
152 2289 206 2346 tato
221 2290 299 2346 clauo
316 2289 358 2345 uel
376 2306 446 2362 equo
462 2291 569 2362 publico
584 2292 698 2348 similius
714 2293 817 2349 honore
833 2292 992 2350 honoretur.

137 2369 166 2431 2.
190 2367 237 2429 ⁸Si
254 2374 364 2429 'marito
381 2368 471 2429 ιιῑεον9
487 2374 598 2430 diuortii
613 2392 692 2432 causa
708 2392 753 2433 res
769 2379 918 2447 amonerit,
938 2392 1028 2433 rerum

76 2474 186 2532 quoque
201 2466 348 2513 amotarum
365 2459 469 2512 actione
485 2458 629 2515 tenebitur.

137 2536 166 2598 8.
190 2540 218 2597 Si
235 2543 345 2596 maritus
362 2556 411 2614 pro
433 2540 543 2596 maiiere
564 2557 593 2596 sc
610 2540 770 2613 obligauerit
792 2541 834 2596 uei
851 2543 877 2596 in
893 2557 949 2596 rein
970 2544 1028 2597 eius

75 2624 243 2698 inpenderit,
261 2624 379 2680 diuortio
397 2623 468 2680 iacto
484 2641 516 2679 co
532 2627 639 2680 nomine
654 2640 750 2681 cauere
766 2622 816 2680 sibi
832 2623 903 2679 solet
917 2622 1028 2696 stipula·

76 2710 148 2764 tione
166 2707 314 2763 tribunicia.
326 2702 350 2741 ¹⁰

150 2853 169 2921 ¹)
183 2859 319 2921 repausatio
334 2856 446 2920 (sactum
464 2873 498 2907 ex
512 2859 657 2920 rebsentatio
676 2859 777 2907 ratione
796 2859 924 2921 sequentis
943 2870 1029 2920 repen·

75 2940 155 2976 aarum
166 2942 217 2991 pro
232 2927 407 2994 Impeasarom)
427 2928 485 2978 Vot.
496 2930 535 2977 ed.
546 2928 593 2993 139.
647 2924 667 2992 ¹)
682 2928 726 2978 Aa
739 2930 778 2990 ξὲ.
795 2940 889 2981 14-1t.
905 2928 939 2991 cf.
949 2927 982 2981 L.
994 2940 1028 2979 ts.

75 2998 107 3046 D.
122 2999 154 3047 de
168 2997 236 3047 uerb.
251 3000 318 3061 siaa.
333 2998 380 3062 (aa,
401 2999 445 3062 aa).
473 2998 520 3048 Tit.
535 3000 567 3047 Ι).
583 2999 614 3048 de
629 3000 732 3061 imperas.
752 3001 780 3048 in
799 3013 842 3048 res
860 2999 912 3049 dot.
932 2997 981 3062 (aa,
997 2997 1027 3065 1).

74 3068 106 3117 L.
122 3083 164 3116 uu.
180 3069 239 3129 §.b
261 3068 285 3117 C.
301 3069 333 3117 de
347 3072 388 3119 rei
402 3084 479 3120 uxor.
493 3077 543 3119 aot.
559 3069 589 3133 (a,
604 3068 649 3134 1³).
728 3065 893 3134 ⁰)Suppteui.
918 3068 1029 3119 Excidit

74 3138 106 3188 ob
123 3152 231 3202 sequens
250 3139 336 3188 uineta.
367 3139 404 3203 Cf.
424 3151 449 3198 a,
468 3151 488 3190 a.
509 3147 558 3190 not.
575 3153 607 3190 12.
637 3139 674 3188 De
693 3143 808 3204 exemplu
829 3140 880 3190 Cic.
901 3156 992 3206 aaron
1007 3152 1027 3190 a.

73 3209 112 3270 §5-
127 3220 161 3259 ta.
177 3219 210 3260 tt.
230 3208 343 3271 Appiae.
359 3211 390 3259 de
405 3210 426 3258 b.
439 3223 535 3268 a.1,1u.
587 3208 607 3274 ⁴)
624 3211 691 3259 beret
710 3210 768 3261 Vat.
782 3209 831 3275 139.
842 3212 882 3264 ed.
935 3208 955 3276 ⁵)
971 3211 1029 3261 Duo

74 3286 172 3327 tautum
186 3279 334 3327 desiderari
344 3268 480 3340 bidentur,
500 3281 601 3345 quondo
620 3281 650 3331 ab
666 3283 792 3345 iatpeuaas
811 3283 920 3331 retineri
934 3284 1028 3345 possit,

73 3350 189 3410 definitio
203 3355 228 3397 et
242 3352 409 3399 retentionura
424 3350 455 3401 ob
468 3367 511 3401 res
525 3353 635 3400 donatas
648 3360 672 3401 et
687 3353 717 3402 ob
732 3367 774 3402 res
784 3360 882 3402 ornatos
891 3354 1028 3415 expositio.

74 3416 96 3481 ⁸)
115 3419 240 3482 Ulpianus
255 3421 282 3468 ia
295 3420 349 3477 dis,
368 3436 432 3485 quae
451 3429 605 3484 sequuntur,
624 3437 674 3471 aaa
690 3425 816 3485 proprius
834 3424 957 3472 materias
974 3429 1028 3470 tra·

74 3496 158 3539 ctosse
175 3490 222 3537 sed
240 3493 370 3539 materiam
390 3492 421 3539 de
440 3492 498 3540 dote
517 3492 552 3539 ad
566 3494 642 3552 finem
659 3493 815 3554 perdurasse
830 3493 963 3555 putandus
982 3500 1029 3551 est,

73 3560 173 3608 addens
194 3560 230 3607 od
250 3563 419 3610 retentionum
440 3563 493 3619 ius,
514 3576 579 3624 quae
604 3563 630 3608 ia
653 3564 764 3625 sinantia
786 3578 875 3611 aarum
897 3561 1029 3625 speciebus

69 3638 210 3693 praetcrea
223 3632 291 3679 scitu
305 3632 385 3696 diona
399 3638 482 3680 eraut.
535 3629 555 3695 7)
572 3632 609 3693 Cf.
626 3631 701 3680 Paul.
716 3644 737 3690 a,
751 3644 783 3683 aa.
799 3635 838 3694 ἐξ.
855 3645 874 3683 1.
890 3645 909 3681 2.
925 3645 945 3682 a.
965 3632 997 3680 L.
1009 3645 1027 3682 1.

73 3712 93 3751 s.
111 3713 142 3750 ιι.
158 3712 193 3750 ao.
206 3713 241 3751 aa.
261 3701 292 3749 l).
309 3702 340 3750 de
354 3703 413 3751 don.
429 3703 475 3749 int.
490 3704 538 3751 atr.
554 3699 598 3764 (aa,
614 3701 644 3763 1).
671 3701 703 3749 L.
718 3712 751 3751 aa.
766 3713 800 3752 aa.
826 3703 852 3752 C.
867 3703 922 3751 eod.
938 3700 969 3766 (a,
985 3701 1028 3765 re).

75 3768 96 3834 8)
112 3771 150 3832 Cf.
166 3772 203 3819 tit.
224 3772 255 3819 u.
272 3787 323 3822 rer.
340 3779 413 3822 amat.
430 3770 474 3834 (25,
489 3773 518 3834 2).
597 3768 619 3835 ⁹)
634 3773 732 3820 maritus
746 3771 810 3834 (pro
825 3773 910 3821 marito
925 3787 961 3819 ue.
978 3770 1028 3819 aid.

76 3840 128 3888 FtI.
141 3856 168 3903 p.
184 3840 242 3903 stu.)
263 3841 320 3890 Vat.
336 3843 392 3892 edd.
461 3840 492 3905 ¹⁰)
509 3842 588 3896 Puto.
608 3840 725 3890 tribunos
740 3844 777 3903 pt.
793 3858 809 3890 a
828 3842 929 3890 maritis
947 3840 1030 3888 dotem

764 3924 817 3980 37*
