2378 4386
391 603 426 638 DE
444 603 556 640 LEGIBV!
574 605 653 639 uinxit
669 607 689 641 1.
980 600 1020 658 35

58 730 179 799 dubium,
195 729 261 801 quin
273 729 307 798 is,
323 731 368 801 qui
379 728 497 785 liberalis
513 727 683 803 benignusne
698 730 806 802 dicitur,
822 731 952 802 cilicium,
967 750 1022 789 nou

58 814 175 870 iruetum
190 820 336 885 sequetur;
352 829 420 885 ergo
434 814 498 868 item
514 815 615 868 iustitia
629 814 696 869 nihil
708 817 811 887 expetit
821 819 943 889 praemii,
955 816 1020 873 nihil

58 899 152 971 pretii:
175 912 225 970 per
248 912 278 950 se
300 897 385 969 igitur
408 898 551 968 expetitur.
583 897 730 970 eademque
753 901 872 955 omniurn
888 902 1021 957 uirtutum

59 997 137 1038 causa
158 987 242 1052 etque
262 981 397 1035 sententia
418 988 468 1034 est.
504 975 553 1036 49.
573 987 655 1053 atque
677 984 755 1037 etiam
777 984 800 1037 si
820 983 1019 1054 emolumentis,

58 1082 111 1121 non
126 1072 225 1137 suapte
242 1058 296 1136 (ui)
312 1065 399 1118 uirtus
415 1064 561 1134 expetitur,
578 1080 628 1119 una
644 1067 694 1120 erit
710 1067 814 1136 uirtus,
836 1082 904 1140 quae
919 1067 1021 1124 malitia

58 1149 208 1205 rectissime
222 1147 345 1213 dicetur;
361 1154 392 1201 ut
406 1148 476 1202 enirn
493 1148 607 1218 quisque
622 1164 743 1203 maxume
758 1149 791 1205 ad
805 1165 885 1206 sunm
901 1167 1020 1208 commo·

58 1232 121 1287 dum
142 1231 227 1288 reiert
248 1246 434 1303 quaecumque
449 1232 516 1303 agit,
535 1232 573 1286 ita
587 1232 694 1287 minime
705 1240 748 1287 est
760 1234 802 1288 uir
812 1231 912 1303 bonus,
928 1241 959 1289 ut
974 1237 1019 1308 qui

58 1314 187 1370 uirtutem
216 1314 336 1386 praemio
359 1315 523 1384 metiuntur,
544 1313 646 1370 nullam
668 1317 799 1371 uirtutem
820 1319 871 1373 nisi
895 1318 1019 1374 malitiam

57 1405 167 1471 putent:
190 1396 236 1452 ubi
258 1399 329 1452 euim
351 1395 498 1468 beneficus,
519 1400 543 1453 si
565 1413 644 1454 nemo
666 1397 775 1455 alterius
797 1417 876 1455 causa
905 1400 1019 1472 benigne

59 1480 139 1538 iecit?
162 1479 207 1535 uhi
222 1488 327 1554 gratus,
343 1482 366 1536 si
380 1496 434 1536 noo
450 1496 511 1536 eum
526 1484 615 1553 ipsum
630 1489 745 1536 cernunt
759 1485 842 1555 grati,
865 1486 930 1554 quoi
951 1483 1019 1538 reie-

58 1571 121 1619 runt
133 1560 269 1637 'gratiaml
291 1562 338 1619 ubi
353 1562 397 1618 illa
413 1571 502 1618 sancta
520 1565 649 1627 amicitia.
669 1567 693 1618 si
714 1581 768 1619 non
785 1565 842 1636 ipse
858 1567 957 1621 amicus
971 1582 1021 1639 per

57 1663 87 1703 se
108 1656 214 1702 amatur
234 1655 295 1702 toto
317 1655 438 1720 pectore,
463 1655 493 1701 ut
515 1647 628 1702 dicitur?
651 1649 696 1719 qui
718 1649 796 1703 etiam
812 1647 977 1704 deserendus
992 1655 1021 1705 et

59 1727 214 1787 abiciendus
235 1735 277 1784 est
298 1728 446 1802 desperatis
467 1730 656 1786 emolumentis
680 1737 708 1785 et
723 1730 869 1787 iructibus:
886 1748 939 1806 quo
956 1734 1019 1806 quid

58 1818 153 1886 potest
167 1810 219 1867 diei
232 1813 391 1868 immanius?
415 1814 486 1886 quod
502 1817 525 1869 si
540 1814 654 1869 amicitia
669 1830 761 1887 perse
777 1813 889 1871 colenda
907 1824 959 1886 est,
975 1832 1019 1872 so·

58 1898 141 1952 cietes
162 1910 273 1968 quoque
293 1897 430 1952 hominum
450 1905 477 1951 et
498 1897 645 1970 aequalitas
665 1906 693 1953 et
712 1899 815 1954 lustitia
830 1915 923 1972 perse
938 1913 1019 1972 cxpe-

60 1980 151 2036 tenda:
172 1979 246 2051 quod
266 1981 294 2035 ni
308 1980 346 2035 itu
361 1988 414 2051 est,
436 1983 545 2036 omnino
561 1981 663 2036 iustitia
679 1981 752 2037 nulla
768 1990 826 2050 est3
848 1982 873 2037 id
893 1984 963 2039 enim
978 1985 1020 2038 ina

58 2064 235 2120 iustissimum
249 2064 339 2136 ipsum
354 2072 406 2134 est,
421 2066 537 2120 iustitiae
552 2064 700 2120 mercedem
716 2082 852 2138 quaerere.
880 2066 943 2122 xlx.
971 2063 1019 2125 60.

59 2147 122 2219 quid
138 2162 203 2202 uero
218 2146 252 2202 de
266 2147 407 2217 modestia,
423 2147 488 2219 quid
504 2147 537 2202 de
552 2150 740 2220 temperantia,
755 2150 820 2221 quid
831 2150 865 2204 de
875 2152 1017 2206 continen-

59 2231 105 2300 tia,
127 2230 192 2303 quid
214 2230 247 2286 de
269 2233 440 2301 uerecundia,
462 2232 566 2305 pudore
588 2231 769 2304 pudicitiaque
792 2232 933 2289 dicemus?
953 2234 1018 2288 inla-

58 2316 161 2390 mieene
177 2322 250 2368 metu
264 2330 320 2371 uon
334 2331 394 2370 esse
409 2314 556 2386 petulantis
572 2331 604 2370 au
620 2315 709 2387 legum
731 2324 758 2372 et
777 2316 956 2372 iudiciorum?
978 2318 1017 2371 iu·

59 2403 190 2452 nocentes
205 2411 271 2471 erpo
286 2406 314 2454 et
329 2399 473 2475 uerecundi
489 2406 563 2469 sunt,
579 2407 609 2454 ut
624 2396 691 2454 hene
707 2401 824 2471 audiant,
840 2409 868 2455 ct
883 2407 914 2455 ut
927 2416 1018 2456 rumo-

59 2496 115 2536 rem
130 2479 231 2535 bonum
245 2479 389 2554 colligent,
405 2481 583 2551 erubescunt,
604 2482 688 2554 pudet
708 2485 786 2538 etiam
802 2484 878 2555 loqui
892 2483 925 2539 de
941 2482 1017 2557 pudi-

59 2565 133 2620 citie:
147 2572 176 2621 ut
189 2579 233 2619 me
247 2564 363 2621 istorum
379 2565 604 2638 philosophorum
620 2564 715 2637 pudet,
730 2570 776 2637 qui
792 2566 876 2621 ulium
891 2567 1018 2622 iudicium

61 2647 137 2704 uitari
159 2648 211 2703 nisi
232 2649 300 2703 uitio
321 2651 382 2722 ipso
403 2650 489 2704 uitato
509 2643 628 2720 putant.¹
662 2644 706 2703 ⁵1.
728 2647 791 2719 quid
812 2649 901 2703 enimi
922 2666 1018 2720 possu-

59 2746 190 2801 moseos,
205 2731 253 2804 qui
269 2740 394 2806 astupeo
410 2738 536 2787 arcentur
551 2729 675 2785 infamiae
690 2739 774 2800 metu,
790 2729 902 2802 pudicos
917 2731 1017 2795 dicere,

59 2830 139 2886 quom
154 2817 211 2888 ipsa
226 2815 334 2870 infamia
350 2824 463 2890 propter
477 2817 515 2870 rei
532 2811 727 2887 turpitudinem
742 2814 942 2886 consequatur?
958 2829 1018 2869 nam

58 2896 123 2969 quid
143 2906 189 2952 eut
209 2897 312 2954 laudari
333 2897 386 2954 rite
405 2906 451 2954 aut
472 2900 619 2972 uituperari
640 2905 741 2971 potest,
763 2898 787 2953 si
803 2897 835 2952 ab
851 2898 908 2953 eius
923 2904 1019 2955 natura

58 2982 211 3052 recesseris,
234 2981 308 3055 quod
330 2990 376 3037 aut
397 2981 558 3037 laudandum
578 2991 624 3038 aut
647 2981 851 3054 uituperaudum
866 2983 963 3055 putes?
985 2999 1017 3038 an

58 3066 180 3139 eorporis
200 3067 367 3139 prauitates,
394 3067 418 3121 si
441 3074 521 3122 erunt
543 3067 729 3138 perinsigues,
759 3064 896 3121 habebunt
918 3065 1017 3139 aliquid

59 3147 225 3220 offensionis,
247 3150 327 3204 animi
341 3149 498 3213 deformitas
512 3164 568 3204 non
584 3147 701 3216 habebit,
724 3150 801 3204 cuius
823 3149 963 3222 turpitudo
985 3167 1017 3205 er

58 3231 122 3304 ipsis
137 3235 212 3289 uitiis
227 3231 352 3288 facillime
368 3235 469 3307 percipi
484 3233 595 3305 potest?
617 3232 682 3305 quid
698 3234 767 3288 enlm
780 3231 885 3288 ioedius
897 3235 1016 3295 auaritia,

59 3316 121 3388 quid
140 3318 275 3372 inmanius
294 3316 413 3386 libidine,
434 3316 497 3388 quid
518 3317 699 3388 contemptius
721 3315 872 3386 timiditate,
893 3316 957 3389 quid
973 3315 1017 3370 ah·

57 3398 153 3457 iectlns
170 3399 296 3455 tarditate
311 3409 339 3457 et
357 3401 472 3457 stultitia
494 3399 545 3455 dici
568 3400 679 3473 potest?
700 3400 764 3472 quid
787 3400 871 3472 ergoi
892 3414 949 3468 eos,
972 3401 1017 3471 qui

58 3483 174 3558 singulis
190 3485 264 3539 uitiis
280 3485 416 3541 excellunt
431 3491 477 3538 aut
492 3485 570 3538 etiam
586 3482 717 3555 pluribus,
734 3492 847 3556 propter
862 3482 955 3538 damus
971 3491 1018 3537 aut

58 3565 217 3624 detrimenta
229 3575 275 3622 aut
285 3570 421 3625 cruciatus
433 3567 537 3639 aliquos
549 3569 663 3621 miseros
674 3582 735 3622 esse
746 3566 858 3622 dicimus
865 3581 898 3620 an
906 3574 1018 3639 propter

129 3763 150 3821 ¹)
170 3765 211 3828 qui
229 3765 295 3814 illum
310 3764 385 3828 (illum
400 3762 436 3828 B)
454 3763 567 3813 iudicium
586 3763 663 3812 nitate
677 3764 723 3812 nisi
737 3763 795 3812 nitio
810 3763 863 3825 ipso
876 3768 967 3811 mutatu
982 3758 1017 3822 (Α

56 3844 166 3887 notatum
179 3850 250 3886 corr.
264 3843 316 3884 mut
329 3833 364 3899 B)
379 3840 462 3897 putent
471 3832 522 3881 AB
534 3835 573 3896 qni
583 3834 705 3882 neminem
714 3833 786 3882 ullum
798 3833 909 3880 iudicium
919 3830 1018 3879 multare

56 3907 101 3957 nisi
116 3904 179 3957 uitio
193 3906 247 3969 ipso
260 3913 367 3955 notatum
381 3912 464 3968 putent
473 3905 512 3952 ed.
524 3904 554 3951 V.

770 3984 807 4036 3*
