2378 4386
169 536 234 603 372
500 548 559 585 (tm
575 548 678 585 xusrtr.
697 529 745 583 IV.
765 535 806 584 ts.

168 693 297 769 peculiari
318 693 456 749 ’cuiusuis
475 693 558 765 pretii
565 683 575 724 ¹
597 705 687 747 meroe
701 690 804 746 sciente
821 697 898 762 patre
919 688 1065 745 dominous
1086 707 1135 746 ne-

111 808 115 817 ·
169 779 307 852 potietur3
337 777 443 832 namsi
471 774 536 848 quid
559 778 620 831 eius
642 778 688 831 rei
714 776 802 847 grstia
824 789 885 829 cum
908 788 940 829 eo
963 782 1135 832 contractum

101 861 161 913 215.
170 862 265 934 iussit,
280 862 316 917 ita
329 869 440 934 praetor
451 861 494 915 ius
505 859 581 929 dicit,
598 867 628 914 ut
639 857 769 932 quidquid
781 859 808 913 iu
819 858 865 914 tuis
875 856 1008 914 mercibus
1022 852 1027 934 ἱ
1040 852 1053 891 ²
1069 864 1134 930 erit,

109 929 155 969 ι*
170 946 303 1022 quodque
316 946 384 1002 tuos
399 951 548 1016 receptum
564 944 630 1013 erit,
641 944 672 999 id
681 946 758 999 iuter
770 938 782 1016 (
787 935 916 1018 putrem)
923 940 1134 1019 dominum(ue),

169 1036 196 1090 si
214 1032 284 1106 quid
294 1034 321 1087 ei
331 1028 488 1097 debebitur,
505 1036 533 1085 et
549 1035 664 1085 eeteros
674 1028 836 1084 creditores
849 1044 905 1098 pro
920 1034 989 1083 rota
1002 1033 1136 1100 portione

169 1117 378 1179 distribuaturi
394 1121 421 1170 et
435 1116 504 1188 quio
519 1116 578 1185 ipsi
591 1104 701 1191 (patri)
716 1104 895 1190 domiuo(ue)
911 1114 1136 1170 distributionem

169 1204 325 1275 permittit,
340 1201 368 1256 si
380 1201 500 1270 quises
515 1198 708 1254 oreditoribus
722 1205 881 1268 queratur,
902 1202 987 1270 quusi
1003 1201 1096 1256 miuus
1111 1202 1138 1256 ei

170 1285 306 1343 tributum
320 1287 372 1356 sit,
394 1300 481 1355 quom
496 1285 667 1354 oportuerit,
682 1283 760 1339 ioue
776 1285 803 1337 ei
817 1285 960 1338 actionem
974 1285 1132 1341 odcommo·

169 1371 230 1439 dot,
251 1384 327 1443 quoe
347 1368 501 1425 tributorio
517 1369 694 1438 appellatur.
731 1361 777 1423 73.
792 1367 955 1423 Praetereo
970 1369 1135 1424 introducto

170 1460 214 1512 est
235 1458 309 1511 actio
330 1456 366 1510 ete
382 1453 498 1525 peculio
518 1453 610 1525 deque
625 1467 673 1520 eo,
696 1452 775 1523 quod
788 1455 816 1507 iu
832 1468 893 1508 rem
909 1444 1032 1531 (patris)
1047 1454 1134 1508 domi-

170 1530 265 1616 nius)
288 1553 405 1595 uersum
420 1538 491 1608 erit,
512 1543 544 1593 ut
559 1539 691 1608 quamuis
706 1539 768 1592 sine
783 1538 933 1593 uotuotote
948 1531 1070 1609 (patris)
1086 1538 1135 1593 do·

169 1614 301 1699 minius)
316 1624 459 1695 nepotium
472 1627 583 1695 pestum
597 1624 662 1690 erit,
685 1627 779 1676 tomen
795 1624 858 1678 siue
872 1621 983 1695 quietio
998 1637 1059 1679 rem
1074 1625 1136 1677 eius

170 1721 287 1764 uersum
299 1706 403 1778 suerit,
418 1708 449 1762 iet
463 1712 550 1762 totum
560 1711 721 1775 proestare
735 1706 851 1777 debeat,
867 1709 930 1762 siue
945 1709 1015 1778 quid
1029 1724 1086 1763 non
1102 1709 1136 1762 sit

169 1794 201 1847 io
215 1805 275 1847 reor
291 1794 353 1847 sius
367 1805 494 1858 uersum,
509 1791 540 1845 iot
554 1794 675 1846 eotenus
687 1796 845 1861 proestare
860 1789 970 1862 debeat,
993 1798 1136 1863 quotenus

168 1877 314 1948 peculium
336 1877 466 1945 potitur:
494 1868 535 1946 [iu
558 1888 619 1928 rem
643 1881 738 1931 autem
760 1876 866 1932 domiui
886 1890 1003 1931 uersum
1025 1878 1134 1933 intelte-

168 1962 257 2034 pitur,
277 1960 416 2031 quidquid
434 1960 601 2013 necessario
621 1961 651 2014 iu
672 1975 734 2015 rem
755 1963 818 2016 eius
835 1959 1001 2029 inpenderit
1019 1975 1188 2029 seruus,{s=·

170 2046 262 2101 ueluti
275 2046 302 2099 si
314 2049 462 2099 mutuatus
475 2044 630 2112 pecuniam
645 2043 837 2101 oreditoribus
851 2046 914 2098 eius
932 2045 1059 2105 soluerit,
1084 2053 1136 2099 aut

171 2130 306 2200 aedificio
328 2130 442 2183 ruentia
461 2126 590 2198 fulserit,
612 2134 663 2183 out
680 2127 813 2200 sumitioe
830 2126 1006 2198 frumentum
1024 2131 1134 2195 emerit,

171 2214 219 2269 oet
239 2215 324 2267 etiam
340 2210 467 2283 functum
487 2218 538 2266 out
558 2212 713 2284 quamlibet
739 2212 825 2267 utiam
851 2225 912 2265 rem
936 2217 1136 2268 neeessariam

171 2301 319 2351 mercatus
334 2285 415 2374 eritr]
437 2299 535 2368 itaque
554 2299 580 2351 si
595 2311 635 2353 est
649 2297 747 2353 decem
762 2301 865 2365 utputo
881 2298 1038 2367 sestertiis,
1060 2311 1135 2369 quoe

171 2395 276 2437 seruus
296 2386 363 2438 tuus
382 2398 400 2436 a
424 2380 497 2436 Titio
517 2387 616 2437 mutuo
636 2383 766 2452 aceepit,
788 2380 925 2435 creditori
947 2387 994 2435 tuo
1009 2384 1135 2455 quinque

170 2466 304 2522 sestertio
319 2466 449 2537 soluerit,
464 2467 577 2537 reliquo
593 2479 664 2521 uero
685 2467 811 2537 quinque
831 2464 956 2535 quotiost
971 2467 1052 2522 modo
1068 2483 1136 2522 coo·

171 2553 340 2622 sumpserit,
361 2567 417 2621 pro
432 2553 558 2623 quinque
573 2550 685 2621 quidem
705 2549 869 2605 insolidum
888 2549 1026 2605 domitori
1042 2551 1135 2617 debes,

168 2651 224 2706 pro
242 2638 348 2693 ceteris
365 2650 436 2691 uero
452 2637 577 2707 quinque
595 2640 729 2700 eotenus,
752 2640 897 2706 quotenus
912 2637 941 2689 io
952 2636 1070 2704 peculio
1085 2638 1135 2690 sit.-

244 2746 264 2814 ¹)
277 2739 360 2815 (joptip
375 2751 424 2815 (oet
439 2747 463 2813 e)
484 2744 536 2807 W,
550 2749 598 2798 sed
611 2756 638 2797 ut
652 2750 728 2798 etium
743 2749 777 2812 pti
792 2750 896 2798 litterae
908 2750 967 2812 sere
977 2756 1065 2799 certos
1074 2751 1134 2799 siut.

176 2820 278 2871 Vitiosa
291 2835 354 2871 sone
368 2822 516 2883 scripturo,
530 2820 578 2869 sed
591 2820 664 2878 inde,
680 2826 707 2868 ut
717 2826 795 2883 puto,
814 2827 905 2878 ereata,
919 2821 988 2884 quod
1001 2822 1028 2868 irs
1042 2820 1134 2870 orctte·

171 2898 231 2955 tppo
250 2892 320 2955 quod
337 2898 408 2947 erut,
428 2890 474 2939 sui'
494 2898 509 2938 u
528 2897 711 2955 aceeptumest
729 2891 809 2954 quiet
828 2882 1134 2954 notatumq',obeuntet1

171 2962 198 3009 iu
217 2975 240 3009 o.
272 2961 312 3010 De
329 2976 359 3010 re
378 2961 445 3009 idem
466 2959 547 3009 Gaius
564 2962 606 3010 luis
624 2960 710 3011 uerbis
726 2962 804 3019 dicit,
824 2961 894 3025 quod
911 2960 1018 3025 Utp..L.
1033 2974 1054 3011 1.
1075 2964 1098 3022 §-
1113 2973 1132 3011 1.

171 3029 203 3080 D.
217 3030 249 3079 de
262 3030 351 3080 tribut.
366 3037 417 3079 oet.
433 3029 478 3095 (tt,
491 3029 525 3095 4),
539 3034 633 3082 merois
647 3033 858 3096 appeliationem,
875 3034 936 3082 lieet
949 3032 1086 3095 orpustior
1098 3033 1134 3080 sit

170 3098 298 3165 (pertinet
315 3102 382 3150 enim
397 3103 509 3164 proprie
523 3104 616 3152 adres
634 3117 699 3167 quae
713 3107 832 3170 μερικῶς
846 3104 951 3153 minutis
964 3102 1060 3165 pretiis
1074 3117 1133 3151 uert-

169 3170 281 3228 duntur,
299 3170 367 3219 uode
386 3173 463 3221 etiam
481 3174 553 3224 dieto
571 3171 631 3237 est),
651 3174 678 3222 in
696 3174 747 3224 hoe
769 3181 853 3224 tomen
872 3176 973 3225 artiore
995 3172 1031 3222 od
1048 3188 1135 3223 omues

170 3241 247 3291 etiam
261 3241 369 3292 maioris
379 3245 464 3305 pretii
473 3259 516 3293 res
530 3246 703 3301 uetutseruos,
717 3252 800 3308 topos,
816 3247 842 3293 in
853 3245 945 3308 quibus
954 3245 1013 3309 puis
1022 3247 1135 3310 nepotie·

169 3317 223 3368 tur,
234 3312 422 3377 porripendom
437 3330 499 3365 esse.
521 3314 636 3365 Ceterum
646 3315 735 3363 uitium
745 3317 796 3363 ium
806 3317 832 3363 in
847 3315 981 3379 Tieophr'ti
990 3317 1136 3381 exemptori

170 3383 288 3432 extitisse
301 3384 416 3445 uidetur,
435 3386 503 3436 uude
518 3386 583 3435 leaeo
597 3384 675 3434 uerbo
690 3387 716 3433 in
731 3384 845 3434 Institut.
860 3388 952 3436 omisit.
1026 3383 1047 3452 ²)
1066 3386 1137 3448 Quoe

169 3461 320 3518 sequuntur,
335 3472 392 3506 oum
406 3459 434 3506 iu
450 3457 476 3506 0.
483 3472 510 3520 p.
519 3466 649 3519 stupuere
659 3456 725 3504 nileit
735 3457 787 3520 tepi
792 3458 919 3518 potuerit,
931 3456 964 3506 ob
973 3459 1032 3507 edd.
1040 3461 1137 3522 poueis

170 3528 319 3577 necessario
332 3528 432 3577 additis
447 3529 486 3576 oet
494 3528 599 3575 mutatis
612 3540 648 3576 ere
660 3524 724 3575 Iret.
738 3528 856 3589 suppleto
872 3529 974 3578 omniuo
988 3537 1057 3587 suut,
1071 3532 1137 3579 sotis

170 3602 234 3656 tuto,
249 3605 276 3647 ut
291 3600 393 3648 titteroe
408 3597 532 3661 quaedam
546 3612 563 3645 o
578 3595 648 3646 Sido
667 3598 749 3646 leotoe
763 3598 924 3660 confirmant.
949 3598 1045 3648 Verum
1060 3602 1137 3650 etium

171 3666 274 3719 breuius
288 3669 412 3733 quaedam
425 3666 515 3716 tioium
525 3667 685 3730 expressisse
694 3668 775 3731 spatii
784 3670 854 3719 ratio
866 3669 949 3718 docet.
968 3669 1061 3734 Itaque
1071 3686 1137 3736 quoe

172 3740 199 3787 in
214 3740 298 3789 Iustit.
314 3739 405 3788 addito
420 3752 474 3788 esse
488 3738 617 3794 uidentur,
632 3732 664 3806 [J
681 3740 785 3789 inclusi.
812 3739 926 3790 Possunt
935 3747 1018 3790 tumeo
1033 3749 1058 3791 et
1071 3744 1136 3792 iuer

175 3809 237 3858 Goii
249 3824 305 3859 esse
319 3815 343 3857 et
357 3808 465 3859 librarii
478 3810 555 3872 culpo
569 3809 670 3858 omisso.

172 3888 410 3981 “iiiii
424 3927 445 3969 s.
466 3917 488 3965 t.
503 3915 537 3965 ru.
559 3913 598 3978 es.
614 3916 690 3967 Paul.
705 3929 727 3983 s,
741 3930 762 3971 o.

61 4044 91 4088 h
