2378 4386
416 566 452 600 DB
470 565 582 601 LBGlBVfl
600 566 680 601 mnu
696 567 727 601 11.
1010 559 1051 617 41

88 702 208 751 aetatem
223 694 282 766 egit
296 694 323 748 iu
339 691 452 747 litteris:
468 689 517 747 sed
532 693 584 748 hoc
598 694 658 764 ipso
673 693 701 747 in
716 691 788 759 loeo,
799 708 859 748 cum
871 708 937 748 nuos
948 695 1054 749 uiueret

88 788 118 836 et
140 777 253 850 antiquo
275 791 349 831 more
366 792 448 848 parua
468 783 541 830 esset
560 775 633 846 nilla,
654 783 684 831 ut
704 773 750 830 illa
766 775 878 831 Curiana
897 778 925 832 ln
941 775 1053 839 Sabinis,

87 878 133 918 me
149 863 219 917 seito
235 875 295 915 esse
309 866 417 927 uutum3
433 875 484 932 qua
501 874 530 914 re
545 860 615 914 inest
627 860 719 914 neseio
733 859 796 932 quid
810 869 836 914 et
848 859 912 915 lntet
924 862 951 916 in
965 861 1053 916 auimo

89 963 122 1002 ae
136 960 220 1000 sensu
237 959 307 1012 meo,
327 958 381 1014 quo
397 958 439 997 me
454 941 515 1015 plus
529 942 573 998 bic
588 941 665 998 loeus
680 941 795 997 lortasse
812 939 910 1017 (recte)
926 942 1053 1016 delectet,

89 1029 113 1084 si
137 1027 245 1101 quidem
268 1027 349 1081 etiam
370 1023 417 1081 ille
438 1027 654 1097 sapientissimus
676 1027 727 1096 uir,
749 1024 864 1082 ithacum
887 1034 917 1082 ut
937 1027 1053 1099 uideret,

89 1109 315 1168 inmortalitatem
330 1107 457 1165 scribitur
471 1108 635 1182 repudiasse.

154 1192 186 1251 ll.
208 1189 238 1249 4.
261 1191 296 1248 A.
320 1192 377 1265 ligo
400 1208 466 1248 uero
489 1192 536 1247 tibi
559 1193 638 1248 istam
659 1194 757 1248 iustam
779 1209 884 1249 eausam
905 1201 982 1267 puto,
1005 1210 1053 1250 cur

91 1279 147 1334 bue
159 1275 289 1333 libentius
304 1277 396 1331 uenias
411 1284 492 1348 atque
508 1277 580 1332 hunc
594 1276 683 1331 lucum
699 1275 808 1349 diligas:
828 1279 892 1350 quin
904 1279 971 1350 ipse,
987 1293 1052 1333 uere

91 1360 194 1431 dicam,
215 1377 277 1416 sum
298 1359 338 1416 illi
360 1359 440 1414 uillae
460 1361 569 1414 amicior
588 1359 669 1415 modo
691 1360 777 1416 laetus
798 1369 879 1434 utque
899 1360 960 1416 huic
982 1361 1052 1416 omni

92 1444 163 1515 solo,
183 1444 211 1500 ln
227 1459 281 1517 quo
298 1453 326 1499 tu
342 1451 420 1498 ortus
436 1451 464 1498 et
478 1451 636 1514 procreatus
652 1459 695 1510 es;
717 1458 858 1497 monemur
879 1445 949 1498 enim
962 1444 1053 1498 nescio

94 1543 149 1601 quo
164 1535 245 1600 pactu
259 1527 326 1583 locis
342 1527 418 1598 ipsis,
436 1527 463 1581 in
479 1525 577 1599 quibus
592 1542 697 1595 eorum,
714 1541 784 1597 quos
800 1525 935 1596 diligimus
950 1532 996 1580 aut
1011 1525 1054 1580 ad·

93 1611 232 1682 miramur,
246 1609 344 1666 adsunt
360 1610 484 1681 uestigia.
508 1625 550 1664 me
567 1608 674 1680 quidem
689 1610 762 1680 ipsae
777 1607 837 1663 illae
852 1616 960 1663 nostrae
971 1608 1053 1663 Athe·

94 1709 146 1749 nae
171 1709 226 1750 non
254 1702 308 1749 tum
337 1691 464 1764 operibus
491 1690 639 1764 magnificis
667 1692 859 1765 exquisitisque
882 1693 1053 1763 antiquorum

95 1775 199 1831 artibus
218 1776 352 1833 delectant
368 1791 447 1849 quam
461 1776 649 1832 recordatione
665 1791 831 1830 summorum
854 1777 986 1844 uirorum,
1008 1776 1053 1831 ubi

95 1861 210 1933 quisque
221 1859 352 1928 habitare,
366 1857 411 1914 ubi
423 1859 528 1929 sedere,
540 1858 584 1914 ubi
597 1858 736 1931 disputare
750 1860 787 1914 sit
796 1857 905 1929 solitus,
920 1858 1053 1913 studiose·

94 1958 148 2016 que
175 1959 269 2000 eorum
296 1944 375 1998 etiam
400 1942 542 2016 sepulchra
570 1942 754 2016 contemplor:
781 1944 986 2016 quercinum,
1008 1941 1053 1998 ubl

94 2034 274 2097 menuctus,
291 2026 353 2099 plns
370 2026 462 2082 amabo
478 2027 592 2100 posthae
606 2026 704 2082 lucum.

158 2109 200 2167 Μ
212 2109 342 2166 Gaudeo
336 2111 428 2182 igitur,
445 2125 488 2165 me
501 2109 661 2165 incunabula
674 2125 757 2182 paeue
772 2125 829 2164 mea
839 2109 885 2164 trbr
893 2109 1053 2165 ostendisse

157 2189 184 2251 b.
206 2194 241 2250 A.
264 2191 394 2266 Equidem
409 2209 451 2248 me
466 2208 601 2266 cognosse
616 2193 759 2249 admodum
775 2192 889 2265 gaudeo.
925 2192 971 2247 sed
987 2191 1054 2247 illud

96 2285 185 2332 tamen
208 2276 286 2348 quale
305 2285 357 2346 est,
378 2276 451 2350 quod
470 2276 551 2351 poulo
572 2285 633 2332 ante
652 2276 752 2346 dixisti,
772 2277 845 2331 hunc
865 2275 964 2346 locum,
985 2274 1054 2330 idem

96 2376 151 2432 ego
168 2368 194 2414 te
207 2361 308 2432 accipio
320 2359 554 2433 diceredrpinum‚
566 2375 717 2433 germanam
731 2362 841 2433 patriam
851 2359 1055 2415 esseuestreml

95 2441 228 2516 numquid
242 2441 309 2498 duas
324 2441 426 2499 hebetis
445 2444 553 2516 patrias,
572 2458 604 2497 an
621 2451 662 2498 est
674 2459 724 2498 unn
736 2443 781 2499 illa
791 2445 876 2516 putria
888 2442 1054 2499 communis?

95 2528 146 2582 nisl
160 2524 232 2583 lorte
243 2527 358 2600 sapienti
370 2524 408 2582 illi
417 2526 511 2582 Catoni
523 2526 575 2582 luit
585 2526 834 2598 patrianonlloma‚
843 2527 889 2581 sed
899 2526 1054 2582 Tusculum.

158 2609 198 2668 M.
220 2609 279 2683 Ego
301 2625 343 2665 me
366 2609 473 2665 hercule
496 2617 523 2665 et
545 2608 583 2664 illi
606 2616 634 2663 et
656 2608 779 2663 omnibus
795 2608 974 2680 municipibus
990 2608 1054 2662 duas

96 2709 156 2750 esse
170 2709 269 2751 censeo
284 2694 396 2767 patrias,
412 2710 490 2748 unam
505 2691 648 2762 uatu(rue‚
664 2686 789 2763 ulte)ram
809 2692 934 2745 ciuitatis.
965 2690 1055 2746 utillo

95 2776 171 2852 cdo,
191 2793 273 2851 quom
294 2785 368 2832 esset
386 2776 494 2832 Tusculi
515 2783 607 2844 natus,
628 2776 655 2830 in
675 2773 770 2847 populi
790 2771 901 2827 llomani
920 2774 1056 2828 ciuitatem

96 2867 257 2933 susceptus,
279 2852 381 2932 itaque¹
406 2867 469 2914 ortu
485 2859 651 2915 Tusculanus
671 2866 758 2926 esset,
780 2858 890 2913 ciuitate
908 2855 1055 2929 liemarus,

95 2942 189 2999 babuit
210 2943 321 3000 alteram
343 2942 395 2998 loci
416 2945 544 3017 petriam,
567 2944 675 2998 alteram
699 2944 780 3012 iuris,
803 2949 834 2997 ut
856 2943 941 2997 uestri
962 2942 1055 3012 dulci,

95 3029 169 3101 prius
191 3044 270 3101 quam
287 3026 407 3082 Theseus
429 3043 475 3082 eos
498 3025 648 3099 demigrare
668 3042 700 3082 ex
719 3027 792 3099 agris
808 3034 835 3081 et
851 3027 877 3081 in
893 3035 964 3096 estu,
980 3024 1054 3098 quod

96 3111 259 3185 appellatur,
275 3110 362 3167 omnis
377 3126 407 3165 se
422 3109 545 3166 conlerre
558 3111 646 3184 iussit,
662 3119 690 3165 et
700 3111 742 3164 sul
754 3107 869 3183 (oppidi)
882 3119 959 3165 erant
970 3101 1054 3164 idem²

96 3202 124 3251 ct
137 3195 231 3264 Attici,
253 3195 292 3250 sic
312 3209 363 3249 nos
378 3201 406 3248 et
421 3210 477 3249 earn
492 3195 604 3266 patriam
619 3193 751 3261 ducimus,
772 3192 816 3246 ubi
833 3193 899 3261 nati,
916 3187 953 3265 (et
967 3194 1055 3261 illam,

95 3295 114 3333 o
128 3296 187 3352 quo
199 3272 325 3348 excepti)
338 3293 440 3336 sumus.
467 3276 514 3331 sed
531 3292 641 3332 necesse
656 3284 697 3331 est
712 3277 820 3331 caritate
836 3292 893 3331 eem
908 3284 1056 3351 praestare,

95 3356 145 3435 (ι)8
166 3377 220 3437 qua
241 3361 281 3416 rei
303 3359 426 3433 publicae
443 3376 541 3415 nomen
563 3361 703 3415 uniuersae
722 3352 839 3415 ciuitati⁴
858 3368 912 3428 est,
934 3375 983 3432 pro
1004 3376 1056 3432 qua

95 3445 163 3502 mori
184 3453 214 3500 et
234 3445 278 3500 cni
298 3459 349 3499 nos
370 3451 443 3499 totos
464 3442 562 3499 dedere
579 3450 606 3498 et
626 3446 653 3497 in
673 3459 724 3516 qua
745 3451 837 3497 nostra
852 3444 940 3498 omnia
954 3457 1056 3515 ponere

95 3536 124 3585 et
145 3529 224 3602 quasi
247 3543 406 3583 consecrare
420 3525 555 3582 debemus.
586 3525 672 3581 dulcis
692 3535 780 3581 nutem
801 3541 856 3580 non
877 3525 962 3580 multo
978 3540 1057 3581 secus

96 3656 300 3668 *-

168 3729 190 3797 ¹)
204 3740 330 3795 susceptus
345 3740 390 3793 ιιι,
404 3732 446 3792 itu,
461 3745 531 3793 quom
546 3729 597 3779 AB
608 3731 647 3779 ed,
660 3731 690 3779 V.
720 3726 743 3794 ⁴)
757 3737 781 3777 et
794 3728 916 3791 symlranti
930 3726 982 3775 dem
994 3727 1018 3774 A
1033 3734 1056 3774 et

94 3805 222 3856 slmlsrnnt
236 3800 335 3852 idemB
348 3808 372 3849 et
383 3816 419 3851 sur
434 3808 501 3850 erent
517 3801 579 3849 idem
589 3802 628 3849 ed
644 3799 674 3849 V.
706 3795 775 3864 ⁴)eoe
786 3799 901 3861 Madvig.
919 3799 951 3858 φ’.
963 3795 1056 3845 addidi

95 3873 118 3940 ⁴)
132 3874 238 3924 ciuitatis
252 3871 303 3921 AB
315 3872 371 3921 edu.
