2378 4386
181 575 242 640 188
488 591 550 626 narr
568 591 667 627 trasna.
687 571 708 627 1.
726 576 836 626 oo-ot.

179 734 349 790 contraxisse
364 732 500 791 dicuntur.
530 740 558 788 et
572 731 640 789 haee
654 731 721 788 adeo
744 734 780 788 ita
803 740 881 801 sunt,
905 740 936 788 ut
958 733 1081 805 quamuis
1098 748 1148 805 per

180 817 352 889 adoptionem
380 825 521 889 parentum
547 815 730 872 liberorumne
751 817 813 872 ioco
837 815 887 872 sibi
908 832 969 872 esse
996 818 1145 889 coeperint,

180 916 235 956 non
252 904 359 972 possint
373 902 446 956 inter
460 916 490 956 ae
501 902 673 956 matrimonio
688 903 830 975 coniungi,
846 903 873 956 iu
889 910 1005 972 tautum,
1021 909 1051 955 ut
1067 902 1146 957 etiam

180 983 313 1039 dissoluta
329 983 476 1057 adoptione
491 984 561 1041 idem
576 987 644 1040 iuris
661 995 781 1058 maneat3
800 987 890 1058 itaque
906 1002 980 1057 eam,
999 1001 1068 1058 qnae
1084 986 1148 1041 mihi

180 1084 230 1141 per
244 1068 417 1142 adoptionem
431 1067 499 1125 iiiiae
511 1078 557 1124 aut
568 1071 658 1142 neptis
671 1069 733 1126 ioco
747 1086 808 1126 esse
819 1072 950 1142 coeperit,
966 1086 1021 1125 non
1035 1063 1147 1142 potero¹

181 1168 293 1209 uxorem
315 1151 431 1223 dooere,
461 1155 584 1227 quamuis
608 1170 665 1209 eam
693 1147 943 1226 emancipauortm.²
998 1150 1050 1211 60.
1075 1154 1148 1208 inter

181 1252 226 1293 eas
249 1253 359 1310 quoque
381 1254 526 1311 personas,
550 1254 620 1312 quae
643 1255 675 1295 ex
699 1247 855 1293 transuerso
878 1237 964 1309 gradu
981 1240 1147 1309 cognatione

179 1322 347 1396 iunguntur,
376 1331 418 1377 est
447 1322 577 1394 quaedam
600 1322 694 1378 similis
717 1321 889 1388 obseruatio,
912 1319 959 1375 sed
982 1337 1038 1376 non
1061 1330 1145 1376 tanta.

180 1399 224 1464 61.
247 1406 315 1463 Sane
338 1399 463 1484 '(enim)³
484 1409 556 1462 inter
578 1405 687 1462 fratrem
710 1414 738 1461 et
759 1420 882 1460 sororem
907 1403 1058 1477 prohibitae
1080 1413 1146 1459 sunt
1160 1407 1189 1458 [¹

180 1492 300 1565 nuptiae.
325 1491 383 1546 siue
398 1491 493 1547 eodem
516 1499 591 1565 patre
612 1489 758 1562 eademque
774 1496 858 1544 matre
876 1489 931 1543 nati
953 1488 1065 1558 inerint,
1088 1490 1147 1543 siue

180 1574 314 1631 alterutro
329 1592 441 1632 eorum:
465 1576 513 1631 sed
536 1576 558 1630 si
582 1591 634 1648 qua
657 1590 706 1648 per
720 1574 895 1647 adoptionem
910 1588 991 1629 soror
1006 1573 1070 1628 mihi
1086 1589 1147 1628 esse

181 1661 312 1734 eoeperit,
328 1675 408 1733 quam
424 1660 471 1714 diu
487 1659 594 1733 quidem
610 1666 718 1715 constat
732 1658 853 1732 adoptio,
876 1673 941 1712 sane
962 1659 1035 1713 inter
1055 1674 1097 1712 me
1120 1667 1148 1713 et

181 1759 239 1799 earn
255 1745 364 1817 nuptiae
379 1759 433 1799 non
450 1751 566 1816 possunt
581 1745 748 1811 consistere;
767 1759 829 1799 oum
845 1758 912 1798 uero
935 1759 984 1816 por
998 1744 1149 1816 emancipa-

182 1829 284 1884 tionem
299 1828 409 1900 adoptio
426 1827 557 1883 dissoluta
573 1829 618 1896 sit,
642 1837 740 1901 potero
755 1844 813 1884 eam
829 1842 940 1882 uxorem
963 1827 1077 1894 ducere3
1101 1826 1148 1881 sed

182 1914 247 1968 etsi
266 1928 319 1985 ego
342 1914 522 1985 emancipatus
543 1910 631 1980 fuero,
656 1912 722 1967 nihil
745 1911 938 1986 impedimento
961 1912 1014 1966 erit
1037 1913 1148 1984 nuptiis.

182 1994 232 2056 62.
250 1996 350 2051 Fratris
367 1993 446 2051 filiam
463 2011 574 2050 uxorem
590 1995 689 2052 ducere
705 1997 781 2052 iioet:
797 1994 878 2069 idque
893 1996 1010 2068 prImum
1026 1997 1053 2049 in
1071 2011 1147 2050 nsum

183 2082 268 2141 uenit.
280 2096 341 2136 oum
351 2079 431 2134 diuus
442 2078 763 2153 Claudiusdgrippinam‚
775 2080 867 2136 iratris
878 2081 919 2134 sui
933 2076 1026 2149 filiam,
1037 2095 1148 2134 uxorem

183 2163 320 2221 duxisset:
338 2165 440 2219 sororis
456 2180 523 2219 uero
539 2162 619 2220 fiiiam
632 2181 743 2220 uxorem
759 2165 859 2221 ducere
873 2179 928 2218 non
944 2162 1014 2222 iicet.
1042 2162 1149 2218 ethaeo

130 2251 169 2298 li·
182 2250 219 2304 ita
240 2246 435 2322 principalibus
457 2248 699 2304 constitutionibus
722 2247 921 2323 significantur.
939 2240 944 2322 1
960 2247 1027 2303 item
1042 2248 1149 2302 amitam

184 2342 211 2388 et
228 2340 399 2387 materteram
415 2348 526 2387 tuorem
542 2333 641 2388 ducere
656 2349 711 2388 non
734 2333 805 2388 iicet.
841 2327 892 2389 68.
907 2334 970 2387 item
991 2348 1060 2403 eam,
1082 2348 1151 2405 quae

184 2416 249 2471 mihi
265 2414 400 2489 quondam
416 2433 511 2472 socrus
527 2425 573 2472 aut
589 2433 673 2472 nurus
689 2427 735 2473 aut
751 2420 876 2492 priuigna
892 2425 938 2472 aut
953 2432 1071 2472 nouerca
1087 2416 1149 2472 iuit.

184 2500 244 2557 ideo
267 2507 356 2555 autem
379 2499 495 2556 diximus
519 2500 699 2574 ‘quondam',
725 2504 786 2575 quia
809 2504 832 2556 si
850 2502 939 2556 adiuro
961 2510 1151 2556 constannens

183 2587 305 2660 nuptiae,
320 2601 370 2658 per
385 2602 452 2658 quas
468 2586 527 2642 talis
544 2584 667 2641 adfinitas
683 2587 802 2659 quaesita
818 2595 876 2656 est,
899 2585 949 2641 aiia
965 2587 1070 2640 ratione
1086 2584 1149 2640 mihi

184 2680 268 2745 nupta
283 2687 343 2726 esse
359 2687 414 2726 non
430 2680 531 2745 potest,
555 2673 616 2744 quia
639 2687 729 2744 neque
751 2670 843 2727 eadem
866 2669 974 2726 duobus
989 2678 1074 2742 nupta
1090 2685 1151 2725 esse

184 2764 288 2830 potest,
304 2772 392 2829 neque
408 2756 477 2811 idem
494 2757 560 2811 duas
577 2772 676 2810 uxores
693 2754 799 2814 habere.
836 2749 884 2811 64.
900 2753 972 2828 Ergo
989 2756 1012 2809 si
1028 2755 1088 2827 quis
1104 2769 1149 2808 ne·

185 2841 264 2896 iarios
280 2850 361 2913 atque
376 2842 493 2896 incestas
510 2841 617 2912 nuptias
629 2842 803 2909 contraxerit,
819 2855 907 2912 neque
924 2855 1035 2894 uxorem
1052 2836 1150 2893 habere

184 2925 304 2993 uidetur,
314 2940 402 2996 neque
414 2923 530 2978 liberos:
542 2925 633 2995 itaque
646 2924 684 2992 iri,
695 2926 740 2995 qui
754 2941 785 2979 ex
798 2940 830 2980 eo
839 2926 913 2979 coitu
923 2932 1084 2993 naseuntur,
1097 2938 1150 2976 rna·

186 3016 254 3061 trem
266 3007 372 3079 quidem
386 3005 485 3061 habere
496 3005 632 3076 uidentur,
646 3017 751 3079 patrem
759 3024 825 3063 uero
833 3025 887 3063 non
896 3009 1001 3080 utique,
1013 3023 1064 3061 neo
1076 3004 1110 3061 ob
1123 3005 1149 3059 id

184 3091 212 3144 in
228 3098 364 3163 potestate
380 3091 523 3160 siusium,
541 3091 615 3160 ised)
629 3100 701 3158 sunt,
720 3093 812 3164 quates
828 3086 871 3164 ii⁴,
887 3108 956 3165 quos
969 3098 1053 3146 mater
1064 3089 1151 3163 uulgo

185 3175 324 3246 concepit:
348 3189 408 3227 nam
425 3182 452 3229 et
467 3173 494 3228 hi
510 3183 613 3247 patrem
631 3174 729 3230 hahere
745 3193 798 3231 non
815 3176 1024 3250 intelleguntur,
1045 3191 1106 3231 cum
1128 3176 1151 3229 is

260 3339 280 3407 ¹)
290 3350 373 3404 potero
384 3356 436 3390 eam
451 3338 503 3390 1⁷¹².
556 3339 819 3408 ²)emanoipauerimus
835 3341 887 3392 Vii.
931 3341 1005 3410 ³)Ea
1015 3343 1152 3407 lusnsup·

181 3414 261 3476 pieni.
322 3409 344 3476 ⁴)
359 3413 441 3477 quales
456 3420 511 3462 sunt
527 3412 552 3462 C.
568 3414 626 3466 edd.
643 3415 681 3478 Cf.
697 3418 720 3476 5.
736 3428 769 3465 12.
794 3415 947 3479 Lalenupt.
965 3415 1055 3479 (nto).
1085 3413 1154 3463 Inde

184 3484 299 3546 sortasse
313 3486 425 3533 rectius:
441 3485 523 3549 (aurat,
537 3485 584 3533 sed
597 3485 673 3550 tates)
688 3494 751 3546 suni,
770 3487 852 3549 quaies
867 3494 922 3535 sunt
935 3487 960 3535 hi
974 3485 1013 3534 ed.
1029 3485 1079 3534 Kr.
1095 3496 1114 3533 a.

257 3656 300 3729 ξς.
312 3663 353 3711 oo.
370 3664 411 3711 or.
428 3682 460 3702 =
476 3663 499 3722 §-
510 3672 530 3711 ε.
551 3661 615 3711 nne
626 3671 695 3726 nupt.
707 3664 738 3726 (1,
754 3663 797 3725 ιο).
825 3663 862 3726 ns.
878 3662 934 3725 nep.
945 3674 966 3716 ⁵.
977 3673 997 3713 a.
1067 3656 1092 3729 ᾗ.
1108 3662 1151 3712 aa.

187 3731 226 3795 Cf.
242 3734 282 3794 §5-
297 3744 317 3782 u.
333 3744 353 3782 5.
374 3731 395 3780 I.
411 3733 466 3782 eod.
482 3731 537 3794 (up.
552 3744 574 3790 5,
589 3745 608 3784 o.
635 3733 724 3783 Colint.
736 3745 756 3791 t,
771 3745 792 3782 t.
812 3735 835 3794 ἓ.
851 3747 870 3785 5.
895 3733 975 3783 Tacit.
987 3732 1020 3781 A.
1033 3743 1066 3783 12.
1076 3745 1088 3782 a
1098 3748 1150 3795 sep.

185 3814 220 3860 ιε,
232 3815 252 3853 a.
273 3802 342 3852 Suet.
360 3802 449 3851 (fiand.
460 3815 493 3853 ao.
509 3814 542 3853 aa.
557 3815 591 3854 aa.
611 3803 662 3854 iiio
672 3816 706 3860 oo,
722 3816 742 3854 a.
789 3799 814 3872 ᾗ.
826 3807 867 3855 63.
885 3805 923 3866 Cf.
935 3805 974 3865 §i-
990 3818 1009 3855 a.
1025 3815 1045 3854 r.
1061 3803 1150 3852 deod.

190 3873 245 3939 tltp.
265 3887 291 3934 a,
311 3886 331 3926 t.
362 3873 451 3923 Colini.
472 3886 497 3931 o,
517 3885 536 3923 a.
560 3875 584 3935 §-
603 3886 623 3925 t.
702 3871 727 3944 ᾗ.
749 3877 789 3925 64.
817 3874 952 3936 Cf.§.1t.
979 3874 998 3922 I.
1013 3875 1073 3947 5⁰1¹·
1096 3889 1153 3923 eum

184 3944 296 3996 Schrad.
