2378 4386
346 519 451 556 norum
469 518 576 554 aarum
594 519 690 555 emon.
711 502 782 556 XVI.
804 508 894 556 lt-2.
1033 505 1098 569 589

140 665 202 708 rum
215 663 279 708 m
299 648 349 718 alt,
372 654 418 703 aut
440 662 511 702 uxor
531 663 661 704 annorum
675 666 717 705 xx
738 651 839 713 minor:
860 651 926 706 item
945 651 968 707 sl
988 651 1096 723 utrique

75 738 132 789 [ms]
142 734 202 809 lepo
217 732 297 806 eopia
318 729 408 788 linitos
430 744 515 786 anuos
530 732 557 786 in
574 733 745 790 matrimonio
760 735 941 805 excesserint,
958 735 1040 791 idest
1056 736 1099 790 uir

140 834 181 876 ta
194 830 299 888 anuos,
319 830 389 870 uxor
402 829 438 882 123
459 815 521 869 item
538 816 560 870 ei
576 817 683 888 cognati
704 818 775 873 inter
789 834 819 871 se
833 822 949 875 coierint
965 818 1096 893 usquead

139 909 246 959 eentum
275 891 414 974 predum.¹
457 892 497 954 1⁸.
520 890 633 954 ²libera
660 901 731 955 iuter
758 917 805 956 eos
836 905 989 958 testamenti
1017 902 1097 959 tactio

138 993 192 1055 cet,
214 983 239 1041 el
262 983 306 1039 ius
333 979 480 1037 liberorum
503 997 518 1036 a
539 983 660 1055 principe
688 985 898 1055 impetrauerint3
928 985 988 1041 ’out
1010 987 1033 1041 si
1055 988 1099 1042 ule

138 1061 208 1146 ’(rai
219 1067 358 1140 publicae
373 1056 498 1138 cauta)³
513 1064 596 1136 alsit,
618 1075 645 1120 et
660 1065 747 1121 clunes
762 1065 837 1121 alrest
853 1077 879 1121 et
900 1069 970 1123 intra
989 1085 1097 1138 annum,

140 1158 287 1226 postquem
307 1147 401 1205 abesse
422 1143 563 1221 desierit3⁴
584 1158 630 1204 aut
646 1151 668 1204 sl
690 1147 772 1204 filium
795 1148 908 1204 filiamue
929 1167 1097 1209 communem

141 1235 266 1307 habeant,
289 1241 337 1290 cut
358 1231 574 1305 quattuordecim
598 1248 729 1287 annorum
752 1231 836 1287 filium
860 1233 903 1288 uel
927 1233 1007 1306 tiliam
1029 1234 1097 1290 duo·

140 1321 231 1376 decim
250 1317 404 1386 emiserint3
428 1314 472 1371 uel
487 1317 509 1371 ei
525 1316 594 1371 duos
615 1318 723 1379 trimos,
746 1316 788 1371 uei
806 1324 860 1371 tres
882 1326 944 1389 post
960 1319 1098 1373 nominum

141 1401 213 1460 diem
232 1400 387 1471 cmiseriut,
411 1406 441 1453 ut
461 1400 530 1454 intro
550 1415 649 1454 annum
671 1407 758 1453 temen
775 1407 802 1454 et
822 1414 870 1454 sen
890 1415 995 1455 meuses
1017 1402 1098 1456 etiam

142 1500 213 1540 uuus
230 1484 423 1556 cuiuscumque
439 1484 533 1538 aetatis
551 1482 664 1556 inpubes
686 1484 798 1537 amissus
819 1481 898 1537 solidi
919 1482 1039 1556 capiendi
1054 1485 1097 1538 ius

145 1572 275 1639 praestet.
318 1566 382 1621 item
396 1567 419 1620 si
434 1574 626 1638 postmortem
643 1567 692 1621 uiri
708 1568 777 1621 intra
798 1565 890 1621 decem
908 1582 1013 1624 menses
1029 1583 1097 1623 uxor

146 1666 176 1705 er
195 1665 228 1703 co
243 1650 396 1722 pepererit,
413 1649 529 1704 solidum
545 1666 577 1704 en
593 1648 670 1704 ironis
686 1650 743 1704 eius
760 1652 838 1721 capit.

210 1728 239 1787 2.
262 1731 409 1806 Aliquando
433 1733 498 1788 nilril
526 1735 597 1788 inter
619 1749 648 1788 se
671 1735 792 1805 copiunt:
822 1733 849 1788 id
872 1742 929 1802 est,
957 1736 979 1789 si
1002 1744 1097 1791 contra

146 1820 235 1893 legent
249 1814 339 1871 lullum
350 1813 510 1889 Popinmque
522 1816 677 1889 Poppaeam
694 1818 876 1872 contraxerint
888 1817 1096 1889 matrimonium,

149 1902 225 1957 uerlri
252 1898 335 1969 cratia
362 1900 386 1954 si
414 1899 541 1955 limosam
568 1894 731 1971 'inpenurts⁵
760 1916 870 1956 uxorem
900 1900 1022 1973 duxerit,
1051 1912 1097 1958 aut

147 1984 295 2042 lilrertiunn
309 1992 432 2039 senator.

146 2097 357 2109 ,ῥυῇ-,ι-

220 2160 238 2209 ²'r
255 2158 304 2215 triti
322 2157 366 2208 liic
383 2166 525 2222 sequuntur
544 2160 594 2209 diro
614 2175 703 2210 uersus
722 2164 749 2210 in
773 2161 831 2210 l'at.
851 2170 875 2210 et
893 2162 951 2212 edd.
967 2172 1006 2212 eut
1025 2166 1046 2214 si
1062 2166 1098 2214 uir

144 2232 186 2281 nir.
199 2264 212 2279 .,
231 2232 251 2275 :n
262 2229 412 2277 tanecebect
425 2236 447 2276 ct
460 2231 520 2277 intra
534 2244 619 2279 annum
630 2239 753 2295 postquam
764 2233 848 2281 abesse
860 2233 966 2295 desierit,
977 2250 1019 2284 eos
1026 2236 1098 2302 supi·

144 2304 193 2351 tir·
224 2313 278 2348 asse
288 2313 323 2347 eso
332 2313 361 2348 eo
372 2300 428 2348 loco
439 2301 462 2360 ξ.
475 2303 610 2363 sequentis,
628 2303 671 2349 cni
683 2318 726 2351 eos
740 2305 898 2351 restituimus
913 2304 974 2368 (uta
991 2315 1042 2356 not.
1056 2306 1097 2372 4.),

152 2373 162 2417 .’
181 2402 184 2407 -
227 2369 343 2424 ·t'ncurtt,·
354 2371 465 2432 primurn
481 2371 608 2433 incipiens
623 2379 674 2429 nul,
689 2388 737 2435 quo
753 2388 803 2421 non
818 2374 872 2433 tric,
888 2383 915 2422 at
929 2391 979 2438 seq.
995 2379 1025 2438 §o
1044 2381 1098 2426 sirr-

141 2445 207 2505 pulo
220 2437 330 2488 membra
344 2439 547 2504 distinpuuntur,
562 2442 654 2489 deinde
670 2443 737 2504 puori
750 2443 792 2490 laic
807 2458 884 2490 casias
893 2453 931 2491 est
941 2461 991 2492 non
1002 2455 1098 2495 tantum

146 2507 239 2558 ‘aalide'
258 2507 433 2572 capacitatis’,
451 2511 498 2558 sed
516 2511 612 2559 liberae
631 2513 773 2559 testamenti
790 2512 923 2570 factionis.
960 2514 1023 2561 Nom
1043 2531 1097 2562 cam

145 2580 193 2627 illa
207 2579 389 2641 complectatur
403 2595 447 2628 eae
462 2596 567 2640 causas,
584 2581 718 2643 quaesere
733 2586 810 2627 entra
826 2582 978 2629 uoluntatem
995 2585 1098 2643 positae

145 2649 212 2710 tint,
229 2647 279 2698 dac
301 2647 425 2713 Wpianus
444 2657 543 2699 ceteras
565 2650 768 2711 comprehendit,
790 2663 855 2710 quae
877 2666 892 2697 a
914 2652 1043 2699 voluntate
1065 2668 1097 2701 ac

146 2719 237 2767 merita
247 2718 400 2781 pendebant,
416 2727 443 2768 ut
453 2723 486 2768 iis
497 2723 528 2776 ie,
541 2722 585 2783 qni
595 2721 707 2767 ultimum
718 2720 841 2766 iudicium
851 2720 1022 2767 ordinaturus
1032 2730 1098 2775 erat.

147 2787 253 2837 liberant
266 2792 407 2839 testamenti
426 2791 566 2852 factionem
582 2791 784 2838 nancisceretur.
816 2786 928 2846 Quarum
947 2789 1097 2851 differentia

146 2872 285 2908 causarum
299 2861 425 2909 interdum
441 2863 516 2908 etiam
531 2863 557 2908 in
568 2875 597 2908 eo
607 2859 768 2915 cernebatur,
784 2857 851 2922 quod
861 2860 885 2905 in
898 2860 990 2921 priore
1002 2874 1098 2923 ponere

146 2930 273 2993 capientia
288 2931 453 2986 condiciani
464 2938 529 2992 puta
540 2932 646 2979 urinaria
660 2938 725 2976 Xtt'
737 2932 775 2978 ael
789 2935 831 2975 XX
844 2944 977 2988 annorum,
988 2937 1098 2992 tempore

146 2999 247 3050 delatae
261 3000 421 3055 hereditatis,
437 3002 463 3047 in
478 3003 560 3049 altero
575 3001 692 3061 defuncti
706 3002 820 3048 meritum
835 3011 947 3062 ternpore
957 3005 1098 3050 testamenti

146 3070 246 3121 conditi
263 3069 446 3119 aestimabatur
465 3069 510 3135 (cf.
533 3070 668 3119 altomnrran
689 3072 724 3119 ad
741 3070 802 3135 Bpii
825 3073 880 3133 Uip.
896 3086 923 3133 p.
941 3070 996 3137 108).
1026 3071 1098 3136 Erpa

146 3142 173 3189 in
187 3147 278 3191 nostra
292 3142 390 3202 specie,
408 3142 433 3188 si
447 3143 487 3188 vir
501 3149 635 3204 antequam
654 3144 719 3205 reip.
740 3156 819 3190 causa
838 3157 949 3207 perepre
963 3145 1099 3206 profectus

146 3217 203 3260 erat
223 3225 271 3260 nea
295 3211 396 3259 ratione
418 3211 473 3259 eius
488 3214 661 3274 profectionis
682 3219 852 3264 testamentum
872 3215 986 3277 fecerat,
1008 3217 1046 3263 uel
1067 3214 1098 3263 ab

145 3295 229 3330 narare
247 3280 322 3329 lieres
340 3281 472 3329 institutus
490 3289 560 3338 erat,
580 3299 628 3332 non
646 3283 798 3346 projiciebat
817 3287 950 3341 alterutri,
970 3286 1038 3348 quod
1055 3285 1098 3333 ab·

144 3352 243 3400 tentiae
257 3358 369 3412 ternpore
383 3352 510 3400 alteruter
524 3353 666 3403 decederet.
695 3353 775 3404 Serus
790 3356 816 3404 in
832 3358 964 3405 contrario
979 3371 1050 3405 casu.

148 3417 246 3485 ')ltem
265 3422 366 3482 supplet
384 3423 538 3485 peminando
557 3425 710 3472 antecedens
733 3424 855 3490 (desier)it
878 3424 1029 3489 &hiltimar
1053 3441 1098 3490 epo

146 3492 231 3538 malint
241 3491 315 3551 uagis
330 3491 387 3555 (urg,
402 3492 470 3554 pund
484 3491 514 3540 ob
529 3493 589 3540 olim
603 3495 757 3542 autecedens
771 3497 868 3554 gradum
881 3497 962 3557 facile
977 3497 1098 3545 excidere

142 3560 247 3622 patuit).
322 3557 342 3625 ³)
363 3560 440 3609 Itecte
458 3561 522 3609 daec
541 3563 670 3611 excidisse
690 3563 731 3626 (ab
751 3570 836 3613 notam
855 3565 927 3629 ᾗ)
950 3566 1100 3614 iudicarunt

144 3629 168 3677 J.
187 3629 304 3691 Getieasr.
324 3638 348 3678 et
366 3632 426 3686 alii,
446 3633 505 3680 licet
521 3630 552 3678 L.
567 3643 662 3683 tte-tto.
687 3633 718 3680 D.
734 3633 801 3695 qnid.
817 3650 851 3683 ea
866 3651 934 3685 caus.
956 3637 1014 3682 nrai.
1030 3635 1062 3698 (t,
1077 3633 1099 3695 a)

146 3697 199 3749 alio
214 3701 393 3761 spectaverint.
425 3700 463 3763 Cs.
479 3700 602 3752 Heineco.
618 3703 653 3751 nd
667 3702 698 3750 L.
716 3703 780 3765 Pop.
799 3705 962 3768 Popp.e,15.
984 3707 1006 3764 §-
1021 3716 1040 3754 5.

147 3766 168 3833 ⁴)
184 3769 257 3818 Haeo
271 3768 295 3817 Ιι.
307 3771 326 3818 ir
340 3769 370 3819 od
385 3762 599 3834 ὁμοιοτέλευτον
615 3773 785 3835 impetrauerinl
801 3801 834 3809 -
850 3776 955 3829 desierit,
969 3774 1099 3821 excidisse

75 3856 77 3863 ⁸
146 3838 273 3886 uidentur.
304 3839 342 3902 Cf.
362 3846 412 3889 not.
429 3851 453 3889 tt
474 3840 509 3888 ad
528 3852 566 3898 te,
581 3855 600 3892 1.
661 3841 683 3907 ⁵)
697 3844 751 3904 quis
769 3844 916 3908 (postquam
930 3844 953 3890 in
968 3862 1001 3883 ε·
1016 3841 1099 3889 macl·
