2378 4386
162 544 204 601 60
506 552 533 585 u.
553 550 663 586 recurva
681 550 781 585 cronno.

161 679 211 733 hae
225 678 336 732 scientia
351 674 423 731 illam
445 674 560 732 eluditis.
591 672 692 747 placuit
707 673 736 729 P.
753 673 898 730 Scaeuolae
918 682 946 729 et
962 673 1003 729 Ti.
1019 673 1123 730 Corun-

161 762 247 829 canio,
266 757 440 831 pontificibus
462 759 592 828 maximis,
613 759 732 830 itemque
747 759 856 827 ceteris,
877 774 934 828 eos,
951 759 997 829 qui
1013 764 1121 813 tantun·

161 842 221 898 dem
237 849 374 914 caperent,
390 848 521 914 quantum
536 857 629 896 omnes
645 840 775 912 heredes,
797 843 879 896 sacris
894 840 1006 911 alligari.
1036 841 1121 897 habeo

160 928 202 980 lus
222 923 401 999 pontificium.
434 921 483 982 58.
504 924 568 997 quid
589 925 642 980 buc
664 926 777 981 accessit
798 941 830 980 ex
851 927 909 979 iure
930 924 1020 980 ciuilii
1039 926 1122 997 parti·

161 1010 245 1066 tionis
268 1016 350 1081 caput
371 1010 501 1083 scriptum
517 1017 605 1079 caute,
628 1016 659 1063 ut
674 1016 782 1064 centum
796 1009 897 1063 nummi
912 1008 1122 1064 deducerentur:

160 1095 270 1149 inuenta
290 1100 331 1147 est
352 1095 432 1161 ratio,
455 1110 503 1150 cnr
524 1094 638 1166 pecunia
658 1107 797 1148 sacrorum
812 1091 935 1146 molestia
949 1091 1121 1147 liberaretur.

161 1176 227 1250 quid
241 1169 279 1231 si¹
295 1176 356 1245 boc,
381 1178 427 1249 qui
442 1183 631 1232 testamentum
648 1174 770 1246 faciebat,
790 1190 888 1231 cauere
902 1174 1054 1231 noluisset?
1077 1176 1122 1231 ad·

162 1268 254 1315 monet
275 1261 498 1316 iurisconsultus
514 1261 558 1315 bic
572 1259 679 1332 quidem
694 1260 752 1331 ipse
768 1259 885 1328 Mucius,
901 1258 1024 1331 pontifex
1038 1260 1122 1331 idem,

161 1352 191 1400 ut
206 1345 295 1399 minus
310 1338 410 1417 capiat²
427 1360 505 1416 quarn
521 1342 644 1398 omnibus
660 1342 804 1398 heredibus
819 1341 1004 1415 relinquatur,
1025 1344 1122 1415 quibus

161 1445 211 1502 par
225 1425 349 1483 dicebant
365 1430 410 1499 qui
427 1429 542 1500 cepisset
550 1420 573 1498 ,³
588 1426 737 1500 adstringi:
758 1443 853 1482 rursus
868 1426 951 1482 sacris
967 1420 1123 1483 liberatur.⁴

162 1514 215 1568 hoc
229 1528 295 1567 uero
310 1511 379 1567 nihil
395 1511 426 1566 ad
442 1508 610 1584 pontificium
624 1512 682 1581 ius,
702 1505 758 1566 set⁶
774 1527 788 1566 e
804 1510 892 1566 medio
908 1518 950 1565 est
964 1512 1023 1566 iure
1037 1510 1123 1580 ciuili,

162 1604 193 1650 ut
214 1612 263 1668 per
284 1611 329 1650 aes
352 1603 379 1648 et
400 1594 494 1649 libram
517 1594 644 1650 heredem
668 1596 822 1650 testamenti
843 1595 962 1665 soluant,
984 1602 1013 1650 et
1028 1593 1123 1650 eodem

161 1678 222 1734 loco
238 1694 282 1732 res
297 1679 344 1746 sit,
360 1679 437 1750 quasi
453 1694 484 1733 ea
498 1679 611 1751 pecunia
628 1678 717 1752 legata
734 1695 789 1734 non
800 1687 884 1748 esset,
899 1680 924 1734 si
940 1679 973 1750 is,
989 1681 1032 1734 cni
1047 1677 1124 1751 lega-

164 1768 220 1816 tum
237 1771 289 1832 est,
311 1761 457 1835 stipulatus
472 1770 513 1816 est
528 1762 553 1816 id
569 1764 667 1834 ipsum,
687 1763 761 1835 quod
776 1762 897 1835 legatum
912 1772 964 1832 est,
985 1770 1016 1817 ut
1031 1779 1062 1818 ea
1077 1778 1124 1836 pe·

161 1847 239 1902 cunia
259 1861 292 1901 ex
311 1844 486 1917 stipulatione
507 1844 653 1916 debeatur,
674 1847 764 1918 sitque
785 1861 815 1901 ea
836 1862 889 1901 non
908 1845 1017 1915 (mortis
1032 1862 1123 1901 conso

163 1921 278 2001 captoi⁸
294 1945 335 1984 *a
350 1928 459 1984 doctum
474 1928 610 1984 hominem
625 1944 702 1998 sane,
724 1925 773 1984 54.
794 1931 870 1984 cuius
887 1929 937 1984 fuit
952 1930 1048 1984 Accius
1063 1945 1124 2002 per·

163 2012 311 2084 familiaris,
326 2011 373 2067 sed
388 2028 518 2081 mensem,
534 2011 627 2081 credo,
643 2020 793 2067 extremum
809 2013 886 2083 anni,
901 2020 932 2066 ut
948 2019 1055 2068 ueteres
1071 2011 1120 2068 re·

162 2095 309 2165 bruarium,
328 2097 369 2152 sic
380 2096 424 2152 hie
436 2096 607 2152 Decembrem
618 2095 793 2169 sequebatur.
808 2096 896 2152 bostia
910 2104 999 2150 autem
1011 2098 1125 2151 maxima

162 2188 316 2255 parentare,
330 2181 438 2253 pietatis
453 2195 513 2235 ease
528 2178 682 2234 adiunctum
698 2179 818 2252 putabat.

226 2271 302 2328 llllll.
324 2268 370 2328 bb.
392 2272 445 2327 lam
469 2280 542 2328 tanta
564 2271 661 2343 religio
683 2280 727 2327 est
747 2271 967 2345 sepulchrorum,
996 2279 1027 2325 ut
1049 2279 1124 2326 extra

163 2371 237 2411 sacra
259 2363 288 2411 et
309 2363 419 2429 gentem
440 2355 535 2411 inferri
555 2354 596 2411 fas
611 2363 714 2429 negent
728 2372 797 2425 esse,
821 2355 902 2428 idque
924 2355 994 2429 apud
1009 2356 1124 2412 maiores

161 2447 273 2494 nostros
287 2442 319 2498 Α.
332 2439 487 2513 Torquatus
501 2440 528 2496 ln
544 2447 627 2513 gente
637 2438 749 2512 Popillia
759 2439 898 2496 iudicauit.
923 2456 973 2495 nec
987 2455 1053 2495 uero
1070 2447 1123 2493 tam

161 2521 308 2594 denicales,
328 2540 396 2597 quae
417 2540 432 2580 a
454 2540 521 2580 nece
535 2522 683 2597 appellatae
698 2531 773 2596 sunt,
795 2525 858 2597 quia
878 2523 1032 2580 residentur
1052 2538 1123 2578 mor·

164 2608 229 2678 tuis,
244 2623 324 2680 quam
339 2617 492 2666 ceterorum
506 2608 662 2665 caelestium
678 2610 763 2682 quieti
783 2608 841 2664 dies
856 2609 939 2665 feriae
954 2608 1124 2663 nominaren-

161 2699 217 2760 tur,
236 2692 288 2748 nisi
308 2694 422 2749 maiores
443 2710 502 2764 eos,
525 2694 571 2766 qul
590 2708 624 2748 er
639 2692 689 2748 bac
704 2695 759 2748 uita
773 2694 948 2765 migrassent,
968 2694 996 2746 in
1011 2692 1123 2746 deorum

161 2791 274 2832 numero
297 2793 356 2832 esse
378 2777 538 2833 uoluissent.
577 2774 630 2848 (set
655 2768 708 2848 et)²
731 2790 775 2829 eas
795 2776 823 2829 in
845 2790 893 2830 eos
914 2773 971 2828 dies
992 2767 1124 2830 conferri⁸

161 2859 213 2928 ius,
230 2868 260 2914 ut
275 2875 326 2915 nee
340 2863 428 2932 ipsius
443 2853 576 2933 (domos)⁹
592 2873 682 2931 neque
696 2855 819 2929 publicae
835 2856 917 2911 feriae
932 2858 995 2925 sint,
1011 2866 1125 2930 totaque

162 2942 242 2995 huius
266 2943 333 2996 iuris
355 2944 507 3014 conpositio
530 2939 691 3015 pontificalis
713 2954 838 3010 magnam
860 2937 1020 3010 religionem
1041 2941 1125 2994 caeri-

84 3058 86 3063 ·
164 3025 335 3096 moniamque
350 3024 484 3093 declarat;
505 3040 593 3097 neque
608 3038 720 3078 necesse
735 3030 776 3076 est
791 3020 903 3077 edisseri
918 3019 1038 3090 anobis,
1055 3037 1125 3093 quae

163 3104 223 3161 finis
244 3107 367 3161 funestae
388 3107 518 3177 familiae,
540 3105 614 3179 quod
635 3121 723 3178 genus
744 3102 864 3159 sacrificii
885 3104 944 3158 Lari
963 3103 1124 3160 ueruecibus

163 3188 219 3262 fiat,
241 3189 373 3262 quemad
396 3190 504 3246 modurn
527 3206 559 3244 os
580 3198 715 3244 resectum
735 3195 807 3242 terra
823 3195 978 3259 optegatur,
1000 3202 1125 3260 quaeque

162 3276 190 3330 in
205 3289 285 3348 porca
304 3281 441 3328 contracta
459 3273 599 3340 inmeiat,
617 3286 672 3343 quo
689 3278 811 3342 tempore
826 3271 935 3343 incipiat
950 3268 1123 3344 sepulchrum

237 3433 257 3500 ¹)
272 3435 328 3498 quid
343 3435 363 3482 si
378 3435 402 3482 A
416 3435 479 3497 quisi
492 3432 518 3481 B
529 3433 596 3496 qnasi
611 3433 651 3481 ed.
661 3433 693 3482 V.
708 3435 800 3482 omieao
814 3435 841 3482 in
848 3434 901 3496 line
911 3435 1126 3497 interrogationis

162 3508 245 3570 signo.
265 3504 350 3568 quodsi
369 3505 427 3554 edd.
442 3519 477 3552 eea
492 3503 523 3555 R.
537 3502 663 3566 Stephani
677 3505 709 3566 qi.
745 3499 767 3566 ²)
782 3501 904 3553 Fortasse
922 3504 1022 3553 excidit
1036 3505 1074 3552 eui
1088 3513 1126 3554 est

163 3574 295 3640 legalium).
329 3571 349 3639 ⁶)
368 3574 513 3637 relinquatur
526 3588 574 3639 sup
588 3573 698 3622 dicebant
711 3574 823 3636 quicquid
837 3573 903 3638 (quic
916 3573 951 3638 B)
966 3575 1086 3638 coepisset
1100 3576 1125 3624 A

162 3644 188 3694 B
200 3645 352 3709 relinquatur,
372 3659 444 3709 super
458 3645 567 3693 dicebant
582 3644 693 3707 quicquid
706 3644 810 3708 cepisset
825 3645 882 3693 edd.
916 3643 939 3710 ⁴)
957 3645 1086 3694 liberantur
1100 3647 1125 3695 A

163 3714 256 3766 Bedd.
284 3713 304 3780 ⁶)
319 3714 463 3764 ctABed.
484 3715 514 3764 V.
540 3711 621 3780 ⁶)Ad
633 3717 784 3763 sententiam
798 3716 951 3778 explendam
961 3716 1061 3764 addidi.
1082 3717 1127 3765 Ad

163 3802 201 3844 eo,
217 3801 281 3851 quoe
291 3793 352 3850 post
366 3789 484 3837 lacunam
497 3792 648 3851 aequantur,
667 3785 702 3848 cs.
719 3785 853 3835 Plutarch.
869 3803 909 3850 qn.
927 3785 997 3836 Rom.
1013 3798 1040 3836 at
1053 3794 1078 3835 et
1091 3799 1124 3838 19.

165 3854 186 3923 ⁷)
200 3858 309 3907 Addidi.
339 3855 360 3923 ⁸)
376 3858 482 3907 conferre
496 3856 522 3905 B
534 3857 573 3906 ed.
593 3856 624 3906 V.
640 3857 752 3907 couafere
766 3856 798 3904 A.
829 3853 973 3923 ⁰)Adaidt.
