2378 4386
130 596 192 662 842
283 613 341 650 rar.
356 611 460 649 crrvsut
475 611 559 649 rvnec.
575 609 764 647 consenuere.
779 591 830 646 111.
847 598 934 649 2-9.

105 735 107 738 Α
128 743 193 801 disti
209 745 299 814 etiam,
311 742 384 816 quod
406 741 559 797 mandatum
574 757 661 813 neque
676 741 765 813 gestis
781 738 917 814 legaliter
933 742 1018 799 luerit
1032 742 1084 799 alle

130 837 232 902 gutum,
248 842 297 883 nec
317 824 503 880 satisdatorenr
514 823 632 882 dedisset
646 822 691 879 ille
706 825 765 895 ipse
780 834 956 896 procurator
966 825 1000 882 rb
1013 843 1084 883 urere

130 912 226 981 laetus,
252 918 279 965 et
301 910 341 964 sle
361 923 467 964 causam
490 907 613 980 dixisset,
636 907 725 980 'quam
747 903 874 980 agebat.¹
920 905 952 966 2.
975 908 1085 977 Quodsi

131 1009 224 1050 uerum
239 1000 291 1063 est,
309 991 374 1049 illud
390 991 516 1048 iudicium
532 991 583 1048 dici
598 1008 652 1047 neu
667 997 769 1063 petest.
808 990 864 1046 Sed
890 1008 945 1050 uec
961 992 1087 1052 'iudices²

128 1079 186 1133 sine
209 1075 368 1133 uerecundia
391 1085 418 1131 et
441 1074 607 1148 turpitudine
628 1082 723 1144 eruut,
746 1073 794 1147 qui
818 1090 973 1147 personam
996 1080 1025 1134 iu
1040 1081 1086 1151 ipsu

128 1161 183 1217 litis
199 1161 276 1216 iuitle
292 1176 345 1217 nen
361 1160 553 1232 inquisierunt,
568 1159 638 1215 sieut
660 1165 702 1213 est
722 1152 861 1231 'legum‚³
887 1176 943 1217 neu
964 1162 1084 1233 lecerunt,

129 1252 161 1300 ut
175 1243 365 1300 satisdatorem
387 1243 463 1299 daret
485 1252 655 1316 procuratur,
676 1239 749 1314 quod
772 1248 801 1297 et
824 1246 1041 1301 consuetudinis
1053 1253 1084 1300 ert

129 1337 157 1384 et
178 1345 208 1385 re
231 1344 295 1385 uera
317 1326 440 1402 legaliter
455 1325 625 1383 disseruntur.
659 1341 689 1380 ae
709 1333 854 1396 praeterea
876 1329 902 1382 si
928 1328 985 1386 lroe
1000 1329 1083 1386 laetun

129 1429 184 1470 non
199 1421 253 1483 est,
268 1411 367 1468 nullam
382 1426 523 1484 persenam
540 1409 631 1466 habuit
646 1407 777 1481 litigandi.
803 1409 854 1464 sed
874 1411 988 1470 necilli
1004 1422 1084 1486 putre

128 1505 194 1553 runt
214 1497 241 1554 in
261 1511 340 1552 eausa
361 1495 484 1568 prolerre
499 1493 635 1566 iudicium,
650 1491 696 1548 ulti
718 1492 770 1547 luit
784 1490 1017 1565 ’procuratoris⁴
1031 1495 1083 1552 ludi·

130 1578 261 1649 ficatoria,
276 1580 361 1635 inanis
382 1587 409 1633 et
424 1576 498 1634 nulla
519 1594 645 1651 persona.
681 1571 711 1632 3.
735 1574 805 1642 Quid
821 1586 924 1649 potest
941 1597 1004 1639 esse
1020 1584 1084 1637 mise·

129 1664 204 1719 riusi
233 1662 297 1737 quid
313 1662 459 1719 abiectius?
489 1661 553 1734 quid
568 1660 675 1734 legibus
691 1662 731 1717 sie
753 1663 942 1735 eontrarium,
961 1675 991 1722 ut
1007 1667 1085 1738 ingre·

130 1746 219 1801 diatur
241 1745 411 1815 audientiam,
427 1743 584 1800 sedentibus
603 1742 743 1812 iudicibus,
760 1742 818 1814 ille,
835 1747 884 1818 qui
902 1748 1010 1805 nullam
1024 1751 1049 1804 lu
1061 1762 1085 1803 se

129 1829 222 1884 lrabuit
244 1826 412 1898 firmitatem,
440 1836 467 1884 et
490 1828 557 1884 eitra
585 1827 679 1901 legum
705 1824 839 1883 solemnia
864 1843 953 1887 uanas
977 1834 1085 1889 actiones

130 1912 268 1969 intendat?
296 1909 326 1968 4.
349 1913 460 1985 Respice
483 1911 557 1985 leges
584 1910 679 1966 subter
699 1910 833 1967 adiectas:
858 1920 930 1970 tunc
945 1916 1085 1989 intelliges,

130 1997 213 2069 quod,
227 1997 273 2070 qui
283 1996 407 2052 mandato
429 1997 524 2066 utitur,
538 1994 726 2050 satisdatorem
742 1993 807 2049 dare
819 1995 917 2054 debet.
941 1999 994 2055 Sed
1008 2002 1033 2055 in
1045 1997 1085 2054 illo

130 2080 254 2136 mandato
271 2079 322 2136 huc
342 2079 463 2134 futurum
478 2089 530 2147 est,
545 2077 590 2133 ubl
605 2088 652 2134 aut
668 2076 751 2133 uerbo
768 2079 927 2152 mandatur,
945 2091 989 2138 aut
1002 2082 1085 2156 gestis

129 2164 244 2236 epistula
265 2161 381 2218 mandati
403 2177 457 2217 nun
479 2160 580 2233 legitur
601 2160 726 2234 allegata.
755 2156 784 2218 δ.
809 2160 886 2236 Ergo
906 2167 1082 2221 testimenium

129 2246 230 2319 legum,
245 2247 314 2300 sieut
330 2247 380 2301 iarn
395 2243 494 2299 dietum
510 2252 562 2315 est,
579 2246 749 2319 sequentium
761 2242 917 2317 diligenter
927 2238 1081 2305 'attendite‘

131 2328 175 2384 Sic
190 2329 353 2399 agnoscetis,
367 2325 493 2383 iudicium
514 2335 586 2384 stare
601 2344 656 2384 nen
672 2343 763 2401 posse,
781 2326 827 2383 ubi
842 2331 875 2384 ad
893 2332 1031 2405 agendum
1046 2347 1085 2386 so-

129 2411 224 2465 lemnis
240 2425 363 2484 persona,
386 2409 411 2465 id
432 2419 474 2466 est
490 2411 647 2467 selemniter
668 2411 799 2481 ordinata,
816 2412 947 2486 ingressa
963 2433 1019 2471 nun
1036 2415 1086 2471 lue·

129 2493 174 2550 rlt.
203 2487 231 2548 6.
249 2492 284 2548 Ex
299 2492 382 2549 Paulli
398 2496 592 2567 sententiarum
608 2493 653 2551 lib.
670 2488 725 2552 1.:⁶

171 2575 344 2634 Voluntarius
363 2588 534 2652 procurater,
550 2580 596 2651 qul
618 2593 648 2635 se
670 2579 788 2651 negotiis
809 2578 908 2635 alienis
927 2582 1020 2654 ollert,
1037 2599 1087 2638 rem

170 2670 255 2717 ratam
270 2661 407 2718 dominum
423 2661 576 2719 habiturum
590 2677 686 2718 cauere
701 2660 788 2716 debet.

212 2740 239 2802 7.
262 2746 327 2802 item
343 2745 392 2802 alia
407 2745 502 2802 eudem
518 2744 588 2801 libro
604 2752 632 2801 et
646 2736 795 2819 corporez⁷
839 2772 844 2783 ·

170 2830 277 2885 Actoris
292 2839 454 2902 procuratur
476 2844 529 2884 nou
546 2828 633 2884 solum
649 2828 784 2884 absentem
807 2828 971 2904 defendere,
997 2834 1046 2890 sed
1067 2842 1090 2889 et

171 2927 226 2967 rem
242 2922 326 2968 ratam
342 2912 478 2969 dominum
495 2911 648 2968 habiturum
663 2910 792 2967 satisdare
807 2915 931 2986 cogitur.

212 2994 240 3057 8.
265 2996 329 3051 ltern
345 2996 393 3050 alia
409 2995 504 3052 eudem
519 2995 588 3051 lilrro
604 3004 631 3051 et
647 2988 795 3067 corpore:8

170 3079 297 3137 Petitorls
309 3088 468 3153 procuratur
479 3095 535 3135 rem
548 3086 631 3134 ratam
644 3078 780 3134 dominum
799 3077 969 3152 lralriturum,
985 3084 1091 3140 deside·

170 3171 247 3219 rante
268 3163 431 3233 aduersario,
447 3162 578 3219 satisdare
593 3162 731 3236 cogendus
756 3170 813 3229 est3
837 3164 901 3235 quia
918 3181 1003 3222 uerno
1020 3171 1049 3224 in
1064 3184 1091 3223 re

170 3247 254 3303 aliena
270 3246 382 3303 idoneus
398 3255 440 3302 est
455 3247 512 3302 sine
527 3245 710 3303 satisdatione.

212 3328 241 3389 9.
263 3328 329 3385 lteru
345 3330 393 3385 alia
409 3329 502 3385 eudem
518 3328 587 3385 libro
603 3337 630 3385 et
644 3319 790 3402 corpure:⁹

170 3412 198 3469 st
218 3413 282 3467 satis
304 3427 358 3467 non
379 3411 425 3468 det
444 3421 605 3486 procurater
627 3412 756 3482 absentis,
772 3412 841 3468 aetio
858 3413 883 3468 ei
898 3412 1028 3472 absentis
1042 3433 1093 3472 ne·

171 3496 241 3549 mine
256 3510 310 3549 non
326 3495 414 3550 datur.

201 3719 221 3788 ¹)
237 3723 315 3774 Adest
329 3740 353 3774 α.
370 3725 434 3774 Par.
448 3735 482 3775 tte.
557 3719 579 3788 ²)
594 3726 611 3773 ἰ.
626 3741 647 3774 e.
662 3725 779 3788 deputati
798 3723 897 3772 iudices
912 3724 1054 3778 Romanus
1069 3735 1094 3779 et

127 3792 468 3860 Buryundiorridfflraef.
521 3789 664 3857 8Παπαῖ.
684 3795 813 3857 legitimum
825 3793 931 3844 Parti.
982 3795 1007 3895 ⁴2
1026 3800 1093 3849 Par.

126 3876 160 3917 tu.
176 3881 222 3916 om.
240 3866 302 3914 Par.
318 3877 351 3916 tt.
368 3864 450 3930 Puyy.
517 3861 538 3929 ὓ)
555 3864 708 3915 Causidicur
722 3872 745 3913 et
759 3866 815 3913 eiua
833 3865 920 3912 cliens.
1003 3867 1014 3930 )
1031 3869 1054 3917 1,
1070 3881 1093 3921 ³,

127 3936 185 3997 §.s
239 3932 404 4001 Mete
457 3930 624 3997 8)Ι.ε.5.ο.
676 3932 843 4000 ⁹)I.s.§.r.
