2378 4386
384 532 445 569 cerr
462 532 558 572 mem.
577 516 598 569 1.
619 522 728 572 14-19.
975 519 1036 585 175

70 691 164 731 noxam
194 678 317 750 quaestio
340 679 485 734 tormentis
507 676 596 733 habita
624 678 674 746 sit,
705 687 733 733 et
754 680 782 734 ln
805 693 837 733 ea
860 694 929 733 nora
953 678 1037 736 luisse

70 762 185 816 conuicti
200 765 265 834 sint,
282 762 374 835 ’quiue
389 755 446 841 (ut)
463 755 527 818 aut¹
544 762 618 818 ierro
641 769 687 817 aut
703 779 763 819 cum
786 760 881 819 bestiis
896 763 1036 838 depugna·

70 853 140 915 rent,
158 845 247 901 traditi
263 847 328 916 sint,
350 850 413 904 inue
429 848 521 903 ludunt
537 847 723 903 custodiamus
739 848 856 905 coniecti
873 847 986 920 luerint,
1008 856 1037 904 et

69 939 162 1002 postca
173 930 218 985 uel
230 932 262 986 ab
274 933 371 988 eodem
384 932 493 988 domino
506 931 550 987 uel
563 930 655 987 alralio
664 934 831 1003 manumissi,
844 932 1037 989 eiusdemcon·

70 1013 182 1070 dicionis
194 1014 271 1071 liberi
288 1014 369 1089 fiunt,
388 1019 464 1074 cuius
476 1016 644 1072 condicionis
659 1027 723 1072 sunt
738 1011 890 1092 peregrini²
905 1017 1035 1074 dediticii.

132 1099 161 1155 V.
205 1110 239 1159 lie
268 1112 402 1175 peregrinis
431 1111 561 1160 dediticiis.
604 1097 649 1158 14.
674 1101 812 1157 Vocantur
839 1109 928 1158 autem
957 1117 1036 1176 pere·

70 1184 140 1255 grint
159 1183 278 1241 dediticii
304 1187 347 1256 lii,
372 1188 418 1259 qui
440 1186 576 1260 quondam
592 1184 723 1241 aduersus
738 1186 871 1259 populum
886 1187 1035 1244 Romanum

70 1269 148 1322 armis
168 1273 305 1344 susceptis
327 1279 520 1344 pugnauerunt
534 1269 572 1325 ’et
594 1269 691 1324 deinde
712 1263 797 1325 uicti³
817 1286 846 1325 se
862 1269 1034 1328 dediderunt.

68 1347 111 1409 ti.
127 1351 212 1408 liuius
229 1371 297 1427 ergo
315 1355 489 1428 turpitudinis
505 1370 603 1409 seruos
619 1369 791 1427 quocumque
804 1353 885 1408 modo
902 1362 929 1408 et
945 1355 1035 1409 cuius·

68 1453 183 1511 cumque
196 1440 293 1494 aetatis
305 1440 495 1508 manumissos,
511 1439 562 1493 etsi
574 1437 656 1511 pleno
668 1439 727 1492 iure
739 1438 911 1492 dominorum
924 1436 1036 1511 luerint,

67 1537 213 1594 numquam
237 1531 284 1577 aut
307 1524 381 1577 ciues
395 1523 531 1577 Romanos
554 1528 600 1576 aut
623 1520 732 1576 latinos
756 1519 814 1576 iteri
837 1520 968 1592 dicemus,
988 1521 1036 1578 sed

69 1605 225 1662 omnimodo
242 1605 431 1661 dediticiorum
447 1621 559 1660 numero
577 1605 707 1661 constitui
723 1603 923 1678 intellegemus.

10 1697 59 1755 [tos]
131 1685 178 1745 16.
202 1689 230 1744 Si
246 1706 313 1744 uero
331 1690 356 1744 in
372 1689 446 1745 nulla
461 1689 507 1745 tali
524 1689 693 1764 turpitudine
708 1690 744 1744 sit
759 1705 867 1761 seruus,
888 1691 1036 1746 manumis-

67 1792 127 1831 sum
151 1773 234 1829 modo
257 1775 344 1830 ciuem
368 1773 531 1845 Romanum,
559 1775 640 1830 modo
663 1773 788 1830 latinum
816 1772 873 1830 deri
896 1767 1036 1850 dicelmus.
1049 1783 1073 1832 4.

67 1856 110 1918 1⁷.
133 1859 197 1915 liam
214 1861 241 1914 in
258 1859 335 1914 culus
350 1876 467 1934 persona
490 1861 541 1915 tria
564 1859 631 1916 lraec
653 1867 831 1931 concurrunt,
855 1867 885 1915 ut
901 1860 985 1915 maior
1000 1860 1037 1914 sit

67 1961 199 2000 annorum
221 1945 345 2017 triginta,
368 1952 395 2000 et
418 1961 450 1999 cr
473 1946 531 2000 iure
554 1943 697 2012 Quiritium
721 1944 841 2014 domini,
864 1952 891 2000 et
913 1946 984 2000 iusta
1007 1960 1038 2000 ao

67 2027 188 2102 legitima
212 2030 424 2085 manumissione
439 2027 579 2099 liberetur,
596 2029 622 2084 ld
639 2037 680 2085 est
696 2029 815 2086 uindicta
832 2037 879 2084 aut
890 2045 973 2086 censu
989 2036 1037 2085 aut

69 2120 242 2185 testamento,
263 2113 287 2168 is
307 2115 374 2170 ciuis
389 2115 524 2171 Romanus
548 2112 593 2184 iit3
617 2115 658 2170 sin
674 2131 741 2171 uero
756 2113 858 2188 aliquid
875 2129 970 2169 eorum
991 2113 1037 2170 de·

68 2199 138 2268 erit,
153 2197 263 2255 Latinus
279 2201 341 2259 erit.

133 2280 163 2338 V·
197 2292 230 2342 De
264 2292 464 2344 manumissione⁴
496 2295 536 2344 uel
569 2311 655 2346 causae
689 2296 838 2358 probatione.
883 2283 929 2343 18.
959 2280 1035 2351 Quod

68 2372 159 2421 autem
187 2367 220 2422 dc
248 2377 337 2425 aetate
359 2372 432 2425 serni
455 2368 619 2442 requiritur,
648 2371 709 2443 lege
732 2372 806 2427 delia
828 2372 920 2428 Sentia
949 2370 1035 2427 intro·

67 2449 179 2506 ductum
202 2459 252 2510 cst.
289 2470 347 2509 nam
364 2471 394 2509 ea
417 2454 458 2509 lex
477 2455 595 2510 minores
616 2473 679 2513 xxx
707 2471 840 2511 annorum
862 2471 958 2511 seruos
979 2470 1035 2509 non

68 2534 145 2590 aliter
160 2536 248 2592 uoluit
263 2541 443 2594 manumissos
453 2539 526 2594 ciues
538 2536 673 2594 Romanos
689 2536 757 2607 ficri,
774 2556 854 2612 quam
870 2541 893 2593 si
908 2537 1036 2609 uindicta,

68 2619 138 2693 apud
154 2621 296 2678 consilium
318 2624 388 2678 iusta
404 2637 485 2678 causa
502 2623 719 2678 manumissionis
741 2620 906 2694 adprobata,
929 2619 1036 2675 liberati

68 2686 180 2761 inertnl.
223 2703 270 2764 19.
293 2705 366 2762 lusta
386 2715 475 2763 autem
496 2722 576 2763 causa
598 2706 817 2761 manumissionis
839 2713 881 2760 est
903 2703 988 2759 ueluti
1014 2704 1038 2758 si

70 2789 131 2861 quis
156 2787 239 2846 lilium
265 2789 382 2848 filiamue
408 2800 456 2847 aut
482 2792 591 2847 iratrcm
618 2806 778 2847 sororemue
801 2788 976 2860 naturalem‚'
991 2795 1038 2843 aut

144 2953 164 3025 ¹)
178 2960 266 3024 quique
282 2967 322 3008 aut
338 2960 362 3010 0.
377 2962 464 3025 quique
479 2969 504 3010 ut
514 2961 570 3013 edd.
582 2961 655 3027 quiae
670 2968 698 3009 ut
707 2977 742 3010 em
754 2960 860 3012 Goesolt.
870 2962 902 3023 ej.
912 2958 952 3008 ed.
961 2955 1036 3009 Stud.

70 3024 90 3093 ¹)
110 3028 198 3079 Erant
212 3033 278 3079 enim
292 3032 369 3080 etium
388 3033 493 3096 quidum
507 3034 576 3082 ciues
595 3033 723 3091 dediticii,
742 3035 811 3081 uelut
829 3032 889 3082 olim
906 3031 1049 3095 Campani„

71 3095 93 3165 ⁸)
101 3099 148 3151 Sic
158 3100 289 3152 Goescien
300 3110 324 3151 et
339 3098 391 3161 11¹²,
402 3120 552 3169 quamquam
563 3112 586 3153 et
595 3120 687 3154 errore
694 3104 829 3167 perducto.
846 3104 932 3153 deinde
943 3110 969 3151 ut
979 3103 1037 3150 uicti

69 3180 124 3221 sunt
137 3173 170 3221 de
184 3172 289 3223 Lucltm.
304 3175 336 3236 φ’.
350 3175 389 3225 ed.
403 3174 450 3240 Bp.
470 3174 555 3224 deinde
573 3182 655 3224 autern
674 3177 737 3239 (pro
753 3183 777 3224 et
791 3174 889 3240 deinde)
903 3175 944 3224 ed.
958 3172 1006 3238 139.
1018 3183 1037 3223 5.
1076 3202 1082 3216 ·

70 3240 91 3308 ⁴)
106 3242 182 3293 Haec
196 3245 335 3308 inscriptio
347 3246 463 3308 fortasse
472 3246 631 3310 proditorem
641 3248 778 3311 particulo
789 3255 867 3295 sutem
878 3246 913 3308 (ξ.
925 3257 950 3296 ts
961 3241 1037 3308 init),

69 3313 117 3364 doc
136 3317 193 3365 loco
213 3317 240 3363 in
258 3315 282 3365 0.
301 3316 440 3379 excidisse,
460 3333 525 3382 quac
544 3319 576 3367 de
590 3319 789 3369 manumissione
804 3318 930 3375 uindicta,
950 3329 1037 3372 censu,

69 3391 218 3435 testamento
241 3385 322 3435 Gaius
341 3394 368 3436 ut
391 3387 447 3451 Uip.
466 3391 489 3446 1,
510 3392 578 3438 7-9
595 3391 653 3438 eine
672 3389 750 3439 dudio
770 3391 844 3439 circa
864 3388 965 3437 initium
984 3401 1038 3434 rno-

70 3458 152 3505 terioe
171 3459 301 3520 exposuit.
341 3458 379 3522 Os.
397 3461 424 3517 1,
443 3462 498 3510 126.

141 3620 165 3691 §-
181 3626 221 3673 14.
247 3625 284 3687 Cf.
299 3623 918 3689 E.HuscltiteCensusu.Steueruers.p.162seq.
955 3619 1037 3688 §.15¹

73 3693 108 3757 Cf.
128 3697 261 3758 §§.1t.26.
298 3691 432 3763 §.titii
452 3697 496 3746 it.
516 3698 617 3748 Desilit.
638 3708 657 3748 s.
679 3709 711 3748 rs.
750 3692 774 3763 §-
791 3700 831 3746 17.
854 3696 891 3759 Cf.
919 3693 972 3755 up.
984 3703 1004 3747 1.
1018 3702 1037 3740 ⁶·

72 3776 102 3816 ιο.
117 3778 151 3817 12.
167 3778 200 3816 to.
219 3766 250 3814 L.
268 3779 300 3817 11.
318 3767 342 3818 O.
352 3768 384 3816 de
399 3775 449 3818 act.
465 3771 542 3832 empti
557 3767 642 3833 (uls).
680 3764 704 3835 ξ.
722 3768 761 3817 18.
778 3767 815 3830 Cf.
835 3765 888 3828 Uip.
904 3777 925 3820 1,
940 3775 972 3811 12·
995 3760 1037 3808 Fi·

72 3834 171 3889 Desilit,
183 3849 214 3888 1³.
232 3837 282 3887 Cic.
294 3853 346 3900 pro
356 3838 438 3889 Bulbo
447 3851 468 3890 8.
483 3839 510 3889 L.
521 3852 546 3890 to
557 3855 601 3902 pr.
612 3840 645 3887 l).
659 3840 809 3888 demonum.
824 3836 893 3885 vind.
906 3833 951 3894 (tu,
961 3831 990 3889 il.
1005 3828 1036 3876 L·

72 3917 104 3959 it.
115 3908 145 3959 D.
156 3909 188 3958 de
197 3924 306 3961 muttum.
318 3916 374 3959 test.
386 3909 430 3974 (to,
441 3908 472 3974 ι).
497 3911 547 3971 lege
563 3910 626 3958 delia
640 3902 735 3973 Sentis]
750 3918 802 3956 (1.3.
833 3902 856 3971 ξ
869 3905 908 3952 19.
926 3901 963 3960 Cf.
974 3900 995 3958 §-
1006 3907 1039 3945 81-
