2378 4386
10 39 1132 320 u

293 553 411 591 cummi
424 554 573 592 semum
586 539 620 607 (i)
634 558 675 592 un.
689 556 792 592 motuum
807 545 832 593 6.
965 537 1028 602 427

10 685 204 748 mutuationes
239 683 362 741 similitor
382 700 415 741 eo
442 678 599 741 'utuntur:¹
624 683 697 758 quod
712 686 782 742 enim
805 685 904 743 bonum
928 693 956 742 et
977 685 1032 741 ’66-

82 761 184 842 quum²
205 776 247 824 est
268 769 386 824 omnium
409 768 517 824 utilitati
538 771 675 825 conuenit.
713 769 756 824 lus
779 770 858 827 eiuiie
882 785 946 826 uero
968 784 1032 842 pro·

81 854 168 925 prium
184 860 239 922 est,
262 852 369 908 'ciuium
385 845 583 908 Romanorum³
605 862 633 908 et
654 851 686 908 ab
712 855 749 909 eis
772 853 883 924 dictum,
906 855 1030 926 quoniam

80 944 173 991 nostru
196 937 290 992 ciuitas
312 935 355 992 'eo
371 935 479 991 diuerso
496 935 528 991 ab
544 935 602 991 aiils
624 930 753 1009 populis⁴
775 939 871 995 utitur.
907 936 955 992 sed
971 937 1031 1009 qui·

80 1019 139 1075 dam
162 1018 215 1076 hoo
234 1035 294 1076 esse
315 1019 465 1088 uiuorum,
488 1018 561 1092 quoti
582 1018 705 1075 omuibus
721 1018 823 1075 ciuibus
839 1013 1030 1094 peculiaritor⁵

81 1110 126 1158 aut
142 1104 234 1158 maiori
250 1105 317 1176 parti
333 1100 450 1175 expedit.
487 1111 550 1157 sunt
565 1101 661 1168 'etiam
678 1096 744 1174 qui⁶
759 1102 942 1171 tradiderunt,
957 1103 1031 1160 'oon-

80 1188 200 1243 stitutam
216 1178 397 1261 aequitatem²
414 1201 484 1242 esse.
521 1184 628 1257 plurimi
649 1193 739 1240 autem
755 1180 832 1240 eam⁸
847 1184 1029 1242 definitionem

80 1272 217 1326 ueriorem
232 1286 292 1326 esse
307 1268 488 1338 tradiderunt,
504 1283 583 1340 quam
598 1269 676 1323 initio
691 1268 814 1324 diximus.

143 1350 171 1411 2.
194 1352 249 1408 ’ius
271 1352 366 1417 ciuile,
391 1354 413 1407 si
429 1352 537 1425 quidem
557 1351 742 1424 imposititium
759 1344 940 1424 appoiiatur,⁹
955 1350 998 1407 'ex
1007 1343 1033 1384 ¹⁰

79 1435 201 1510 pluribus
217 1435 337 1510 partibus
353 1427 495 1492 οοοεῑιῑ.11

154 1633 173 1701 ¹)
189 1650 260 1686 εισιν
274 1650 429 1700 κεχρεμενα
439 1657 472 1678 =
482 1642 536 1684 suut
551 1650 607 1685 usae
622 1635 653 1685 V.
668 1635 725 1685 edd.
749 1634 802 1685 Sed
815 1636 939 1698 inferiori
950 1635 1030 1686 Grae·

79 1709 155 1758 citati
169 1701 320 1771 κέχρηνται
333 1707 407 1754 etiam
421 1712 460 1755 eet
474 1703 613 1755 ‘utuntur’.
637 1706 681 1756 Ao
694 1721 747 1755 rem
757 1707 791 1769 cf.
803 1706 898 1757 Ieidor.
907 1717 928 1765 6,
938 1721 958 1758 t.
974 1706 1020 1767 §.t
1009 1719 1028 1757 t.

82 1775 231 1843 'totamm
250 1797 283 1818 =
304 1777 390 1825 iustum
410 1775 440 1825 V.
456 1776 561 1826 Locum.
631 1772 798 1842 ι)οιομαιιον
812 1799 846 1819 ==
861 1785 885 1826 et
897 1778 1029 1830 romam-so

79 1863 130 1897 rum
151 1847 181 1896 V.
203 1847 326 1896 Correxit
339 1846 443 1896 Locnm
490 1844 511 1911 ⁴)
525 1862 612 1915 ταυτῃ
622 1863 655 1914 τῃ
669 1847 872 1929 minimam
883 1850 982 1899 ueritate
997 1851 1028 1900 V.

79 1934 105 1967 ιι
121 1918 250 1966 seueritate
265 1917 304 1966 ed
319 1916 423 1965 Lucium.
453 1917 600 1967 Dositienm
615 1920 721 1967 uertisse
737 1897 801 1981 puio
820 1911 908 1988 τούτῳ
928 1910 1028 1990 ἀλλοίῳ

82 1980 180 2038 ἄλλα
196 1982 282 2052 ἔθνη,
301 2002 336 2035 ιο
349 1987 439 2050 quibus
457 2003 513 2037 oum
531 1978 668 2056 ολλλοίῳ”
651 2004 669 2052 η
685 1995 712 2037 ut
724 1989 806 2037 simile
820 1997 885 2038 esset
903 1993 1029 2049 omissum,

79 2059 148 2110 αλλα
163 2053 235 2122 ἔθνη
249 2056 338 2106 attii·
329 2073 355 2106 tn
370 2058 500 2128 αληθεια.
556 2055 577 2123 ⁶)
591 2073 714 2139 απανιες
727 2059 853 2118 πσλιιαις
867 2057 950 2119 minois
963 2077 1028 2126 προ

79 2129 206 2194 λεγουσιν
221 2149 254 2169 =
269 2127 331 2190 quod
346 2142 428 2176 omues
447 2108 539 2177 ciuibus
561 2129 611 2177 suis
629 2129 767 2191 pruedieeut
790 2128 834 2186 V.,
853 2129 897 2178 nbi
918 2131 1029 2195 λεγουσι

80 2207 190 2261 tempore
204 2204 298 2247 mutato
312 2200 503 2261 transpositum,
512 2212 584 2292 ‘otoo-
596 2200 694 2262 soetum
708 2214 800 2249 errore
813 2214 848 2248 en
861 2199 1028 2265 (aedituorum,

81 2266 162 2326 ιδιοις
173 2262 283 2332 ροὲίικκι
293 2284 344 2331 pro
360 2264 521 2333 toto9(-‘
524 2271 551 2317 in
566 2284 665 2334 quaque
679 2267 794 2319 civitote’
811 2272 838 2318 in
853 2269 884 2319 L
900 2283 933 2321 11.
949 2272 981 2321 D.
997 2272 1028 2321 de

82 2338 232 2402 iustit.1,1,)
246 2339 314 2403 quod
328 2339 423 2389 Latine
438 2346 521 2388 utinm
532 2340 616 2402 fuerit
632 2336 832 2404 ‘peculiaritenss
843 2357 876 2389 on
889 2336 1027 2424 ‘propriefi

80 2423 115 2458 on
128 2409 210 2457 simile
224 2408 293 2472 quid,
308 2409 424 2458 dubitari
434 2416 526 2473 potest
541 2408 646 2459 Locum.
657 2413 748 2459 omisit.
800 2407 822 2477 ⁶)
836 2411 898 2459 enim
908 2413 948 2475 qui
959 2420 982 2461 ot
996 2413 1027 2462 V.

79 2479 136 2528 edd
148 2479 248 2542 foetum
261 2494 296 2527 em
311 2480 395 2543 etqui.
466 2475 728 2560 7)υποστασιν(ρνο
744 2481 904 2546 ovoeotmni)
920 2481 1027 2532 δικαιο-

78 2563 216 2615 σανης-
235 2550 364 2612 quontitum
384 2548 547 2615 (quantitatem
566 2548 634 2614 edd.)
655 2551 758 2598 iustitiae
782 2549 812 2597 V.
832 2551 888 2597 edd.
920 2551 958 2612 Cf.
975 2553 1026 2601 Cio

83 2619 143 2684 Top
154 2631 205 2680 6,6.
227 2615 280 2668 ‘ius
294 2621 375 2674 ciuile,
391 2622 507 2700 aequitas
521 2621 658 2669 constituto
674 2620 714 2675 iis,
730 2621 775 2681 qui
788 2619 899 2667 eiusdem
914 2622 1028 2669 ciuitatis

78 2686 157 2740 eunt!
184 2690 258 2738 Deo.
275 2683 438 2753 δικαιοσύνη
454 2691 488 2751 os.
504 2696 554 2738 not.
570 2701 589 2738 6.
603 2703 629 2749 p
644 2698 691 2738 466.
744 2685 765 2750 ⁸)
780 2688 880 2737 πλιονα
895 2689 1027 2740 vovemus

80 2781 113 2802 =
127 2760 227 2822 piurima
241 2759 301 2809 hauc
316 2766 394 2809 uutem
412 2760 444 2808 V
460 2757 547 2808 ubiuis
564 2779 597 2799 =
612 2764 689 2805 autem
703 2758 846 2813 traiectum,
861 2759 921 2820 quio
936 2757 1028 2808 πλείο-

79 2845 127 2887 νες
147 2836 266 2878 mutatum
287 2831 313 2879 in
334 2827 451 2881 πλείονα
472 2830 507 2878 od
529 2821 682 2878 ὑπόστασιν
704 2828 811 2875 relatum
832 2833 901 2883 erut,
922 2827 1027 2877 Looitm.

77 2900 157 2962 fecit:
175 2901 327 2963 quintitatem
346 2901 449 2949 iustitiae
465 2914 517 2947 osso
532 2898 669 2962 plurimum,
689 2897 748 2945 imno
769 2903 846 2944 amem
868 2896 1028 2948 deiinitiouem

80 2970 198 3018 ueriorem
213 2984 266 3019 esse
281 2965 452 3037 [tradiderunt]
467 2984 536 3033 quam
551 2983 610 3031 quae
625 2968 692 3016 initio
703 2967 812 3016 diximus.
863 2963 885 3031 ⁰)
900 2968 924 3017 u
934 2983 956 3017 e.
971 2976 1029 3019 ton·

79 3055 154 3104 quom
168 3041 309 3123 impooitum
324 3048 348 3089 et
362 3043 512 3103 imperatum
527 3038 625 3088 ciuibus
639 3036 706 3102 (ab
696 3052 753 3101 ιρισ
768 3038 1027 3103 civitate,qnodp1e·

78 3125 184 3175 rumque
197 3112 334 3174 proprium
352 3109 468 3174 dieitur).
503 3109 541 3171 Cf.
556 3109 588 3157 J.
604 3120 624 3159 6.
643 3109 666 3168 ἓ.
681 3120 700 3159 6.
727 3107 758 3156 Ι).
777 3107 809 3157 de
827 3122 867 3171 op.
883 3124 941 3159 nou.
957 3127 1026 3161 num.

80 3178 176 3261 (66,1).
207 3178 320 3231 δικαίου
343 3176 488 3231 πολιτικοῦ
507 3177 530 3244 (6
534 3175 559 3238 ic
578 3196 605 3229 τι
623 3169 816 3244 ἕντηθημενον
830 3177 869 3243 S)
889 3195 1027 3265 προσαγο-

78 3243 192 3315 ρεύεται
206 3272 240 3293 =
255 3252 313 3300 iuris
328 3251 406 3300 uiuitis
425 3249 515 3313 (utqui
530 3250 691 3313 apposititium
705 3248 743 3315 8.)
762 3250 893 3313 appellatur
912 3252 942 3301 V.
958 3251 1011 3301 8.
1001 3269 1027 3301 un

78 3320 169 3384 quibus
183 3335 224 3379 etc
238 3328 323 3370 notum
337 3336 372 3369 em
385 3336 423 3376 ει,
443 3320 499 3382 quid
514 3343 546 3363 ε-
561 3336 587 3370 m
601 3320 698 3383 effecit,
719 3328 746 3369 ut
760 3336 823 3370 nom.
839 3322 876 3370 ius
890 3322 961 3371 ciuiie
975 3340 1028 3371 mu-

77 3393 203 3441 taretur'
193 3408 220 3440 tn
232 3393 379 3456 yenitivum.
408 3391 469 3440 turis
483 3392 560 3440 ciuilis
576 3427 671 3439 .....
686 3392 829 3454 appellatur,
848 3392 902 3454 quin
921 3392 1027 3442 Looltm.

81 3457 112 3526 ¹⁰)
127 3478 164 3520 ως
179 3477 211 3512 εκ
226 3462 314 3525 aqui
329 3477 356 3510 ex
375 3461 406 3510 V.
436 3460 556 3511 Fortasse
570 3463 742 3524 reponendum
757 3462 806 3509 iere
822 3476 857 3510 ex.
928 3457 962 3525 ¹¹)
975 3463 1028 3512 Hic

77 3539 166 3595 operte
180 3539 218 3582 eet
232 3534 334 3589 lacuna,
349 3534 424 3580 etiam
439 3533 464 3579 in
475 3531 501 3581 S.
517 3533 641 3582 asterisco
657 3532 780 3580 indicata.
809 3530 878 3591 Quae
886 3540 1028 3595 sequuntur

79 3616 156 3667 usque
170 3603 207 3653 od
216 3603 292 3665 finem
306 3604 338 3664 §.,
353 3603 467 3652 dedimus
481 3617 515 3651 ex
534 3602 564 3650 V.
580 3603 655 3650 simul
671 3600 778 3650 Graecis
792 3616 805 3650 e
819 3601 924 3664 regione
935 3603 1029 3665 positio

65 3678 102 3721 -et
118 3671 286 3738 Scoiiqeroni
306 3674 430 3722 varietate
449 3674 550 3723 adiecto
569 3679 593 3720 et
612 3672 726 3728 lacunis,
748 3685 812 3734 quon
831 3669 858 3718 S.
879 3685 924 3721 nec
945 3679 1027 3720 tomen

78 3741 168 3807 ubique
182 3743 227 3792 ubi
239 3743 380 3806 oportebat,
395 3758 441 3792 nec
455 3755 553 3805 semper
567 3756 613 3791 suo
628 3744 683 3791 loco
698 3743 823 3790 ooterieco
838 3742 944 3797 notauit,
957 3740 1028 3788 simi·

79 3813 138 3862 iiter
152 3814 282 3864 indicatio.
314 3812 420 3863 Omnino
439 3827 473 3862 ex
491 3812 531 3860 itio
549 3813 654 3860 laciniis
672 3818 721 3859 tom
737 3810 868 3871 corruptis
883 3808 949 3857 mint
963 3807 1029 3857 certi

78 3882 147 3946 effici
158 3891 249 3948 potest.
