2378 4386
268 532 327 568 aros.
346 533 379 569 aa
396 532 457 568 aona.
476 530 566 569 saorra
584 531 689 570 coma.
709 514 756 570 vl.
775 520 801 570 4.
945 513 1006 579 667

60 666 137 738 giose
152 670 233 735 atque
248 662 368 734 legitime
382 663 456 720 iuxta
471 661 638 735 disciplinam
653 664 720 719 luris
743 662 843 719 ueteris
866 662 1010 736 copulatis,

59 758 113 803 tam
126 763 218 803 eorum
234 747 379 817 honestati,
400 748 447 820 qui
458 749 612 820 nuptiarum
627 748 844 803 coniunctionem
863 754 1011 815 sectantur,

60 847 137 905 quam
161 833 241 886 etiam
263 831 318 901 his,
348 834 394 903 qul
416 830 543 904 deinceps
571 841 678 887 seruata
703 830 835 905 religione
856 839 1011 902 nascentur,

59 917 168 988 incipiat
190 930 250 971 esse
272 914 441 970 consultum:
465 922 494 969 et
516 915 655 970 bonestate
677 914 801 971 nascendi
817 917 897 973 etiam
920 922 1011 989 poste·

59 1001 124 1055 ritas
151 1001 209 1072 ipsa
236 1007 349 1072 purgata
377 1000 423 1052 slt.
467 991 528 1052 'ld¹
557 999 626 1052 enim
654 999 747 1070 pietati
769 1007 878 1055 nostrae
901 1000 1013 1056 maxime

60 1082 177 1157 placuit,
206 1090 236 1136 ut
258 1089 350 1137 sancta
372 1080 601 1137 necessitudinum
623 1074 749 1135 nourina²
778 1084 917 1153 optineant
942 1081 1013 1155 apud

60 1166 171 1223 allectus
199 1159 285 1220 sarensi¹
310 1162 382 1237 'piae
405 1179 436 1220 ac
457 1154 618 1232 religiosae¹
645 1164 871 1235 consanguinitati
898 1164 1013 1221 debitam

61 1252 207 1307 caritatem.
251 1245 391 1320 ¹(Atenirn)
408 1248 482 1303 naias
498 1262 555 1302 eam
571 1241 677 1301 orearc¹
693 1254 735 1301 est
750 1262 790 1317 ea,
811 1263 880 1320 quae
894 1249 922 1303 in
937 1264 1013 1320 prae·

10 1350 49 1398 tro]
63 1337 172 1391 teritum
189 1350 203 1388 a
218 1330 401 1404 compluribus
416 1338 523 1386 constat
546 1344 605 1383 esse
625 1331 781 1398 commissu,
805 1346 865 1386 cum
880 1330 1014 1402 pecudum

61 1436 90 1476 ac
106 1418 223 1473 lerarum
245 1415 399 1487 promiscuo
422 1415 477 1469 ritu
494 1412 526 1468 ad
542 1411 640 1467 inlicita
663 1411 777 1468 conubia
799 1413 930 1469 instinctu
953 1428 1013 1472 ese·

61 1586 125 1640 rint.
161 1578 191 1638 3.
214 1578 268 1635 Sed
283 1596 459 1655 quaecunque
478 1580 589 1635 antehac
610 1578 654 1635 ucl
677 1575 834 1653 ’impuritia¹¹
856 1579 1014 1655 delinquen·

64 1667 140 1734 tium,
163 1663 208 1720 uel
230 1661 288 1737 'per
303 1658 493 1736 ignorantiam¹
516 1666 593 1736 iuris,
615 1663 766 1721 barbaricae
781 1666 943 1722 inmanitatis
959 1666 1013 1722 ritu

62 1765 95 1805 ea
117 1747 224 1804 inlicitis
244 1749 420 1805 matrimoniis
443 1749 568 1805 uidentur
589 1747 716 1818 admissa,
748 1764 899 1822 quanquam
921 1756 1013 1806 essent

62 1832 233 1889 seuerissime
249 1830 417 1902 uindicanda,
440 1840 528 1889 tamen
544 1831 771 1906 contemplatione
792 1832 950 1889 clementiae
965 1847 1013 1888 no·

62 1925 134 1973 strae
149 1915 182 1971 ad
197 1914 391 1988 indulgentiam
408 1915 533 1972 uolumus
550 1918 699 1990 pertinere3
722 1918 759 1972 ita
780 1926 877 1987 tamen,
902 1926 932 1973 ut
954 1918 1013 1990 qul·

62 2016 170 2075 cunque
183 2000 211 2054 in
225 2007 379 2055 anteactum
396 2007 502 2073 tempus
523 2002 631 2058 inlicitis
646 2001 811 2074 incestisque
825 2016 855 2056 se
878 2002 1014 2058 matrimo-

63 2086 113 2141 niis
129 2083 295 2157 pollueruat,
310 2083 441 2140 hactenus
453 2082 565 2157 adeptos
576 2101 605 2141 se
617 2100 677 2140 esse
689 2094 807 2142 nostram
819 2084 1013 2159 indulgentiam

62 2171 162 2237 sciant,
187 2175 217 2224 ut
233 2176 296 2241 post
312 2176 364 2223 tarn
380 2167 480 2235 uelocia
501 2162 644 2224 'lacinora⁸
667 2170 749 2226 uitam
765 2168 871 2242 quidem
887 2168 937 2225 sibl
952 2184 1014 2243 gra·

64 2251 185 2307 tulentur
212 2266 272 2307 esse
298 2267 466 2308 concessam:
496 2253 581 2308 sciant
610 2261 711 2323 tamen,
739 2269 793 2308 non
822 2252 958 2327 legitimos
983 2269 1014 2309 se

62 2336 214 2408 suscepisse
237 2333 346 2407 liberos,
370 2352 439 2409 quoa
456 2343 508 2391 tam
530 2334 629 2391 nolaria
652 2337 842 2393 coniunctione
860 2338 1014 2409 genuerint.

62 2417 102 2476 lta
124 2420 193 2474 cuim
215 2415 272 2490 fiet,
296 2427 326 2475 ut
348 2418 381 2475 de
403 2418 496 2474 luturo
512 2435 621 2492 quoquc
643 2435 721 2475 nemo
737 2419 834 2475 audeat
855 2414 1014 2477 'ellrcnatis¹

63 2501 253 2576 cupiditatibus
276 2501 394 2573 obedire,
419 2518 478 2560 cum
501 2510 529 2557 et
550 2504 634 2558 sciant
649 2504 685 2557 lta
706 2501 895 2575 praecedentes
918 2503 1015 2559 admis-

63 2602 139 2642 sores
154 2586 306 2643 istiusmodi
321 2587 461 2643 criminum
477 2586 555 2642 uenia
570 2584 708 2655 liberatos,
725 2594 754 2640 ut
770 2584 927 2657 liberorum,
945 2603 1015 2660 quos

63 2670 163 2725 inlicite
178 2672 332 2746 genuerint,
355 2668 499 2726 ’successio
515 2664 702 2742 negaretur‚¹⁰
723 2684 789 2742 qnae
806 2669 879 2724 iuxta
894 2678 1014 2726 uetusta·

65 2763 119 2808 tem
134 2752 258 2809 Romanis
281 2754 388 2828 legibus
407 2747 597 2810 'necabatur.¹¹
611 2782 649 2792 —
661 2751 693 2808 tt
709 2762 876 2826 optassemus
896 2753 1015 2826 quidem,

137 2952 158 3021 ¹)
175 2954 206 3005 B.
221 2956 274 3005 ideo
295 2956 339 3005 Ve.
359 2957 391 3004 iia
411 2956 452 3005 Vt.
468 2957 507 3005 ed.
522 2955 563 3006 Bi.
629 2951 650 3021 ¹)
665 2958 681 3005 i.
696 2971 717 3005 e.
729 2962 860 3019 parentes.
925 2952 946 3023 ¹)
961 2957 978 3006 i.
993 2972 1015 3006 e.

64 3024 174 3082 liberosa
189 3028 240 3075 vid.
258 3027 396 3076 Forceilin.
411 3042 432 3075 s.
447 3042 469 3075 o.
521 3023 542 3091 ⁴)
557 3026 620 3089 piam
635 3042 662 3076 ac
677 3026 813 3089 religiosam
830 3026 891 3076 edd.
906 3027 965 3077 edd.

64 3095 86 3161 ⁶)
100 3098 166 3146 naias
181 3099 244 3145 enim
259 3098 356 3146 credere
373 3097 434 3147 odd.
450 3096 508 3146 edd.
523 3099 608 3159 inepto
622 3112 712 3159 sensa,
731 3098 756 3146 ai
770 3111 864 3146 nexam
877 3094 1015 3148 sententia·

63 3182 120 3215 ram
133 3169 251 3230 respicis.
280 3168 372 3217 lienim
386 3167 417 3218 ol
430 3168 584 3217 antecedens
598 3175 672 3217 -atem
686 3169 805 3218 orniaaarn
819 3167 935 3225 videtum
949 3170 1015 3218 naias

62 3238 240 3300 accipiendam
251 3252 302 3300 pro
317 3230 449 3305 ἀδυνάτῳ
464 3237 510 3303 (es.
525 3237 604 3288 Beier
617 3240 653 3287 ad
664 3239 716 3290 Cic.
731 3239 763 3287 de
777 3238 846 3302 assic.
860 3238 898 3291 II.
909 3254 936 3302 p.
947 3239 1015 3305 aaa.)

62 3321 115 3355 caru
133 3323 170 3356 ec.
191 3309 332 3357 caritatem.
397 3307 418 3374 ¹)
435 3310 576 3371 imperitiam
590 3307 621 3358 B.
641 3310 750 3371 peritiam
769 3309 814 3358 Ve.
834 3309 876 3358 Vi.
896 3310 1014 3374 imperitia

62 3378 120 3425 edd.
149 3377 201 3426 Sed
222 3378 285 3441 qnid
304 3379 384 3427 distat
403 3380 532 3442 imperitia
551 3379 582 3428 ab
603 3380 752 3443 ignorantia
772 3381 857 3429 iuris?
882 3380 920 3442 Cf.
942 3395 1015 3444 supr.

63 3449 102 3495 tit.
117 3457 137 3497 o.
159 3464 180 3496 e.
196 3459 216 3497 a.
235 3449 258 3509 §-
274 3458 294 3497 a.
347 3444 368 3511 ¹)
383 3462 427 3510 pro
442 3449 573 3510 ignorantia
588 3449 754 3513 (ignorantiam
774 3448 827 3514 Vr.)
844 3450 906 3502 cdd.
921 3452 978 3502 edd.

64 3512 85 3580 ⁸)
101 3517 191 3565 scelera
207 3518 245 3566 ed.
261 3517 302 3565 Bi.
317 3532 352 3566 ea
365 3531 464 3566 errore.
537 3515 558 3582 ¹)
575 3519 711 3567 inelrenatis
729 3519 759 3567 B.
789 3519 830 3568 Vi.
850 3521 874 3569 iu
893 3521 1014 3570 ellrenatis

67 3587 112 3636 Ve.
134 3587 256 3636 inirenntis
271 3590 303 3650 ej.
321 3587 408 3637 Gaiae.
424 3587 463 3635 ed.
478 3586 519 3634 Bi.
553 3587 612 3636 Vid.
629 3588 753 3638 Zeitacltr.
772 3589 851 3638 XIII.
867 3605 895 3653 p.
910 3602 944 3641 aa.

66 3653 97 3720 ¹⁰)
112 3659 265 3706 successione
280 3664 389 3706 careatur
403 3654 433 3705 B.
449 3657 488 3706 ed.
503 3655 543 3704 Bl.
563 3659 740 3707 successionem
754 3673 783 3707 ne
798 3666 893 3708 caretur
911 3660 952 3709 Vi.
968 3660 1014 3710 Ve.

61 3727 216 3776 srrccessione
231 3735 327 3777 careant
342 3730 374 3791 ci.
392 3726 478 3777 Ouiae.
494 3727 532 3775 ed.
544 3726 628 3776 Haen.
682 3725 714 3792 ¹¹)
729 3729 859 3789 negabatur
874 3729 936 3778 cdd.
947 3731 1014 3787 edd„

61 3796 130 3859 qarod
143 3799 263 3846 restituto
277 3805 350 3847 recta
363 3798 472 3847 lectione
487 3797 523 3845 ud
536 3803 587 3846 not.
604 3809 637 3847 ιο.
651 3799 728 3847 etiarn
742 3800 824 3847 minae
836 3800 907 3861 ferri
921 3807 1013 3862 potest.

64 3866 103 3927 Cf.
120 3865 244 3915 Zeitaelr.
261 3869 276 3916 l.
292 3884 314 3918 e.
329 3874 354 3916 et
367 3868 400 3916 de
414 3867 574 3916 successionis
590 3881 649 3917 voce
664 3869 728 3932 infr.
744 3879 777 3924 aa,
791 3879 812 3919 a.
827 3870 849 3929 ξ.
865 3880 898 3919 la.
