2378 4386
317 590 353 625 ss
371 588 564 626 assumemus
581 589 618 624 an
636 589 725 626 crocu
743 589 856 626 cmctau.
997 570 1055 636 789

173 713 241 775 262.
266 711 359 775 ¹ltem.
390 719 509 792 Sponsae
529 736 573 776 res
588 719 745 792 simpliciter
759 720 872 776 donatae
887 736 941 777 non
956 722 1059 776 insecu-

111 803 145 857 tis
168 804 268 875 nuptiis
289 819 343 859 nou
363 813 531 876 repetuntur.
565 804 611 860 sed
628 806 679 860 etsi
699 803 843 860 arlhnitatis
864 801 1060 860 contrahendae

110 902 189 942 causa
211 887 371 943 donationes
395 889 478 943 iactae
498 896 563 943 sunt
585 896 613 943 et
634 891 757 944 nuntium
779 905 896 961 sponsus
912 887 990 961 culpa
1011 903 1060 944 stra

110 971 258 1041 remiserit,
280 988 365 1043 aeque
379 987 432 1025 non
448 979 619 1043 repetuntur.
656 973 729 1045 quod
747 973 783 1026 ita
804 972 925 1046 intellegi
941 980 1059 1044 oportet,

110 1055 134 1108 si
156 1053 311 1111 'reuocandi
333 1047 506 1109 donationes²
529 1054 651 1112 condicio
674 1071 727 1110 uon
750 1054 904 1112 ’coniuncto
926 1056 1060 1111 matrimo-

110 1131 169 1194 nio³
184 1137 429 1211 conprehendatur,
445 1153 498 1192 non
513 1135 668 1209 perficiendi
684 1147 849 1194 contractus.

65 1225 99 1271 ³⁵]
173 1216 242 1280 263.
279 1216 369 1277 ⁴ltem.
413 1220 492 1290 Eam,
515 1236 582 1292 quae
604 1217 673 1275 bona
695 1219 743 1277 sua
766 1219 828 1275 filiis
850 1237 898 1293 per
919 1221 1060 1294 epistulam

110 1306 178 1361 citra
192 1304 392 1378 stipulationem
408 1303 530 1373 donauit,
546 1305 569 1357 si
585 1320 672 1375 neque
688 1305 887 1376 possessionem
902 1321 990 1358 rerum
1006 1306 1060 1359 siu·

111 1390 233 1463 gulosum
251 1387 369 1454 tradidit,
387 1402 538 1459 neqneper
554 1388 776 1458 mancipationem
791 1387 960 1459 praediorum
976 1387 1061 1441 domi·

111 1476 184 1528 nium
200 1469 352 1539 transtulit,
375 1486 424 1524 neo
443 1471 610 1541 interpositis
631 1470 843 1544 delegationibus
864 1479 910 1526 aut
929 1469 1061 1526 inchoatis

111 1556 201 1612 litihus
217 1555 336 1609 actiones
352 1555 473 1622 nouauit,
489 1554 553 1609 nihil
570 1556 659 1627 egisse
674 1554 784 1627 placuit.

173 1633 345 1694 attentum.
382 1635 506 1709 lintrem,
532 1654 600 1710 quae
622 1639 680 1692 siue
704 1639 802 1693 tutoris
824 1638 982 1694 auctoritate
1005 1634 1061 1693 illio

98 1723 263 1779 'donationis
278 1737 354 1776 causa
370 1729 526 1793 praesentes
546 1738 642 1779 seruos
657 1723 789 1794 mancipio
805 1721 892 1791 dedit,
915 1721 1061 1794 perfecisse

111 1808 282 1864 donationem
298 1807 431 1877 apparuit.

173 1885 255 1949 264².
278 1881 404 1962 ⁶(Item.)
433 1888 594 1946 Pollicitatio
618 1889 769 1945 donationis
785 1891 856 1945 inter
870 1891 990 1961 priuatos
1006 1889 1061 1944 uim

111 1973 283 2046 obligationis
299 1988 352 2028 non
368 1972 479 2027 inducit.

174 2053 240 2116 266.
262 2056 338 2113 ltem.
374 2049 489 2111 ⁷llurum
505 2063 533 2111 et
555 2065 707 2130 argentum,
730 2056 802 2130 quod
824 2059 851 2112 in
873 2072 903 2112 re
925 2057 1060 2129 praesenti

112 2143 172 2210 luit,
188 2150 265 2216 pater
280 2139 335 2196 lilio
351 2142 393 2195 sui
408 2140 473 2194 iuris
488 2139 614 2211 donauit,
638 2143 750 2213 eiusque
764 2141 965 2213 possessionem
981 2140 1061 2195 tradi·

113 2234 163 2281 tam
187 2241 260 2294 esse,
283 2227 464 2280 instrumento
486 2223 571 2295 palam
594 2224 669 2280 lecit:
692 2242 747 2281 uon
768 2226 867 2280 idcirco
889 2224 1059 2280 donationem

112 2310 219 2364 inritam
241 2308 335 2364 laetam
359 2308 522 2375 existimaui,
546 2307 618 2380 quod
641 2324 720 2363 usum
743 2310 860 2364 omnium
883 2324 974 2365 rerum
992 2306 1064 2382 apud

113 2399 215 2466 patrem
232 2389 302 2446 itlius
318 2391 437 2462 reliquit.

174 2470 242 2531 266.
266 2469 414 2545 ⁸Ulpianus
435 2471 481 2528 lib.
497 2472 516 2528 l.
533 2473 565 2528 ad
581 2474 697 2529 edictum
713 2474 746 2530 de
762 2474 843 2530 rebus
865 2475 985 2531 creditis.
1022 2473 1170 2554 lufflffl·

111 2557 230 2613 dehitum
250 2551 399 2612 ’sotatum⁹
421 2557 582 2628 accipimus,
604 2573 659 2612 non
679 2557 767 2613 solum
783 2560 805 2613 si
821 2559 930 2613 omnino
943 2574 997 2612 non
1019 2557 1170 2637 d⁰·⁰⁶cd.⁵⁸‘

112 2729 201 2764 manus
216 2713 316 2776 aliquid
324 2716 542 2778 superscripsisse
552 2715 661 2772 uidetur,
671 2715 741 2777 quod
749 2716 864 2778 oportuit
877 2729 931 2763 ease
946 2715 981 2772 id,
996 2717 1065 2778 quod

111 2786 270 2848 scripsimus.
299 2791 445 2834 testamento
461 2794 572 2847 parentes
585 2786 625 2833 ed.
641 2784 753 2833 allamma.
769 2785 801 2834 de
815 2791 883 2833 statu
898 2784 980 2833 libero
994 2789 1063 2849 copi·

112 2864 179 2904 tans.
232 2851 251 2918 ¹)
269 2853 306 2916 Cf.
322 2854 354 2902 L.
370 2867 389 2904 1.
405 2857 427 2916 ξ.
443 2866 463 2904 ι.
483 2856 515 2906 1).
530 2857 561 2904 de
575 2856 635 2904 don.
650 2856 694 2919 (ss,
709 2854 741 2918 s).
757 2853 788 2902 L.
804 2867 824 2904 a.
840 2866 872 2904 ιο.
888 2867 921 2904 ιι.
937 2864 970 2905 ιι.
991 2854 1017 2904 C.
1032 2856 1064 2904 de

111 2928 171 2976 tlon.
186 2926 246 2973 ante
260 2940 284 2971 n.
300 2922 335 2987 (a,
350 2923 382 2988 3).
456 2921 477 2989 ¹)
491 2926 626 2974 reuocantis
641 2925 776 2973 donationis
795 2923 826 2972 V.
850 2924 1002 2974 reuocandas
1021 2925 1063 2974 do-

112 2997 213 3044 nationis
228 2995 267 3043 ed.
283 2993 377 3044 Helico.
397 2997 540 3045 reuocandis
560 2995 728 3045 donationibus
747 2995 855 3044 condicio
875 3011 926 3045 non
940 3009 1063 3058 comprae-

112 3066 227 3115 hendatur
241 3080 286 3113 non
302 3065 429 3115 coniuncto
445 3067 595 3115 matrimonio
610 3081 632 3114 a.
648 3081 670 3127 p.
682 3081 703 3114 c.
714 3066 753 3114 sd.
766 3064 877 3115 Momms.
904 3065 960 3114 li'on
971 3065 1062 3128 probo.

112 3134 133 3202 ξι)
149 3136 269 3185 coniuncti
283 3136 416 3184 matrimoni
437 3136 467 3184 V.
519 3135 540 3200 ⁴)
558 3135 612 3196 Qua
627 3151 688 3185 casu
703 3150 783 3199 neque
797 3150 847 3185 non
861 3137 1064 3198 secutisnuptr'is

111 3223 191 3272 nepus
205 3209 301 3255 secutis
311 3208 449 3269 perficitur
463 3208 577 3257 donatia.
608 3208 646 3269 Cf.
662 3206 693 3254 L.
708 3218 741 3255 22.
756 3209 779 3268 9.
794 3217 827 3256 22.
848 3206 879 3254 Il.
895 3206 927 3254 de
941 3206 1000 3255 don.
1017 3208 1062 3255 int.

110 3280 159 3326 nir.
174 3276 261 3341 (24,1).
277 3277 308 3325 L.
323 3288 345 3327 4.
362 3278 387 3325 0.
402 3278 434 3327 de
448 3278 508 3328 don.
523 3284 582 3327 ante
597 3294 621 3326 n.
637 3275 668 3339 (a,
678 3275 710 3340 3).
761 3274 783 3341 ⁵)
799 3276 837 3339 Cf.
848 3278 871 3337 5.
882 3287 929 3327 287.
950 3275 1061 3329 Censuit.

109 3360 130 3404 a,
145 3360 177 3397 to.
201 3347 233 3395 h.
247 3359 274 3397 tu
285 3363 328 3410 pr.
349 3347 380 3396 D.
399 3348 431 3396 de
449 3365 480 3397 nt.
500 3365 522 3398 c.
538 3349 596 3398 don.
612 3346 661 3412 (ts,
675 3348 707 3413 s).
780 3343 802 3411 ⁶)
817 3346 894 3396 Hanc
913 3348 1063 3397 sententiam

110 3419 260 3466 minusculis
274 3420 368 3467 litteris
383 3419 450 3468 inter
465 3433 554 3468 uersus
567 3421 691 3482 scriptam
705 3424 733 3466 ut
746 3416 883 3475 scholium,
899 3418 967 3480 quad
980 3424 1062 3467 tamen

110 3502 161 3536 non
175 3487 257 3543 habet,
273 3503 322 3551 pua
336 3489 478 3549 referatur,
492 3491 574 3552 anapia
588 3490 745 3551 supplevisse
759 3495 894 3537 corrector
908 3495 935 3536 ut
945 3490 1063 3537 omissam

110 3556 218 3605 uidetur.
247 3556 338 3621 Itaque
354 3558 497 3620 Papiniani
511 3574 565 3606 eam
580 3573 634 3607 esse
649 3559 745 3607 censui.
771 3559 809 3620 Cf.
826 3558 900 3606 Paul.
916 3568 937 3613 5,
953 3570 985 3608 12.
1002 3560 1025 3620 6.
1040 3570 1061 3610 9.

110 3626 142 3674 L.
157 3637 177 3677 a.
199 3626 224 3674 0.
240 3627 271 3675 de
286 3635 368 3677 contr.
384 3630 423 3675 ael
438 3643 523 3677 comm.
538 3629 597 3689 stip.
613 3626 644 3689 (3,
659 3626 703 3690 ts).
758 3624 779 3691 1)
795 3627 834 3690 Cf.
849 3630 888 3689 §5-
904 3638 951 3678 314.
966 3638 1012 3678 att.

111 3695 132 3760 Β)
147 3695 253 3745 Initium
266 3704 340 3745 extat
354 3699 448 3759 paucis
467 3699 569 3745 mutatis
589 3699 615 3744 in
630 3694 662 3743 L.
677 3707 711 3746 23.
725 3697 748 3757 ξ.
763 3708 784 3746 3.
811 3696 843 3744 Il.
863 3697 894 3745 de
914 3697 988 3746 cond.
1008 3698 1061 3746 ind.

109 3765 154 3831 (12,
168 3764 199 3829 3).
247 3762 329 3831 ⁹)nmr
344 3768 445 3814 soluturo
465 3766 496 3818 V.
516 3763 586 3832 [non]
601 3765 703 3813 solutum
718 3765 861 3815 edHodw.
885 3764 937 3815 Sed
947 3766 1063 3828 sortasse

113 3834 168 3897 Ulp.
182 3837 327 3898 scripserat
345 3837 476 3885 indebitum
495 3849 541 3885 uon
560 3836 637 3884 solum
656 3843 704 3884 tum
724 3836 866 3898 accipimus,
886 3842 913 3884 ut
931 3837 1063 3898 posterius

108 3918 155 3953 non
170 3905 247 3954 solum
260 3906 394 3954 delendum
407 3908 449 3955 sit.
