2378 4386
315 565 351 601 ns
369 564 559 601 coonrsonssvs
577 563 610 600 sn
626 563 863 600 enocvnsrosssvs.
998 549 1059 615 807

108 695 189 752 dubia
204 695 268 753 iacti
284 688 461 770 quaestione¹
476 694 557 750 diuus
578 692 655 749 'i'itus
670 695 823 750 Antoninus
839 708 936 767 parens
956 699 1061 763 noster,

108 780 264 836 'necessarii
285 772 446 854 ssngniuis²
461 781 595 834 rationem
610 780 667 833 eius
679 779 818 848 consortii,
834 769 923 849 quod³
937 774 1062 832 noscendi

110 873 231 937 tempore
254 861 345 920 liberis
374 870 403 919 et
424 861 579 935 parentibus
601 861 687 930 datur,
711 863 848 935 cogitans,
878 875 933 916 non
960 858 1063 915 admitti

110 947 297 1020 scrupulosam
326 946 528 1018 inquisitionem
548 939 678 1012 stetuit3⁴
693 960 743 1000 nec
761 943 861 1001 idcirco
875 946 960 1018 patris
975 942 1062 1018 indig-

109 1033 220 1087 natione
248 1046 330 1104 posse
352 1029 525 1085 donationem
539 1029 635 1083 iustam
658 1043 783 1100 umquam
805 1027 936 1099 rescindi,
959 1042 1063 1084 summa

108 1131 169 1170 cuns
192 1116 297 1170 ratione
323 1112 433 1187 placuit.
463 1110 514 1167 Pu.
530 1110 560 1170 V,
574 1110 610 1167 id.
626 1109 694 1166 Nou.
711 1110 941 1176 iieisntis,t.'sess.
957 1104 1063 1168 conss.⁶

171 1193 235 1254 ³15.
265 1197 346 1253 iidem
367 1195 458 1270 Ulpiae
478 1187 615 1250 Rufinnei
654 1193 719 1250 Cum
746 1208 777 1249 ex
802 1210 882 1250 csuss
907 1193 1063 1251 donationis

109 1291 225 1354 uterque
247 1279 393 1336 dominium
416 1280 455 1333 rei
480 1277 634 1334 tributariae
649 1276 810 1349 uindicetis,
825 1293 902 1352 eum,
919 1279 962 1334 cui
978 1278 1063 1351 priori

108 1368 248 1439 possessio
265 1363 309 1419 uei
324 1362 376 1419 soii
398 1360 496 1417 tradita
511 1370 563 1432 est,
579 1359 669 1416 haberi
685 1363 821 1434 potiorem
836 1362 973 1417 conuenit.
1002 1359 1060 1417 liet.

108 1447 163 1502 iiii.
179 1446 230 1502 ini.
247 1446 323 1502 iisrt.
341 1443 536 1514 liorocortoro,
557 1441 698 1500 Tiberiano
714 1453 741 1501 ct
757 1444 839 1500 Dione
854 1437 958 1500 conss.²

172 1523 237 1585 316.
265 1528 347 1584 iidem
368 1529 444 1588 'dun
467 1520 661 1585 iionnonoeae.⁸
702 1526 729 1583 st
749 1543 804 1583 non
830 1537 872 1584 est
899 1529 926 1584 in
950 1543 1061 1585 uacuam

109 1613 309 1686 possessionem
333 1628 364 1668 en
387 1629 466 1668 muso
494 1611 649 1667 donationis
670 1611 796 1668 inductus
817 1612 851 1683 is,
872 1619 966 1669 contrs
982 1627 1062 1686 quem

109 1695 259 1769 supplicas,
275 1694 336 1753 'nec
358 1695 411 1752 uiis
433 1697 537 1751 ratione
552 1694 685 1751 tributarii
705 1694 807 1768 praedii
822 1693 947 1752 dominus
962 1697 1063 1753 consti·

109 1787 185 1835 tutus
200 1788 286 1851 ostra,
306 1794 359 1836 nec
374 1773 448 1835 eius⁹
463 1778 668 1836 uindicationem
684 1778 782 1835 habere
796 1788 887 1853 potest
890 1819 994 1836 .....

383 1855 502 1926 [Desunt,
517 1874 581 1924 quae
595 1855 787 1927 sequebantur]

63 2183 100 2231 1⁴]
251 2179 294 2221 DE
317 2175 546 2221 coeulnomnvs
567 2177 609 2218 ΕΤ
631 2175 916 2221 PROOVBATOBIBVB·

171 2276 234 2338 317.
259 2321 307 2337 ...
323 2282 404 2352 apud
422 2288 489 2337 acta
506 2273 686 2337 constituto¹⁰
699 2272 703 2358 Ι
716 2283 886 2354 procuratori
900 2281 967 2339 haec
981 2281 1168 2362 estis-[nopes.

108 2365 181 2420 datio
205 2365 304 2419 remitti
327 2363 407 2420 solet.
441 2380 500 2419 nam
516 2379 576 2419 cunr
598 2363 668 2436 apud
683 2373 740 2420 acts
762 2366 871 2421 nonnisi
886 2381 900 2420 a
914 2360 1168 2442 praesentefflffl,

109 2448 218 2504 domino
241 2448 436 2515 constituatur,
458 2448 606 2521 cognitoris
628 2447 689 2503 ioco
712 2447 910 2521 intellegendus
933 2458 982 2509 est.
1017 2444 1169 2505 idmst)

109 2529 307 2587 defendendum
329 2532 472 2603 cognitore
499 2531 663 2601 constituto,
684 2530 826 2603 dominus,
848 2547 903 2588 non
925 2533 1061 2606 cognitor,

183 2696 202 2764 ¹)
218 2705 323 2747 ceterum
338 2698 389 2746 sine
405 2698 475 2746 dubis
490 2699 544 2747 iacti
555 2698 693 2762 quaestione
709 2699 740 2747 V.
749 2698 808 2747 edd.
828 2697 882 2748 Sed
889 2699 929 2749 sic
938 2700 1061 2749 intolera-

110 2771 171 2820 bilis
185 2771 302 2818 nascitur
312 2769 483 2830 pleonasmus.
505 2765 604 2832 ‘super’
616 2783 668 2831 pro
684 2765 738 2816 ‘de’
754 2768 812 2818 edd.
827 2784 895 2818 neae
910 2781 930 2819 ι.
944 2779 965 2821 2.
980 2783 1015 2819 eso
1028 2771 1061 2832 ai.

110 2839 192 2889 Biam.
208 2842 235 2887 in
249 2837 359 2887 Belaisca.
373 2838 464 2887 Jahrb.
479 2836 530 2886 III.
541 2854 570 2902 p.
585 2848 646 2897 202,
661 2841 735 2887 auius
747 2840 862 2902 reliquus
875 2840 998 2888 lectiones
1012 2841 1063 2889 iam

110 2917 187 2959 antea
201 2924 251 2958 non
266 2906 445 2972 probaveram.
515 2903 536 2973 ¹)
551 2909 694 2957 necessariis
712 2910 818 2970 angustis
837 2908 868 2957 V.
883 2909 940 2958 edd.
968 2907 1021 2959 Sed
1038 2916 1063 2958 et

109 2981 213 3029 dativus
228 2981 330 3042 ineptus
343 2994 390 3027 nec
404 2981 536 3042 quisquam
549 2975 683 3042 ‘angustos
693 2975 863 3029 necessarios‘
875 2978 970 3029 Latine
983 2980 1061 3030 deaii.

110 3051 150 3100 De
168 3051 304 3115 sanquinis
323 3050 511 3098 necessitudine
528 3050 579 3100 oid.
599 3048 631 3097 l..
645 3059 666 3098 2.
692 3048 717 3100 0.
731 3049 764 3098 de
778 3049 864 3113 adopt.
878 3047 914 3114 (2,
928 3048 973 3115 28).
993 3049 1025 3098 L.
1040 3061 1060 3101 t.

113 3121 138 3170 C.
154 3120 185 3168 de
198 3134 268 3183 susp.
282 3126 328 3168 tut.
344 3117 375 3185 (t,
389 3117 439 3183 ts);
458 3119 490 3168 de
502 3120 638 3183 sanguinis
652 3120 754 3169 renone
767 3118 800 3168 Ι..
814 3130 835 3169 2.
859 3119 891 3169 D.
906 3120 973 3170 unde
987 3134 1060 3185 copn.

109 3191 154 3257 (tt,
169 3189 201 3255 8).
216 3189 247 3238 L.
264 3201 296 3241 te.
311 3191 334 3251 ξ.
350 3202 370 3239 1.
395 3189 426 3237 D.
442 3189 473 3239 de
488 3197 566 3239 castr.
577 3205 635 3253 pec.
650 3187 695 3254 (te,
710 3188 746 3254 rt)
760 3196 807 3239 etc.
829 3205 876 3240 nec
895 3190 1061 3240 neccessarias

107 3261 240 3323 angustias,
255 3261 345 3309 ratione
361 3259 400 3309 ed.
416 3259 528 3309 Mamaos.
602 3256 623 3325 ¹)
638 3274 650 3308 n
666 3262 783 3310 inserunt
797 3259 909 3324 Budors.
923 3268 948 3310 et
961 3259 1060 3310 Bueird.

109 3330 131 3396 ⁴)
147 3331 186 3393 Os.
201 3329 232 3382 L.
248 3342 269 3381 s.
289 3329 333 3379 tin.
350 3329 375 3379 0.
391 3330 423 3380 de
437 3331 525 3380 donat.
541 3329 573 3396 (e,
588 3329 633 3395 rs).
649 3331 689 3393 ἕξ,
704 3341 751 3382 sos.
766 3342 812 3382 sos.
828 3341 874 3382 sor.
899 3330 931 3379 L.
946 3341 966 3381 s.
988 3331 1014 3381 0.
1029 3332 1061 3381 de

107 3416 192 3451 reooc.
207 3401 266 3450 don.
281 3398 313 3465 (t,
327 3398 371 3466 at).
424 3397 444 3467 ⁰)
459 3417 483 3450 a.
493 3412 540 3453 294.
596 3397 618 3465 ⁸)
632 3401 750 3450 Lernam
763 3401 816 3460 iiic,
830 3402 887 3450 siin
902 3416 974 3451 sauss
988 3401 1061 3452 done·

108 3471 181 3519 tionis
196 3470 242 3519 duo
256 3471 303 3519 sibi
318 3470 447 3519 dominium
462 3471 497 3519 rei
512 3471 650 3520 tributariae
666 3472 799 3533 uindicent,
813 3472 931 3535 potionem
945 3486 1007 3534 esse,
1023 3474 1061 3523 oui

109 3538 887 3677 tristitudine-..ta-.t.i..iz.2‘2ui.i.ti
905 3539 999 3674 olii
1013 3554 1060 3663 :ti

108 3690 156 3731 sss.
177 3678 208 3727 Iu
222 3695 303 3744 marp.
319 3681 420 3728 lemma:
438 3678 495 3734 iiic,
510 3692 578 3735 eum,
593 3678 631 3727 cui
646 3693 692 3728 non
706 3681 738 3728 sit
752 3681 837 3730 traditu
856 3683 992 3744 possessio,
1011 3695 1061 3730 rem

108 3764 137 3798 ex
152 3749 278 3798 donatione
293 3749 338 3797 sibi
354 3748 474 3796 uindicare
490 3761 536 3795 non
550 3762 629 3810 posse.
689 3746 841 3813 ⁹)Scr1psi5
855 3751 917 3800 nuiis
932 3766 951 3799 r.
967 3758 984 3798 t.
998 3765 1022 3814 p.
1038 3750 1061 3801 d.

108 3835 131 3867 c.
147 3827 272 3868 extraneus
292 3818 323 3868 V.
338 3818 396 3866 edd.

185 3884 218 3954 ¹⁰)
235 3887 305 3947 Quae
319 3894 395 3935 antea
409 3887 565 3950 exciderint,
579 3887 653 3937 docet
670 3888 727 3939 Gai.
740 3901 763 3946 t,
777 3900 811 3940 st.
826 3901 860 3940 st.
