2378 4386
355 546 417 583 osu
437 548 533 588 rusam.
551 530 585 588 II.
606 535 748 589 les—1³4.
972 532 1033 600 251

64 693 155 754 tetrtto
178 690 253 747 ualet
275 692 388 762 quidem
410 698 623 763 testamentum,
653 693 705 748 sed
732 699 834 764 postea
861 695 1036 767 adpaatione

62 780 190 850 postumi
202 779 272 844 satae
288 783 431 849 postumae
446 778 598 850 rumpitur,
621 784 648 833 et
664 780 815 834 adratione
835 785 922 834 totum
944 780 1034 850 inpert-

64 870 164 919 matar.
193 866 292 934 itaque
304 861 326 916 st
343 859 450 931 mulier,
466 877 497 917 ex
508 878 561 935 qua
570 869 721 933 postumus
732 870 784 918 aut
792 864 931 934 pastutma
942 878 1034 936 spera·

63 945 153 1015 batur,
168 944 297 1002 abortum
309 945 426 1017 feeerit,
449 946 521 1002 nihil
536 945 732 1017 impedimento
750 953 794 1003 est
806 951 934 1019 saripttis
948 947 1031 1005 here·

64 1031 148 1089 dihns
175 1033 216 1088 ad
241 1031 432 1087 hereditatem
459 1033 631 1088 adeundam.
687 1028 753 1089 ltu.
782 1031 841 1088 Sed
868 1033 1003 1105 seminini
1027 1040 1033 1094 Ι

64 1115 173 1189 quidem
189 1131 272 1172 sexus
287 1129 420 1189 personae
435 1117 483 1173 uet
497 1120 664 1172 nominatim
687 1119 734 1173 uet
755 1119 838 1180 tatter
858 1125 967 1174 ceteros
982 1133 1034 1174 ex·

64 1200 204 1258 heredari
216 1203 321 1272 soient,
337 1201 404 1256 dum
420 1206 525 1271 tamen,
547 1204 574 1257 si
586 1204 664 1257 inter
678 1207 791 1256 eeteros
806 1203 1033 1273 exheredentnr‚

64 1286 177 1359 aliquid
188 1288 230 1342 eis
243 1287 367 1359 tepetur,
391 1300 428 1341 ne
442 1287 599 1342 uideantur
611 1299 667 1357 per
681 1286 856 1350 ohtittiotnem
871 1287 1034 1360 praeteritae

64 1384 143 1427 esse:
164 1373 321 1427 maseatiru‘
334 1384 405 1426 uero
421 1385 511 1426 sexus
524 1372 681 1426 liberorum
699 1374 846 1440 persotnas
862 1369 963 1442 placuit
978 1384 1034 1424 non

43 1453 143 1511 ,aliter
163 1463 239 1512 recte
260 1455 447 1525 exheredari,
464 1458 521 1512 nisi
534 1457 708 1520 notminatim
724 1454 958 1523 exheredaretur,
979 1454 1035 1510 hoe
1052 1451 1094 1503 87·

63 1542 176 1596 sautem
189 1539 270 1596 mado
283 1554 464 1606 perarmare
480 1555 554 1597 urar
567 1554 671 1597 slatus
684 1552 814 1596 aaurrrs
830 1553 953 1605 resurr,
971 1553 1033 1609 ert.
1047 1519 1064 1558 ¹*
1077 1528 1097 1557 ¹·

63 1637 169 1681 unane
188 1637 279 1682 uero.
314 1654 416 1664 -
436 1640 449 1679 a
471 1641 495 1678 v.
518 1623 536 1678 2
559 1653 599 1663 -
621 1623 679 1678 sere
701 1622 734 1677 sd
757 1623 806 1680 11.
826 1618 1031 1679 med.----¹

62 1703 132 1766 lue.
154 1706 355 1764 Pastumarum
370 1709 433 1766 loeo
450 1715 517 1765 sunt
533 1715 561 1764 et
580 1710 620 1778 hi,
641 1711 734 1781 quiin
750 1712 796 1764 sui
810 1709 925 1765 heredis
938 1711 1033 1766 locum

62 1792 248 1849 succedendo
266 1797 353 1866 pansi
372 1795 577 1868 adpnasaendo
596 1796 672 1865 finnt
692 1791 872 1865 parentibus
893 1795 936 1848 sut
957 1794 1034 1849 here·

62 1877 127 1933 des:
143 1884 175 1932 ut
190 1890 253 1934 eoae
267 1879 291 1933 st
307 1877 390 1934 hlium
407 1887 434 1933 et
449 1893 488 1934 ea
498 1893 531 1935 eo
542 1886 674 1950 nepotem
686 1881 844 1951 netptemae
855 1881 884 1932 in
894 1883 1034 1950 potestate

63 1961 196 2032 habeam,
212 1965 281 2035 qaia
296 1964 375 2034 fitius
388 1964 483 2036 prada
497 1964 658 2034 praecedit,
674 1967 700 2018 is
714 1965 793 2020 sotus
808 1967 874 2019 iura
891 1965 938 2017 sui
949 1961 1033 2019 here·

62 2047 218 2118 aestaset,
234 2050 367 2121 quemme
382 2063 475 2119 nepos
489 2053 609 2121 quotque
625 2046 756 2121 atneptis
772 2064 811 2104 ea
832 2063 865 2103 eo
885 2049 914 2102 in
934 2049 1033 2104 eadem

60 2137 207 2202 potestate
227 2134 301 2194 sint,·
323 2133 376 2188 sed
396 2136 422 2188 si
440 2134 522 2204 fitius
541 2147 621 2188 meus
642 2148 685 2188 me
707 2133 776 2190 uiuo
798 2134 952 2202 moriatur,
973 2131 1034 2188 ’aut

62 2216 192 2290 qualibet
205 2217 320 2272 ratione
335 2223 423 2273 eaeat
438 2218 473 2272 de
485 2224 629 2288 potestate
644 2212 733 2289 mea²‚
753 2221 856 2289 incipit
877 2231 969 2290 nepos
983 2232 1032 2273 ne·

59 2302 160 2372 ptisue
174 2301 203 2356 in
223 2304 286 2358 eius
306 2302 400 2357 laeum
420 2303 607 2371 succedere,
629 2310 657 2357 et
679 2318 712 2357 eo
735 2302 817 2358 motta
840 2304 898 2358 tura
919 2317 1031 2358 suorum

10 2394 49 2448 ue]
64 2383 202 2442 heredum
223 2389 310 2459 quasi
329 2387 510 2459 adpnatiotne
529 2388 733 2445 nanciscuntur.
776 2382 841 2442 1³4.
858 2386 895 2442 Ne
915 2404 983 2461 ergo
999 2403 1032 2442 eo

64 2469 147 2527 ruodo
168 2479 311 2544 rumpatur
331 2471 396 2526 mitri
418 2479 636 2538 testamentum,
662 2475 736 2527 sieut
758 2476 851 2542 ipsam
871 2473 962 2542 filium
986 2472 1033 2526 uel

63 2555 199 2611 heredem
225 2555 372 2610 instituere
401 2555 444 2612 uel
468 2560 472 2621 Ι
496 2554 660 2611 exheredare
690 2554 791 2625 debeo,
825 2570 859 2608 ne
887 2572 943 2610 noa
969 2558 1033 2609 iure

61 2639 174 2711 faciam
195 2646 410 2710 testamentum,
433 2644 473 2697 ita
495 2649 522 2695 et
544 2644 682 2711 netpotem
708 2648 853 2710 neptemue
873 2653 905 2693 ex
927 2653 960 2692 eo
987 2652 1033 2691 ne·

64 2739 141 2779 cesse
161 2732 204 2779 est
224 2724 289 2779 mthi
309 2717 369 2779 aet³
389 2726 523 2781 heredem
544 2726 694 2778 instituere
717 2725 764 2778 aet
779 2721 981 2788 exheredare,
998 2735 1033 2776 ne

63 2806 160 2878 sorte,
174 2824 218 2864 me
232 2812 300 2886 uiuo
314 2811 374 2880 fitia
384 2817 507 2879 mortuo,
523 2808 702 2865 succedendo
717 2811 745 2863 in
761 2809 854 2864 laeum
870 2809 932 2861 eius
945 2819 1034 2875 nepos

142 2934 161 3002 ¹)
175 2938 207 2989 ln
220 2941 261 2991 his
275 2942 392 2991 uersibus
407 2959 472 3007 puae
485 2944 586 3005 scripta
600 2949 684 3000 erant,
699 2940 873 2991 lastinianum
888 2948 913 2989 et
927 2941 953 2988 iu
969 2938 1032 2989 Inst.

64 3019 90 3062 et
104 3005 132 3061 ih
147 3010 208 3077 etp.
223 3014 352 3071 omisisse,
371 3029 406 3062 em
425 3011 472 3062 W
484 3020 608 3077 apparet,
623 3013 667 3062 nbi
677 3021 786 3077 praeter
799 3014 918 3078 stapulas
933 3014 1034 3062 litteras

65 3091 164 3133 tantum
178 3099 201 3132 u.
216 3093 237 3134 t.
258 3092 313 3147 pote
328 3100 357 3145 a,
376 3100 398 3136 a.
413 3097 434 3136 e.
450 3093 504 3147 spat
523 3087 598 3134 initio
618 3087 670 3150 tepi
687 3087 779 3148 potuit.
818 3084 981 3135 Pertimuisse
1002 3099 1032 3133 ea

65 3154 189 3204 uidentur
201 3154 238 3204 ad
251 3163 353 3205 ceteras
363 3164 538 3218 postumarum
550 3164 658 3218 praeter
669 3158 752 3219 tilium
762 3158 894 3222 filiamque
905 3170 1034 3219 perseam

67 3228 93 3275 ia
104 3226 267 3276 institutione
277 3229 316 3275 uel
325 3227 528 3276 exheredatiane
538 3236 607 3277 recte
617 3229 840 3277 dentonstraudas.
878 3223 901 3285 't
907 3226 1034 3290 Suspicor

64 3297 130 3347 haee
149 3298 176 3346 t'n
199 3296 238 3353 (h,
259 3299 321 3347 uitio
339 3306 423 3346 tamen
438 3297 558 3355 librarii,
577 3300 739 3362 adussisse,
759 3314 816 3348 eum
830 3301 947 3362 alioquin
963 3300 988 3346 in
1004 3312 1033 3346 eo

64 3370 166 3432 scripta
175 3382 242 3432 puae
251 3376 399 3431 supersunt,
410 3385 460 3420 non
469 3369 791 3435 conueniantlh'p.et1ast.
808 3370 955 3432 Confirruat,
966 3369 1035 3432 quod

64 3447 90 3489 et
99 3441 126 3488 in
136 3441 220 3503 eepfi.
231 3438 304 3502 (ticet
315 3440 351 3488 ibi
360 3442 437 3489 etiam
447 3443 473 3489 in
485 3441 544 3505 Dip.
555 3449 580 3490 et
590 3438 666 3503 Inst.)
678 3443 767 3490 mortis
775 3447 872 3490 tantam
879 3442 931 3503 fliii
940 3440 1034 3488 metatio

62 3510 184 3561 hahetur.
222 3506 244 3574 ⁸)
256 3510 294 3559 uel
308 3526 343 3560 ea
351 3510 442 3575 Suppt.
452 3511 526 3560 Stud.
534 3527 560 3575 p.
572 3510 683 3562 XXIX.
700 3511 847 3562 Notandum
856 3518 904 3567 est,
914 3525 980 3574 quae
990 3508 1035 3557 ah·

64 3582 126 3631 ht‘nc
142 3596 222 3645 usque
237 3581 273 3629 ad
283 3583 360 3642 finem
366 3598 394 3645 p.
404 3594 438 3633 et.
451 3598 486 3632 ea
497 3582 560 3634 Inst.
570 3589 595 3631 et
605 3583 665 3648 etp.
675 3585 761 3631 relata
769 3589 837 3639 sunt,
853 3596 904 3632 non
913 3581 1035 3643 sufficere

62 3653 101 3702 ad
113 3652 260 3716 explendos
279 3648 324 3700 V't
337 3670 360 3702 o.
375 3665 472 3704 uu-se
504 3653 625 3703 Fortasse
640 3655 722 3718 ipitur
737 3652 864 3701 librarius
877 3652 920 3701 hic
935 3657 963 3699 ut
974 3651 1035 3697 aliis

63 3725 132 3776 iocis
151 3738 244 3774 errore
264 3723 389 3786 quaedam
408 3723 447 3773 his
461 3726 501 3773 oei
516 3724 752 3786 ia§.1ss.omissa
768 3725 832 3771 maie
847 3722 871 3770 h.
887 3723 903 3771 t.
917 3721 1034 3783 scripsit.

138 3843 184 3917 ἕξ.
202 3847 482 3899 tue.1et.=l..m.
512 3848 544 3896 D.
559 3849 591 3896 de
610 3848 708 3896 iniusto
722 3853 799 3909 rupto
814 3845 859 3909 (ee,
874 3842 906 3906 t).
924 3844 947 3903 §-
963 3853 983 3890 u.
1013 3838 1035 3890 1.

62 3923 104 3972 u't.
121 3922 167 3971 cit.
199 3918 237 3981 Cf.
257 3917 312 3981 Utp.
328 3929 362 3980 us,
377 3929 397 3968 a.
