2378 4386
176 527 239 594 636
339 545 444 582 nomm
461 543 567 581 aarum
585 530 619 594 (l)
636 543 735 580 emas.
754 544 790 580 na
807 543 869 580 rrae
887 542 963 580 riser.

176 668 310 722 cessisset.
330 665 404 720 Deni
424 680 459 719 ue
472 665 495 718 si
507 663 646 718 scribendi
659 664 829 734 elegantiam
841 665 970 718 ettotam
987 665 1134 720 tractandi

175 735 313 788 rationem
331 681 488 808 considero²
510 732 557 809 rix
575 731 623 808 alii
640 731 709 809 haec
728 731 792 786 lCto
811 747 896 808 quam
913 731 1048 807 Ulpiano,
1067 733 1134 786 *cui

176 802 262 856 etiam
279 799 444 853 insolentior
460 798 546 852 drctro
565 799 780 852 ‘inconsiderata
798 798 956 867 diligentra’
976 802 1010 862 (ξ.
1023 804 1051 861 2)
1065 815 1132 853 con·

176 868 255 921 venit
272 867 336 920 coll.
354 866 384 919 h.
398 874 422 920 3.
441 870 464 929 5.
479 871 518 921 17.
541 865 573 918 D.
593 865 628 920 de
646 883 721 934 susp.
741 868 794 942 tut.
812 868 869 932 (26,
884 865 1062 984 legumque
1081 867 1134 920 alii

176 935 235 988 eius
253 933 332 1002 operi
349 949 435 1002 quam
452 932 624 1002 Regularum
642 932 688 986 rel
706 932 877 1001 Opimcnum
894 931 915 984 h
935 932 972 984 ris
991 935 1132 1002 assignari

175 1016 257 1070 posse
275 1000 345 1054 mihi
362 1000 508 1065 videntur,
531 1015 566 1053 ex
588 998 689 1067 quibus
706 1014 779 1078 quae
797 1001 826 1052 in
845 997 880 1051 Di
902 1001 968 1052 estis
986 1003 1132 1067 superant,

175 1067 342 1132 ostendunt,
362 1068 447 1120 etiam
466 1067 509 1119 his
525 1068 637 1120 tantum
655 1069 725 1119 certi
748 1065 815 1118 iuris
837 1081 885 1118 san
916 1066 1004 1130 ntiae,
1028 1069 1134 1143 spretis

175 1134 292 1187 aliorum
312 1133 533 1198 auctoritatibus,
553 1132 765 1200 comprehensas
782 1133 875 1186 fuisse.
911 1134 936 1185 A
949 1133 1022 1186 libro
1034 1150 1131 1203 singn-

174 1201 227 1254 lari
244 1216 312 1256 vero
330 1201 503 1270 Regularum
519 1199 562 1252 illi
575 1200 660 1253 etiam
671 1199 724 1252 hoc
737 1198 878 1253 distulisse
891 1199 1033 1265 videntur,
1053 1202 1131 1269 quod

174 1267 218 1390 iud
235 1283 347 1336 quoque
366 1266 627 1332 extraordinarium,
647 1281 703 1333 quo
720 1267 845 1334 pertinet
862 1266 971 1331 fiscale,
989 1267 1024 1319 iis
1044 1283 1132 1336 expo·

175 1335 261 1390 sium
280 1338 348 1389 erat.

243 1402 393 1470 Reliquum
416 1403 472 1463 est,
494 1403 526 1455 ut
547 1401 653 1464 dicam,
680 1400 765 1453 etiam
788 1400 857 1454 haec
883 1401 1043 1469 fragmenta
1064 1404 1133 1478 post

175 1469 331 1525 Goescheni
359 1470 387 1522 et
408 1466 580 1522 Lachmauni
605 1484 684 1521 curas
710 1483 728 1520 a
744 1466 924 1539 ¹Boeclringio
951 1469 1131 1524 ornatissime

175 1536 253 1591 edita
269 1551 343 1599 esse;
362 1536 534 1604 quapropter
552 1535 587 1587 ad
606 1535 664 1587 eius
682 1536 792 1588 tantum
811 1534 961 1587 editionem
974 1535 1031 1587 iam
1044 1552 1132 1604 supra

175 1604 422 1657 commemoratam
441 1601 650 1655 emendationes
667 1602 775 1654 nostras
792 1602 896 1654 referre
908 1602 1130 1656 consentaneum

175 1669 311 1723 duximus.
347 1668 403 1722 Sed
426 1684 475 1722 eae
499 1684 563 1721 cum
585 1668 791 1736 complusculae
815 1670 919 1725 essent.
943 1682 1000 1735 quo
1018 1669 1132 1723 facilius

175 1735 210 1789 de
227 1736 262 1789 iis
278 1734 397 1789 iudicari
415 1737 522 1803 posset,
538 1734 568 1787 in
586 1733 639 1787 hoc
656 1750 712 1788 uno
735 1735 854 1788 frustulo
878 1735 1051 1811 superiorum
1070 1736 1130 1790 edi·

174 1804 267 1922 &imm
285 1802 415 1871 exemplo
434 1801 519 1856 etiam
537 1816 668 1854 versuum
686 1800 787 1855 codicis
800 1802 992 1855 distinctiones
1004 1802 1130 1858 retinere

173 1871 287 1939 pacuit.

241 2076 317 2130 Haec
335 2091 445 2144 quoque
464 2074 584 2128 frustula
600 2074 703 2129 iterum
721 2077 830 2129 edenda
852 2079 886 2129 ut
906 2076 1040 2145 peculiari
1057 2093 1129 2130 cura

174 2145 369 2204 retractarem,
388 2141 500 2210 impulit
522 2157 567 2194 ms
588 2142 710 2196 maxime
733 2143 927 2212 apographum
945 2143 1127 2198 membranae

175 2210 342 2263 Veronensis
360 2208 468 2261 Hollwe
491 2210 585 2261 'anum
603 2210 639 2263 ad
657 2210 761 2264 calcem
779 2211 936 2280 apographi
955 2210 1128 2265 schedarum

174 2275 351 2338 Gaianarum,
371 2274 406 2327 de
418 2275 466 2342 qui
486 2292 519 2328 us
531 2292 616 2344 supra
632 2294 659 2346 p.
674 2283 729 2331 167.
748 2278 903 2340 retulimus,
921 2294 937 2331 a
955 2277 1129 2348 Bceclringio

173 2342 322 2398 adiectum.
352 2341 450 2408 Neque
462 2341 533 2395 hanc
545 2343 676 2397 iteratam
689 2360 804 2412 operam
816 2345 1018 2398 infructuosam
1030 2345 1127 2412 fuisse,

172 2408 362 2528 ἰιὲᾴὲραὺμωω
384 2425 396 2461 s
417 2425 477 2530 eret,
500 2410 549 2478 qui
570 2428 598 2465 v.
620 2427 661 2479 gr.
686 2416 768 2476 §M
789 2418 828 2466 11.
852 2416 892 2466 18.
919 2417 957 2465 19.
980 2412 1128 2481 utriusque

173 2491 303 2529 errcnra
320 2490 371 2529 con
415 2492 476 2529 en.

240 2683 404 2739 Membrana
415 2683 571 2740 Veronensi
583 2703 639 2740 non
655 2686 745 2740 solum
757 2685 849 2739 denuc
867 2687 951 2753 atque
970 2687 1128 2741 accuratius

173 2768 257 2820 quam
274 2756 360 2807 antea
376 2751 495 2817 iactum,
518 2753 645 2822 inspecta
661 2755 690 2807 et
708 2753 861 2821 descripta,
885 2752 934 2806 sed
953 2754 1038 2806 etiarn
1056 2753 1126 2808 ima·

194 2818 239 2873 'ue
257 2820 316 2873 eius
334 2819 412 2873 fideli
428 2819 585 2874 imitatione
603 2823 669 2874 aute
686 2821 781 2873 oculos
803 2820 894 2896 posita
911 2818 1126 2888 ‘Fragmentum

193 2901 207 2939 e
234 2887 294 2940 iure
318 2886 376 2940 fisci
403 2885 492 2939 edidit
515 2887 618 2941 Paulus
639 2886 766 2956 Krueger
788 2885 897 2953 Lipsiae
921 2892 1007 2942 1868’.
1048 2887 1126 2952 Quae

173 2953 258 3006 editio
276 2955 397 3007 maxime
414 2953 444 3006 in
462 2969 547 3007 causa
562 2955 630 3017 fuit,
653 2958 685 3006 ut
707 2956 736 3008 et
752 2953 782 3007 in
800 2953 852 3007 hac
869 2953 954 3007 tertia
971 2970 1035 3008 mea
1054 2954 1125 3008 eius·

172 3019 237 3073 dem
254 3020 405 3099 fragmenti
422 3020 612 3100 recognitione
630 3020 706 3074 haud
723 3035 814 3099 pauca
829 3024 888 3074 tam
899 3022 929 3073 in
938 3021 1126 3139 (praemonitis

171 3103 258 3229 itit
274 3102 381 3216 aaa?
399 3088 824 3231 tliiftt'sltmuidtttssiiti
844 3087 1124 3231 attrahite

171 3218 254 3273 facile
273 3218 557 3286 deprehenderentur.
613 3222 725 3292 ruegeri
738 3222 890 3276 editionem
903 3220 1058 3290 significavi
1071 3224 1123 3277 Kr.

172 3286 364 3354 apographum
384 3283 447 3338 Clsr.

542 3519 751 3528 ——-.-——
