2378 4386
168 544 230 610 184
475 559 534 595 nan
551 559 652 595 raanan.
671 539 692 598 1.
711 545 820 597 44-45.

167 713 196 761 et
214 703 275 759 ideo
297 700 408 757 liberam
429 699 511 756 habet
528 708 692 773 potestatem
709 697 926 755 manumittendi.
964 695 1014 757 44
1029 704 1067 755 Ac
1082 715 1133 756 nec

166 787 198 844 ad
214 802 262 843 eos
278 786 385 860 quidem
402 785 512 840 omnino
527 784 595 840 haec
614 784 656 840 ter
673 785 801 858 pertinet,
823 785 868 856 qui
889 786 948 840 sine
968 792 1134 841 testamento

166 864 381 927 manumittunt.¹
408 871 498 942 itaque
514 869 578 925 licet
593 870 636 936 iis,
653 870 699 942 qui
711 868 828 925 uindicta
846 876 892 923 aut
907 885 990 924 censu
1003 877 1049 923 aut
1061 869 1133 924 inter

166 957 267 1013 amicos
282 955 485 1018 manumittunt,
503 961 587 1009 totam
600 952 727 1009 familiam
738 946 836 1008 'auam²
848 951 974 1023 liberare,
990 953 1096 1009 scilicet
1110 954 1134 1009 si

167 1039 217 1097 alia
232 1055 314 1096 cauaa
328 1055 384 1095 non
399 1039 518 1112 inpediat
532 1037 698 1096 libertatem.
738 1033 787 1093 45.
804 1036 857 1094 Sed
874 1037 948 1110 quod
969 1037 1003 1093 de
1019 1054 1134 1094 numero

166 1140 308 1181 seruorum
327 1132 489 1180 testamento
506 1122 780 1179 manumittendorum
795 1121 922 1193 diximus,
937 1123 974 1178 ita
991 1121 1134 1196 intellege·

168 1226 237 1278 mus,
252 1223 287 1264 ne
305 1225 422 1281 unquam
437 1224 469 1263 en
485 1225 518 1264 eo
534 1224 659 1278 numero,
674 1223 707 1263 en
723 1223 778 1280 quo
794 1207 900 1263 dimidia
923 1215 971 1262 aut
993 1207 1073 1262 tertia
1088 1214 1135 1262 aut

167 1300 262 1367 quarta
278 1302 325 1349 aut
346 1294 439 1367 quinta
459 1309 521 1366 pars
537 1291 642 1348 liberari
659 1300 764 1366 potest,
781 1293 923 1365 pauciores
939 1293 1136 1348 manumittere

168 1378 248 1435 liceat
263 1371 362 1452 quam³
378 1394 410 1433 ex
425 1378 595 1434 antecedenti
611 1393 724 1433 numero
744 1375 831 1433 licuit.
860 1385 888 1432 et
903 1377 957 1432 hoc
971 1376 1028 1449 ipsa
1043 1370 1135 1450 'tepe⁴

163 1463 313 1536 prouisum
329 1470 386 1518 est:
409 1472 467 1518 erat
489 1464 559 1518 enim
578 1478 643 1519 sane
664 1461 822 1533 absurdum,
847 1470 876 1517 ut
891 1480 911 1517 x
929 1476 1071 1516 seruorum
1086 1460 1134 1517 do·

168 1549 242 1603 mino
258 1550 380 1621 quinque
394 1546 511 1603 liberare
526 1546 631 1616 liceret,
654 1549 717 1620 quia
734 1562 820 1620 usque
833 1547 865 1600 ad
881 1544 1015 1600 dimidiam
1031 1554 1135 1618 partem

169 1633 227 1688 eiua
245 1634 351 1687 numeri
371 1633 560 1688 manumittere
581 1633 605 1686 ei
628 1631 797 1702 conceditur,
820 1631 936 1688 ulterius
958 1624 1067 1686 autem⁵
1088 1646 1135 1687 xm

168 1731 266 1771 seruos
282 1716 391 1772 innitenti
407 1733 462 1772 non
478 1715 571 1789 plures
592 1716 686 1772 liceret
707 1719 897 1772 manumittere
919 1731 996 1788 quam
1012 1730 1078 1777 1u1;
1099 1712 1136 1770 ’at

116 1821 156 1869 12,
170 1793 238 1870 eie,6
259 1803 306 1875 qui
327 1801 419 1875 piures
440 1817 521 1874 quam
536 1820 557 1859 x
572 1815 660 1872 neque
676 1793 681 1878 Ι
699 1801 809 1872 'plures
824 1818 911 1873 quam
930 1808 998 1851 m
1018 1799 1136 1870 nabent,

170 1888 270 1942 eadem
287 1891 401 1943 ratione
417 1890 514 1957 utique
529 1889 615 1942 etiam
635 1890 772 1958 quinque,
795 1893 862 1958 quat
877 1892 900 1938 t
912 1886 1032 1940 habenti
1044 1887 1136 1954 licuit,

169 1971 370 2026 manumittere
384 1962 477 2026 iicet.⁷

244 2100 264 2169 ¹)
280 2105 493 2153 manumittuntur
512 2102 537 2150 V
540 2098 567 2150 ⁸².
620 2099 641 2168 ¹)
655 2102 705 2152 Kr.
715 2104 779 2154 ertu
794 2111 821 2152 ut
833 2107 960 2169 ptossema
975 2104 1058 2153 eiecit.
1078 2117 1137 2151 suos

170 2187 190 2235 1,
205 2185 232 2226 tta
246 2177 355 2224 retinuit
369 2176 445 2223 etiam
460 2172 631 2223 contrairet.
647 2174 722 2227 codd.
738 2176 789 2224 vid.
805 2178 881 2224 etiam
892 2188 912 2233 1,
923 2187 949 2228 55
964 2176 1061 2239 aliique
1076 2174 1136 2223 toci.

172 2242 193 2311 ³)
208 2245 254 2295 Sic
269 2262 338 2294 nunc
355 2245 445 2294 Griectr.
456 2245 567 2294 reiectae
576 2247 790 2308 interpretandae
803 2255 870 2295 runt
916 2245 938 2311 ⁴)
955 2240 1079 2296 ‘ratione’
1096 2245 1137 2293 erl.

172 2316 263 2366 Palen.
276 2316 391 2378 tartaree
406 2324 476 2366 recte
490 2317 526 2379 cs.
542 2316 618 2365 Paul.
634 2329 654 2373 u,
670 2330 690 2375 1,
705 2331 725 2368 1.
789 2316 810 2382 ⁶)
825 2317 870 2366 En
884 2318 990 2369 Laetam.
1006 2320 1038 2379 ej.
1058 2315 1139 2381 (Mitti

172 2394 255 2436 tamen
266 2389 297 2444 ia,
308 2389 352 2451 qui
361 2402 443 2451 capra
454 2403 508 2438 noc.
519 2387 680 2453 concedit(ur)
693 2395 791 2438 tantum
800 2389 875 2438 terius
886 2397 909 2437 at
918 2390 1035 2451 scripsit,
1045 2390 1139 2452 iepiese

172 2458 274 2507 uidetur
289 2458 443 2523 concedit'ui)
460 2455 563 2509 ‘contra
579 2455 653 2509 uero’
672 2460 713 2509 ed.
723 2459 771 2525 Bp.
790 2456 903 2510 ‘dantiae
918 2457 991 2510 uera’
1008 2460 1048 2509 ed.
1063 2459 1138 2509 Stoa.

172 2525 194 2596 ⁵)
209 2531 268 2579 item
282 2529 318 2578 eis
328 2530 368 2579 ed.
378 2528 452 2580 Stud.
464 2530 555 2581 Malim
568 2531 590 2579 ei
602 2546 652 2595 pro
663 2531 707 2580 eis.
759 2528 780 2596 ¹)
794 2529 952 2580 Sententiam
966 2530 1139 2595 aliquomodo

168 2601 281 2665 perfeci.
293 2628 326 2638 -
337 2600 382 2650 Er
391 2605 445 2652 tota
452 2619 480 2667 p.
491 2615 524 2653 12.
544 2601 680 2651 Blntrmiue
689 2610 787 2652 tantum
797 2604 868 2667 ioque
877 2618 965 2667 pauca
976 2602 1100 2655 euomuit,
1111 2602 1138 2649 in

172 2689 195 2722 υ.
207 2685 240 2724 la.
252 2684 285 2725 1³.
296 2685 330 2724 18.
342 2686 385 2732 19„
401 2675 468 2723 unde
478 2689 553 2724 norea
567 2672 800 2741 liberari(u.18.)et
814 2674 931 2723 concedat
942 2675 974 2737 (n.
987 2672 1031 2738 19.)
1043 2675 1068 2721 in
1079 2672 1138 2722 aaa.

172 2753 367 2809 receptaeaunt.
389 2746 552 2809 Conferenda
560 2753 642 2795 autem
650 2753 688 2794 ert
696 2745 732 2795 art
737 2761 777 2803 ea,
785 2747 1000 2809 puerperiorum,
1011 2743 1071 2793 Gaii
1077 2744 1138 2806 epit.

173 2827 221 2875 m.
230 2818 345 2879 §iu—4.
360 2814 470 2866 ‘tiamsi
477 2815 1140 2882 uliquistentamentopiureemanumittereuoluerit,

173 2903 248 2950 quam
258 2894 318 2951 quot
328 2890 442 2937 continet
453 2902 573 2935 numerus
582 2901 663 2949 cupra
672 2889 795 2949 ocriptne,
809 2888 875 2937 orno
888 2888 1037 2937 seruandus
1045 2893 1098 2936 eat:
1112 2892 1140 2934 ut

173 2958 227 3005 iiiia
236 2964 334 3006 tantum
344 2957 451 3006 libertas
461 2959 557 3014 ualeat,
567 2958 612 3020 qui
618 2959 697 3020 priua
704 2960 853 3007 manumissi
860 2966 928 3016 eunt,
939 2973 1018 3022 unque
1025 2958 1061 3006 ad
1068 2958 1139 3005 iilum

173 3041 313 3083 numerum,
324 3042 396 3089 quem
403 3028 555 3089 eaptanatio
563 3028 677 3077 continet
685 3030 806 3091 nuperius
816 3031 1014 3092 comprehensa:
1024 3030 1068 3094 qui
1075 3041 1140 3076 uero

169 3101 261 3159 postea
271 3111 352 3158 eupra
363 3099 527 3147 constitutum
537 3113 669 3147 numerum
678 3100 827 3148 manumissi
836 3101 966 3163 iapuntur,
976 3102 1003 3149 in
1013 3101 1141 3151 seruitute

173 3172 324 3215 concentum
334 3174 541 3229 eetpermanere.
569 3164 667 3225 Quadri
677 3183 726 3217 non
737 3171 885 3218 nominatim
893 3173 967 3219 cerui
976 3175 1018 3220 uel
1027 3171 1142 3220 ancittae

174 3237 201 3285 in
216 3242 365 3285 tentamento
379 3238 599 3295 manumittantur,
618 3238 665 3286 red
683 3241 792 3301 confuse
808 3255 894 3290 omnen
910 3257 1003 3291 ceruos
1019 3258 1081 3292 auor
1100 3241 1141 3289 uel

174 3307 286 3356 ancittae
301 3308 324 3355 ir
337 3308 383 3369 qai
396 3314 571 3356 tentamentum
578 3308 654 3368 facit.
670 3308 765 3358 liberor
777 3310 868 3370 facere
879 3314 1001 3369 uoluerit,
1016 3313 1083 3360 nutti
1093 3327 1141 3373 pe·

174 3379 245 3427 nitur
255 3378 333 3440 firma
343 3392 398 3427 erre
413 3377 515 3426 iubetur
529 3378 578 3427 iac
588 3379 681 3427 ordine
690 3380 753 3428 data
767 3380 883 3437 tibertus,
896 3383 944 3430 red
952 3396 1038 3431 omnes
1048 3384 1074 3429 in
1084 3396 1142 3429 eer-

175 3449 224 3499 uiti
234 3448 388 3498 condicione
403 3450 447 3512 qui
461 3448 510 3499 ima
519 3449 612 3498 ordine
622 3451 771 3499 manumissi
784 3457 852 3509 eunt,
863 3452 1058 3513 permanebunt.
1083 3466 1141 3498 nam

174 3521 223 3569 etet
242 3521 279 3568 tta
299 3520 325 3567 in
346 3526 493 3569 tentamento
512 3533 648 3570 seruorum
666 3521 830 3569 manumissio
848 3521 984 3584 adscripta
995 3520 1093 3582 fuerit.
1113 3519 1143 3566 id

175 3597 213 3640 ert
223 3591 250 3639 in
261 3592 370 3646 circuio,
385 3598 413 3639 ut
427 3592 471 3655 qui
481 3592 568 3653 prior.
584 3592 628 3653 qui
639 3592 772 3653 posterior
782 3591 927 3639 nominatus
941 3592 983 3647 sit,
999 3604 1049 3638 non
1057 3589 1142 3651 poerit

175 3663 292 3727 opnorci,
308 3663 374 3710 nulli
388 3677 422 3710 ere
436 3662 477 3711 trie
491 3661 633 3710 libertatem
649 3663 737 3710 ualere
752 3660 914 3722 manifestum
929 3667 974 3714 ert,
994 3661 1018 3707 ri
1032 3660 1142 3723 aprroeci

177 3747 227 3783 non
243 3740 337 3797 pateat,
356 3734 401 3796 qui
415 3734 503 3796 prior,
522 3734 567 3797 qui
581 3732 714 3795 posterior
730 3732 814 3795 suerit
829 3731 1005 3779 manumisero.
1038 3742 1059 3781 3.
1076 3728 1141 3779 Nam

175 3805 200 3853 oi
213 3805 310 3869 aliquia
324 3805 351 3852 in
367 3804 532 3871 aepritudine
542 3805 696 3853 conntitutuo
706 3805 732 3852 in
745 3802 867 3865 fraudem
881 3800 958 3850 huius
972 3803 1037 3868 lepis
1049 3803 1143 3866 facere

174 3893 389 3905 ᾖ*

247 3926 273 4000 5.
288 3932 330 3981 m.
353 3930 392 3997 Os.
407 3929 515 3995 Diunye.
530 3939 552 3989 t,
566 3939 601 3979 u.
