2378 4386
351 564 411 601 carr
431 565 536 604 rssrrr.
554 546 603 602 tv.
621 552 730 606 24-25.
960 549 1022 615 353

56 726 162 785 puram,
178 708 205 764 id
221 716 264 765 est
279 723 334 763 non
349 724 398 781 pro
414 706 551 779 iudicato,
575 706 651 763 uelut
673 707 722 765 lea
738 703 859 783 (Furio)
875 717 1022 765 testamen·

57 796 123 851 turia
146 792 281 850 aduersus
303 808 380 863 eum,
410 793 456 865 qui
478 791 633 864 legatorum
656 794 763 848 nomine
787 795 918 849 mortisue
941 811 1021 852 causa

56 880 119 953 plus
133 876 281 937 messibus
297 878 430 951 cepisset,
453 892 512 932 cum
536 893 567 932 ea
588 876 650 951 lege
672 894 726 934 nou
742 886 815 934 esset
831 887 970 952 exceptus,
991 887 1022 934 ut

55 966 80 1019 ei
103 962 165 1037 plus
181 978 278 1035 capere
297 960 406 1031 liceret3
429 962 491 1017 item
507 960 551 1017 lex
567 960 662 1017 biarcia
677 962 808 1018 aduersus
824 962 1021 1036 faeneratores,

57 1056 87 1105 ut
101 1050 124 1103 si
141 1064 238 1103 usuras
254 1048 426 1119 exegissent,
449 1044 483 1101 de
504 1044 547 1101 his
562 1045 705 1103 reddendis
726 1062 775 1120 per
790 1063 883 1103 manus
898 1049 1021 1105 iniectio·

56 1150 115 1189 uem
140 1149 201 1189 cum
225 1132 263 1187 eis
286 1138 424 1206 ageretur.
468 1125 517 1192 24.
542 1129 578 1186 Er
601 1131 699 1203 quibus
721 1130 827 1206 legibus
851 1140 879 1188 et
900 1134 923 1189 si
952 1150 1021 1207 quae

57 1217 122 1272 aliae
137 1217 239 1273 similes
254 1223 358 1287 esseut,
381 1232 442 1272 cum
464 1214 605 1288 agebatur,
629 1232 735 1272 manum
756 1215 807 1271 sibi
834 1215 971 1290 depellere
994 1227 1021 1275 et

56 1318 107 1374 pro
130 1317 159 1356 se
181 1301 243 1375 lege
264 1316 344 1371 agere
363 1295 439 1375 '(reo
452 1293 608 1375 licebat):¹
626 1315 686 1356 uam
701 1308 729 1357 et
744 1308 820 1358 actor
835 1303 862 1356 iu
878 1302 935 1373 ipsa
952 1301 1021 1375 legis

57 1387 163 1443 actione
184 1401 238 1440 non
259 1383 393 1441 adiciebat
414 1385 467 1441 boc
482 1383 596 1441 uerbum
610 1400 672 1443 ruo
688 1400 849 1462 remenso,
871 1384 918 1440 sed
935 1387 1022 1441 nami·

56 1478 222 1535 ausaausa,
239 1485 272 1524 ex
287 1485 339 1542 qua
350 1468 455 1543 agebat,
474 1471 510 1526 ita
526 1467 645 1526 dicebat:
661 1485 701 1528 ors
718 1486 782 1527 usu
796 1487 861 1528 ssu
875 1484 939 1527 utto
955 1487 1021 1528 rrer

54 1568 296 1626 ussvu1u10103
313 1570 372 1610 cum
394 1553 437 1627 bi,
454 1552 553 1628 quibus
572 1570 622 1628 pro
643 1554 761 1612 iudicato
783 1557 854 1611 actio
877 1554 938 1610 data
953 1564 1020 1628 erat,

54 1641 193 1695 nominata
207 1653 298 1708 causa,
314 1653 346 1693 es
361 1655 414 1712 qua
429 1638 557 1713 agebant,
577 1639 615 1695 ita
630 1638 797 1697 inferebant:
821 1653 861 1696 ors
877 1656 941 1697 sau
955 1652 1021 1697 uass

54 1737 202 1781 scorrer
224 1736 285 1779 rso
306 1736 459 1781 svarosro
481 1738 593 1781 manvu
615 1739 728 1782 rurore:
752 1740 802 1780 nec
819 1740 861 1780 me
878 1726 1018 1797 praeterit,

54 1808 80 1863 in
103 1807 192 1864 iorma
214 1805 284 1881 legis
304 1805 400 1863 Furiae
421 1808 637 1865 testamentariae
655 1822 716 1867 ruo
732 1823 883 1867 rvvsasro
907 1808 1019 1864 uerbum

10 1897 40 1951 τὶ]
56 1893 152 1963 inseri,
173 1907 235 1948 cum
249 1891 278 1946 in
293 1892 353 1964 ipsa
367 1889 430 1965 lege
444 1907 499 1948 non
514 1893 567 1967 sit3
589 1891 662 1965 quod
678 1892 787 1949 uidetur
802 1885 807 1969 Ι
824 1892 898 1948 uuila
915 1893 1018 1948 ratione
1038 1905 1096 1958 197.

55 1977 165 2033 iactum.
213 1973 263 2036 25.
286 1975 340 2032 Sed
362 1983 458 2050 postea
480 1974 542 2051 lege
564 1969 687 2048 ’Vallia‚²
714 1986 827 2050 excepto
851 1976 968 2032 iudicato
991 1984 1021 2033 et

55 2078 107 2130 eo,
124 2077 175 2134 pro
190 2077 245 2134 quo
260 2059 411 2134 depensum
426 2069 477 2128 est,
500 2062 597 2117 ceteris
612 2060 748 2132 omuibus,
771 2077 832 2118 cum
851 2059 949 2134 quibus
958 2077 1021 2148 per

54 2162 151 2202 manus
171 2146 347 2203 iniectionem
367 2144 514 2219 agebatur,
535 2147 697 2220 permissum
719 2155 760 2203 est
780 2144 831 2201 sibi
846 2161 954 2202 manum
974 2144 1021 2201 de·

55 2230 156 2304 petiere
172 2238 199 2286 et
214 2246 263 2303 pro
279 2245 309 2285 se
324 2245 421 2304 agere:
437 2230 529 2305 itaque
544 2229 676 2288 iudicatus
692 2239 720 2287 et
734 2233 768 2303 is,
783 2246 834 2304 pro
851 2247 906 2304 quo
918 2230 1019 2305 depen-

55 2330 115 2370 sum
132 2322 185 2385 est,
205 2315 285 2369 etiam
305 2323 368 2389 post
388 2313 457 2370 lianc
477 2314 565 2388 legem
582 2315 715 2372 uindicem
731 2314 795 2373 dare
817 2313 970 2387 debebant,
992 2325 1019 2371 et

54 2400 106 2455 uisi
123 2397 229 2468 darent,
244 2396 350 2455 domum
366 2397 542 2457 ducebantur.
576 2402 682 2476 istaque
702 2400 828 2474 quamdiu
848 2399 919 2474 legis
935 2402 1018 2458 actio·

54 2495 268 2506 -———-————n

55 2548 135 2583 causo
152 2530 273 2582 addendo
287 2534 451 2596 peccavisse,
470 2540 495 2583 et
512 2534 628 2584 editores
645 2548 695 2583 non
710 2547 774 2583 raro
791 2535 946 2598 plassernata
960 2537 1018 2586 sinc

55 2619 133 2653 causa
151 2603 289 2653 statuendo
307 2605 481 2667 procliviores
502 2605 595 2667 fnisse.
625 2603 711 2652 Etiam
732 2603 756 2653 b.
772 2605 788 2652 l.
811 2603 1018 2654 destinaverat

54 2674 149 2734 dicere,
164 2690 215 2725 noa
230 2675 445 2725 minvsmnltisin
456 2677 655 2738 cousispvrom‚
670 2689 745 2738 quant
756 2688 807 2736 pro
823 2674 938 2723 iudicato
953 2676 1018 2740 lepis

54 2747 180 2796 actionem
191 2762 218 2810 p.
230 2762 261 2795 nv.
271 2747 317 2795 ini.
328 2748 402 2797 novis
415 2747 522 2812 lepidus,
538 2761 603 2811 quoe
612 2746 728 2794 actiones
737 2742 842 2801 dabant,
858 2744 943 2792 dotant
953 2759 1017 2794 esse.

126 2813 147 2882 ¹)
161 2815 292 2881 Supplevi.
308 2815 423 2884 (licebat)
438 2818 496 2867 edd.
533 2815 588 2867 Sed
600 2817 677 2866 etiam
692 2812 760 2866 ‘reo'
777 2813 921 2874 excidisse,
937 2831 1018 2881 arpa·

56 2893 137 2937 mento
155 2895 193 2937 est
210 2895 262 2937 tvm
275 2903 384 2953 sequens
398 2897 421 2938 et
436 2896 515 2952 sotor,
535 2894 587 2938 tam
605 2886 675 2953 qaod
692 2888 729 2936 ita
744 2887 813 2936 ratio
828 2893 951 2950 apparet,
971 2902 1020 2937 cur

56 2958 131 3008 etiam
141 2973 176 3008 ca
186 2955 212 3009 ‘a
222 2956 327 3010 licebat’
341 2960 440 3023 sactum
450 2956 575 3010 ‘dicebat'
587 2958 730 3017 excideret,
744 2972 821 3007 sensa
832 2972 935 3017 carens,
946 2965 1020 3023 post-

57 3044 164 3092 quamue
179 3037 206 3080 nt
218 3032 373 3096 penninaturn
383 3032 576 3081 omissumcrat.
633 3026 655 3095 ²)
664 3029 710 3080 Sic
721 3045 773 3093 pro
783 3036 855 3079 certo
870 3025 922 3090 12¹²,
938 3046 1020 3096 quare

57 3100 84 3148 id
97 3102 200 3151 interim
214 3104 328 3151 retinere
339 3102 426 3160 malui,
440 3116 591 3166 quamquam
601 3116 692 3151 vereor
702 3102 739 3150 ad
747 3103 891 3165 exemptum
902 3101 1020 3152 Mensiae

57 3173 126 3237 lepis.
147 3173 233 3222 Antea
247 3171 339 3222 Valeria
353 3174 511 3235 scripseram
526 3168 562 3224 ‘ri
578 3170 659 3222 Recbt
672 3172 697 3222 d.
716 3168 827 3222 Neavm’
844 3184 927 3236 p.1tt.
942 3174 982 3223 ed.
998 3185 1019 3224 t.

57 3249 161 3294 notans:
180 3258 227 3294 nec
245 3242 347 3303 dubito,
366 3245 428 3308 quin
447 3242 485 3307 (in
504 3240 657 3307 archetypo)
672 3243 760 3294 littera
775 3258 795 3302 r,
812 3259 887 3307 qvam
904 3244 928 3297 O.
944 3242 1020 3294 babet

58 3313 82 3361 in
105 3321 187 3364 versv·
200 3315 367 3364 antecedente
380 3320 441 3378 post
459 3328 512 3364 ooo.
531 3329 598 3376 cum,
613 3330 664 3378 per
682 3329 798 3365 errorem
814 3329 844 3364 eo
859 3317 1018 3380 miprooerit‚

57 3399 110 3434 cans
124 3392 261 3436 corrector
274 3399 329 3435 cans
343 3399 422 3449 svper
436 3384 506 3435 uallis
522 3384 572 3451 (sic
583 3386 643 3450 sere
659 3383 694 3451 C.)
708 3386 884 3449 supplevisset.

57 3499 203 3565 lependnm:
217 3500 262 3550 Ubi
276 3499 447 3564 quadruplatur
460 3500 515 3564 quoi
530 3499 621 3561 inpiam
634 3498 698 3564 (pro
710 3498 856 3564 quempiam)
871 3499 954 3549 iniexit
968 3513 1019 3547 ma·

58 3582 117 3621 uum.
137 3570 182 3620 Ea
196 3571 284 3621 eodem
297 3586 358 3623 vero
372 3573 429 3622 loco
443 3571 574 3628 discimus,
589 3586 624 3619 eac
637 3571 784 3621 bnivsmocii
793 3570 939 3621 actionibus
953 3576 1018 3618 tres·

57 3643 125 3763 lrirop
139 3643 268 3780 capitaples
285 3642 455 3763 indicpsseuet
469 3648 582 3780 ςεὶονεηι
598 3641 655 3691 sine
670 3643 790 3774 pjefriptpto
804 3656 851 3691 sno
866 3641 1019 3760 ti‘tp'papzisspi

65 3725 91 3762 er
124 3727 175 3763 ursa
204 3723 265 3763 c.s
288 3723 334 3766 sss.
367 3728 394 3764 ex
436 3728 500 3763 arcta
528 3723 657 3762 a.n.toa.
710 3728 868 3762 .v.nteam
915 3750 920 3762 .
961 3725 991 3759 ee

57 3781 99 3833 cles
110 3781 223 3834 Neoevm'
233 3799 260 3847 p.
268 3749 411 3849 {sessores
430 3784 557 3847 conplures
566 3782 597 3832 si.
608 3780 636 3850 l.]
645 3782 680 3845 ef.
693 3781 720 3831 L.
730 3794 750 3834 s.
761 3783 792 3832 D.
801 3784 833 3833 de
842 3784 919 3831 alent.
931 3779 976 3845 (tr,
986 3776 1017 3841 t).

57 3847 79 3920 fi.
94 3857 135 3906 26.
154 3857 206 3917 lage
231 3853 354 3923 valerici]
374 3872 398 3905 a.
419 3872 442 3907 v.
461 3866 509 3906 tte.
544 3853 583 3916 Cf.
605 3850 641 3902 ‘ab
658 3852 741 3903 Recltt
758 3853 783 3902 d.
801 3847 912 3903 Neaevns'
930 3863 957 3911 p.
974 3857 1020 3897 itt.

56 3922 183 3975 iudicatum
198 3921 273 3991 solui]
288 3927 323 3989 cs.
338 3928 362 3988 ς.
377 3938 423 3978 ivs.
442 3920 574 3990 uindicem]
591 3924 629 3987 Cf.
643 3925 780 3974 lescalon.
793 3918 1020 3973 (temeratam.

103 4027 363 4062 sustentarentur.
385 4030 423 4060 ao.
437 4031 458 4062 r.
786 4007 821 4058 *ΖΒ
