2378 4386
183 549 247 615 664
398 570 459 606 uos.
479 570 511 606 er
528 569 589 606 nou.
608 569 698 606 nuavu
716 569 823 606 concur.
845 551 875 603 V.
895 557 920 605 3.

182 715 294 754 snorum
316 697 456 768 multatur,
478 715 529 755 neo
543 705 733 755 testamentum
749 701 773 755 ei
788 715 819 754 ea
834 700 933 755 maiore
954 706 1031 772 parte
1046 698 1138 757 iacere

182 774 268 838 licet.¹

267 864 336 921 Hoc
361 865 495 938 quidem
523 867 610 921 iuris
638 873 705 922 est:
734 875 877 923 mentem
905 875 1014 922 tamen
1041 866 1137 941 legis

183 943 1136 1025 lioysiaimperatoris'ilreodosiiconstituti0²adple·

181 1048 256 1089 num
279 1039 397 1089 secuta
419 1036 662 1106 cognoscitur:

245 1110 324 1191 [Καρ.
345 1115 388 1172 ΙΙΙ.
432 1119 503 1170 item
517 1110 790 1191 Tircodosianus.]³
812 1117 895 1189 impp.
920 1116 1137 1190 Valenlinianu3‚

181 1199 351 1257 Theodosius
373 1208 401 1256 et
423 1201 551 1256 Arcadius
575 1203 650 1255 ΑΑΑ.
681 1202 713 1256 ad
736 1200 883 1255 (latentium
907 1200 1035 1256 uicarium
1059 1201 1137 1258 urbis

180 1283 288 1341 Romae.
332 1281 358 1341 1.
382 1283 440 1341 Non
463 1286 580 1357 patimur
602 1283 695 1341 urbem
719 1284 835 1349 bamam,
859 1286 990 1339 uirtutum
1014 1287 1137 1342 omnium

181 1376 302 1438 matrem,
325 1367 426 1424 diutius
447 1367 600 1424 ’ellemlnati
621 1370 649 1423 in
666 1370 737 1423 uiros
760 1360 886 1440 pudoris*
908 1370 1138 1425 contaminatione

181 1450 293 1522 foedari,
315 1461 343 1507 et
366 1460 473 1525 agreste
495 1452 560 1508 illud
583 1454 707 1524 aprlscis
730 1450 914 1507 conditoribus
935 1452 1026 1521 robur,
1052 1451 1137 1508 lracta

181 1536 299 1591 molliter
320 1530 415 1609 'pube-⁵
436 1544 584 1606 tenuatum,
606 1537 757 1591 conuicium
773 1535 885 1590 saeculis
902 1536 945 1590 uel
961 1536 1134 1592 conditorum
1150 1556 1181 1604 [aa

181 1621 322 1691 inrogare,
345 1620 389 1674 uel
411 1621 578 1691 principum,
600 1619 700 1674 Orienti
723 1618 869 1673 ’karissime
883 1636 913 1673 ac
927 1614 1139 1676 iucundissime⁸

181 1701 267 1757 trabis.
310 1698 339 1761 2.
362 1702 504 1758 Laudanda
533 1703 618 1774 igitur
646 1703 807 1773 experientia
831 1711 876 1757 tua
900 1718 1006 1777 onmes,
1037 1704 1137 1775 quibus

182 1786 331 1858 flagitiosus
360 1785 438 1841 luxus
467 1794 509 1840 est
536 1785 614 1840 uirile
641 1801 740 1857 corpus
767 1785 934 1841 muliebriter
955 1789 1137 1843 constitutum

186 1870 265 1927 alieni
281 1886 362 1925 sexus
377 1869 500 1924 damnare
515 1869 651 1941 patientia,
667 1869 786 1940 nibiique
801 1869 945 1924 discretum
961 1870 1058 1925 babere
1074 1887 1137 1926 cnm

181 1956 287 2012 leminis
300 1946 470 2026 occupatos,⁷
488 1961 517 2007 ut
528 1952 623 2024 flagitii
635 1955 722 2025 poscit
736 1954 874 2007 inmanitas
887 1963 967 2025 atque
983 1950 1138 2025 lodium),i

181 2037 304 2095 omnibus
317 2037 439 2105 eductos,
455 2035 537 2108 pudet
550 2035 649 2105 dicere,
666 2038 786 2091 uirorum
799 2037 979 2108 lupanaribus,
993 2046 1137 2108 spectante

181 2121 283 2197 populo
306 2120 418 2174 dammis
442 2117 590 2173 uindicibus
614 2119 743 2193 expiabit:
768 2129 798 2175 ut
821 2120 939 2175 uniuersi
962 2120 1136 2191 intellegant,

180 2211 381 2261 sacrosanctum
403 2203 508 2257 cunctis
531 2217 590 2258 csse
613 2202 710 2258 debere
736 2203 882 2275 hospitium
911 2205 996 2259 uirilis
1018 2207 1135 2273 animae,

181 2303 230 2343 nec
247 2288 304 2341 sine
319 2300 424 2340 summo
440 2285 574 2358 supplicio
590 2286 705 2342 alienum
720 2289 853 2359 expetisse
869 2302 972 2356 serum,
992 2290 1137 2360 quisnam

182 2371 298 2444 turpiter
320 2367 490 2442 perdidisset.
534 2369 613 2443 Prop.
638 2371 724 2442 pridie
747 2370 784 2428 ld.
800 2369 878 2426 blaias
894 2370 991 2426 Rornae
1014 2373 1041 2426 iu
1064 2372 1137 2427 atrio

181 2445 340 2510 Mineruae.⁰

436 2533 537 2598 Explicit
550 2533 632 2583 titulus
648 2534 676 2583 dc
691 2535 874 2598 stupratoribus.

183 2642 394 2650 --.-—--—-

254 2709 275 2778 1)
289 2711 347 2761 lIoc
360 2713 399 2761 sic
414 2713 540 2775 inlellepe,
555 2719 582 2759 ut
595 2718 620 2759 et
634 2726 698 2774 quae
707 2711 848 2760 sententiae
858 2718 883 2759 et
893 2725 958 2774 quoe
969 2712 1058 2759 retortis
1074 2719 1137 2759 tem·

180 2798 243 2847 pore
257 2781 361 2839 babent,
376 2798 463 2831 eornm
477 2782 585 2830 dinndiu
600 2796 666 2844 pai-s
683 2780 837 2842 publicetur.
866 2779 924 2830 lIoc
938 2780 1057 2828 Seuerum
1074 2796 1136 2831 cou-

180 2854 302 2911 stituisae,
317 2868 352 2901 car
367 2852 457 2901 Zoaim.
472 2866 492 2915 1,
507 2864 527 2902 8.
543 2854 602 2901 licet
617 2853 746 2915 eollipere.
773 2852 887 2899 Ceterum
903 2851 936 2913 cs.
952 2849 1087 2898 Sedradcr·
1101 2852 1139 2899 ud

182 2923 246 2974 Inat.
257 2939 285 2986 p.
300 2934 347 2974 tta.
414 2919 522 2987 ¹)Qune
536 2928 622 2971 emutat
637 2920 667 2968 L.
683 2933 703 2971 o.
727 2920 770 2969 Ta.
788 2921 813 2970 0.
829 2921 925 2984 udlep.
943 2920 990 2968 Iul.
1006 2921 1135 2971 (leodicii.

181 2994 212 3058 (a,
222 2991 253 3058 t),
267 2994 315 3042 sed
327 2995 420 3043 emtam
431 2994 453 3054 ξ.
465 3006 484 3042 1.
501 3000 586 3041 cetera
600 2998 660 3040 siant
674 2998 777 3040 mutata.
825 2989 845 3056 ³)
861 2990 918 3039 Hoc
928 2992 983 3039 aine
994 2990 1072 3039 daubin
1084 3006 1135 3040 non

183 3063 320 3114 collectori
328 3064 375 3113 aed
383 3063 502 3112 librariis
512 3063 625 3115 debetur.
636 3064 746 3124 capitum
754 3061 966 3124 fabricatoribus.
983 3061 1021 3123 Cf.
1033 3061 1137 3110 Huenel

181 3134 217 3183 ud
234 3133 277 3183 Tb.
291 3134 315 3182 C.
328 3150 355 3196 p.
366 3145 412 3183 sto.
465 3131 487 3197 ⁴)
502 3135 518 3180 ι’.
530 3148 550 3180 e.
563 3134 589 3179 t‘n
603 3133 699 3191 inteprr'
713 3134 832 3194 eorporis
846 3133 982 3180 masculini
996 3131 1032 3179 ud
1045 3133 1134 3179 rrirrlie-

181 3203 238 3252 bria
253 3219 269 3251 a
284 3205 348 3251 viria
359 3202 484 3264 patienda
495 3203 625 3264 praecilli.
650 3201 720 3261 Erpa
735 3203 800 3251 attii
814 3203 968 3250 ululandum,
1021 3200 1040 3264 ⁵)
1057 3186 1134 3250 Rei.

183 3272 300 3331 Gotdofr.
320 3275 353 3333 φ’.
373 3272 442 3332 plebc
457 3270 486 3321 B.
507 3272 563 3319 edd.
584 3271 649 3332 {dero
669 3271 710 3319 Vi.
730 3273 798 3334 piene
818 3272 862 3321 Ve.
928 3270 949 3336 ο)
965 3271 1009 3319 Eae
1024 3270 1067 3331 B.,
1091 3274 1137 3336 qui

181 3350 231 3390 tum
244 3342 287 3389 bic
302 3356 376 3403 pirum
391 3342 417 3387 in
433 3340 519 3390 indice
533 3342 645 3403 cupitum
659 3356 709 3389 non
725 3358 783 3403 agne
797 3342 883 3401 dubet,
898 3343 944 3391 aed
958 3343 1038 3395 acino.
1054 3357 1134 3404 proe-

180 3411 284 3461 cedeate
297 3410 314 3457 lt
328 3412 354 3458 in
368 3410 465 3472 bupitia
475 3411 675 3473 desipnutioncm
686 3420 788 3461 mutato.
814 3412 891 3461 Recte
902 3415 1087 3474 interpretatus
1097 3420 1136 3460 est

181 3480 350 3531 Mommsenua
364 3480 402 3528 ed.
416 3481 454 3542 fr.
472 3481 555 3530 Vatic.
568 3496 595 3543 p.
606 3492 653 3532 utu.
668 3480 708 3529 Bl.
724 3483 779 3531 ed:
792 3483 830 3531 nir
844 3484 975 3531 carissime.
1029 3479 1049 3543 ⁷]
1064 3482 1133 3530 Edd.

180 3558 239 3601 autc
252 3558 381 3613 occupatos
392 3566 487 3601 cerrima
498 3558 607 3615 pontini,
621 3554 696 3615 quinci
706 3553 735 3601 id
742 3554 903 3615 aipnislcuret
913 3570 929 3600 a
940 3569 1014 3601 uranu
1025 3553 1136 3601 militum*

180 3628 276 3685 captae.
308 3620 362 3669 Sed
379 3622 426 3671 doe
446 3625 472 3671 in
491 3625 580 3686 patonis
599 3624 708 3685 capituli
729 3624 836 3672 crimine
855 3626 962 3687 culpare
982 3637 1031 3670 non
1048 3625 1136 3684 poscit

178 3693 274 3757 papirii
288 3693 439 3741 irnnrunitne.
474 3694 508 3741 At
522 3699 620 3756 apectut
635 3695 783 3741 constitutio
798 3708 855 3746 eos.
870 3696 915 3756 qui
930 3696 954 3741 in
970 3692 1018 3741 boc
1030 3692 1136 3756 [lapillo

179 3763 299 3824 occupati
311 3770 379 3821 aunt,
394 3771 421 3812 ut
431 3766 520 3826 putam
535 3770 665 3827 parcentum
680 3763 739 3810 inde
751 3762 861 3824 fuciunt.
914 3761 934 3826 ⁸)
951 3762 1008 3812 Hoc
1023 3762 1053 3811 od
1064 3764 1134 3811 simi·

179 3834 312 3882 titudinem
325 3836 454 3897 sequentia
469 3836 538 3883 nocis
552 3833 658 3882 exciuit.
709 3830 731 3896 ⁰)
746 3848 770 3880 a.
782 3844 828 3884 ³90.
850 3833 888 3882 De
902 3833 1092 3895 subscriptione
1107 3834 1135 3881 ira

182 3904 226 3955 Ta.
244 3903 268 3954 0.
285 3904 387 3953 diueraa
403 3904 453 3954 nid.
467 3904 491 3953 J.
509 3903 625 3966 Gotbosr.
641 3910 665 3951 et
679 3902 786 3951 Huenel.
