2378 4386
354 516 413 553 otu
430 516 530 553 rusam.
550 499 584 553 11.
605 504 745 555 tat—tot.
973 502 1034 568 257

133 654 197 718 tta.
220 657 339 715 Heredes
362 668 452 715 autem
474 666 521 715 ant
547 660 694 715 necessarii
720 659 847 716 dIcuntur
875 669 920 715 ant
943 661 985 716 sui
1008 670 1034 717 et

71 745 218 801 necessarii
239 752 285 799 aut
307 745 437 799 extranei.
488 740 551 801 153.
574 744 746 799 Necessariae
769 745 849 801 heres
872 752 914 800 est
936 760 1035 802 seruus

69 846 132 885 cnm
147 827 273 884 libertate
287 828 366 884 heres
382 828 536 893 institutum
561 827 621 884 ideo
636 830 676 885 sic
693 827 861 903 appellatus,
882 830 959 902 quia,
975 831 1034 886 siue

71 913 137 970 uelit
158 914 218 968 siue
240 911 326 983 nolit,
350 913 504 969 omnimodo
526 921 590 986 post
611 922 725 970 mortem
749 915 887 970 testatoris
909 916 1035 987 protinus

71 997 139 1054 liber
161 1005 190 1053 et
208 997 289 1053 heres
309 1006 360 1052 est.
405 994 467 1056 164
483 996 556 1054 Unde
580 998 625 1070 qui
648 997 789 1054 facultates
809 1015 872 1054 snas
893 1007 1033 1072 suspectas

71 1081 167 1150 habet,
191 1082 262 1137 soiet
282 1098 394 1137 seruum
414 1083 500 1155 primo
523 1090 568 1136 aut
589 1082 709 1137 secundo
732 1082 775 1138 uel
799 1084 879 1138 etiam
903 1082 1033 1139 ulteriore

71 1166 157 1240 gradu
173 1165 287 1221 liberum
303 1174 331 1221 et
351 1164 476 1221 heredem
497 1167 653 1231 instituere,
675 1177 704 1223 ut
724 1167 747 1222 si
767 1165 947 1223 creditoribus
968 1170 1033 1224 satis

72 1267 127 1306 non
154 1249 216 1323 fiat,
245 1252 338 1324 potius
360 1250 439 1305 huius
462 1251 569 1306 heredis
592 1266 671 1322 quarn
695 1253 779 1325 ipsius
802 1246 939 1306 testatoris
963 1251 1034 1308 bona

73 1342 203 1404 aeneam,
230 1334 257 1391 id
281 1343 338 1400 est,
368 1344 398 1390 ut
420 1335 586 1408 ignominia,
615 1351 684 1408 quae
706 1334 801 1391 accidit
824 1351 856 1390 er
879 1335 1035 1392 uenditione

71 1418 222 1495 bonorum,
244 1420 317 1476 hunc
337 1421 429 1493 potius
452 1419 579 1475 heredem
597 1435 675 1492 quam
691 1421 780 1493 ipsum
797 1427 954 1475 testatorem
970 1435 1034 1475 oon-

72 1505 176 1578 tiogat3
200 1520 361 1578 quamquam
376 1505 451 1577 apud
465 1501 595 1559 Fufidium
612 1502 711 1560 Sabino
727 1504 846 1576 placeat,
866 1503 1034 1560 eximendum

70 1604 131 1644 enm
148 1604 208 1644 esse
222 1589 386 1662 ignominia,
408 1589 539 1661 quianon
555 1605 606 1643 suo
628 1589 706 1658 uitio,
729 1587 777 1643 sed
793 1590 955 1644 necessitate
969 1589 1035 1644 iuris

71 1672 206 1727 bonorum
227 1671 409 1728 uenditionem
429 1680 585 1745 pateretur;
608 1674 656 1728 sed
678 1673 730 1744 aiio
752 1674 809 1729 iure
831 1672 940 1731 utimur.
970 1670 1034 1730 lto.

70 1755 124 1811 Pro
140 1756 194 1812 hoc
210 1765 295 1812 tamen
311 1755 482 1813 incommodo
498 1757 568 1814 iliud
588 1759 611 1813 ei
628 1757 799 1814 commodum
816 1764 984 1829 praestatur,
1004 1765 1035 1812 ut

71 1857 111 1911 ea,
128 1850 275 1915 quaepost
290 1849 407 1897 mortem
422 1843 529 1913 patroni
545 1841 594 1897 sno
611 1841 780 1915 adquisierit,
795 1841 856 1897 siue
871 1849 934 1896 anto
950 1840 1035 1896 bono·

70 1941 129 1980 rum
150 1924 334 1981 uenditionem
354 1927 412 1981 siue
439 1934 548 1998 postea,
572 1928 623 1999 ipsi
646 1935 838 1995 resernentur;
861 1935 888 1981 et
911 1926 1035 1999 quamuis

70 2024 121 2082 pro
143 2004 291 2082 portione¹
315 2008 384 2066 bona
408 2012 558 2082 nemerim,
588 2013 685 2067 iterum
708 2028 739 2067 ex
771 2011 933 2067 hereditaria
957 2025 1035 2066 causa

70 2091 213 2150 bonactus
236 2110 291 2150 non
314 2095 441 2164 uenient,
464 2095 559 2151 nisisi
581 2096 648 2168 quid
669 2097 692 2151 ei
715 2113 747 2152 ox
769 2095 931 2152 hereditaria
954 2110 1033 2151 causa

69 2177 153 2232 inerit
168 2178 342 2251 adquisitum,
357 2174 361 2255 i
375 2179 452 2235 uelut
467 2180 489 2234 si
502 2171 603 2235 ’Latini
617 2182 705 2251 donis,
724 2173 929 2258 (qrtemliercs)
941 2179 1034 2254 adqui·
1046 2187 1091 2238 ut.
1145 2175 1151 2185 '

69 2256 171 2329 sierit‚²
186 2260 350 2336 locupietior
365 2262 453 2319 iactus
468 2265 518 2332 sit3
542 2280 602 2320 cum
623 2273 776 2322 ceterorum
793 2266 944 2337 hominum,
968 2280 1035 2338 quo·

67 2432 193 2493 aufertur
212 2430 318 2495 ideoque
336 2434 412 2482 etiam
432 2435 532 2496 petenti
554 2435 646 2483 dcrcdi
668 2435 724 2484 doli
741 2438 860 2498 exceptio
880 2437 1034 2498 opponitur:

68 2504 110 2550 sin
125 2516 188 2550 vero
202 2508 310 2551 testator
323 2503 434 2552 tabutas
443 2507 587 2553 testamenti
605 2505 729 2555 inciderit
743 2505 804 2568 (qim
824 2521 886 2554 casu
901 2512 1034 2554 testamen·

68 2574 140 2622 turia
155 2572 177 2621 b.
189 2588 217 2636 p.
233 2573 329 2639 delicit)
348 2572 528 2639 idoneiopertc
542 2591 572 2624 cu
588 2583 669 2624 mente
680 2576 789 2637 feccrit,
809 2583 836 2623 ut
855 2579 975 2624 intestato
990 2575 1035 2624 dc·

69 2644 185 2702 cederet,
209 2643 232 2693 d.
248 2660 412 2708 possessores
435 2646 466 2696 ob
490 2649 610 2696 intestato
630 2646 744 2695 obtinent
769 2645 936 2693 hereditatem
959 2647 1035 2693 etiam

68 2716 163 2779 tegatis
177 2716 379 2766 concidentibus.
418 2714 520 2766 ‘vincat
539 2717 640 2781 quidem
659 2730 761 2765 necesse
780 2723 818 2764 est
838 2717 864 2762 in
881 2714 1036 2762 hereditatis

66 2786 207 2848 petitione:
220 2787 267 2836 aed
276 2788 358 2850 fiscus
371 2790 397 2837 ei
410 2791 486 2853 quasi
501 2790 608 2853 indigno
623 2788 727 2850 auferet
740 2786 916 2843 hereditatem,
936 2799 968 2832 nc
983 2786 1036 2834 uilo

71 2855 145 2905 modo
163 2856 200 2904 ad
216 2872 284 2915 eum,
308 2874 380 2922 quem
404 2867 511 2909 testator
534 2859 652 2909 heredem
675 2857 770 2906 habere
794 2852 902 2913 noluit',
924 2854 974 2905 Ην.
1000 2855 1034 2917 cs.

70 2927 94 2987 ἕ.
110 2938 149 2977 181
165 2928 211 2989 sin.
239 2928 301 2978 Aua
324 2946 394 2979 nrtnc
414 2932 539 2994 proponit
562 2930 611 2978 Kr.
634 2931 674 2978 cd.
693 2941 712 2979 2.
779 2925 800 2994 9)
819 2927 942 2992 Sequitur
965 2928 1035 2976 lineo

22 3052 27 3062 .
71 3013 162 3056 uacua,
176 2997 299 3049 rubricae
309 3000 446 3050 destinata.
509 2998 529 3066 ¹)
540 3009 638 3065 propter
648 3001 810 3049 contractione
823 3000 848 3048 C.
859 3014 1033 3063 pro-—-

71 3095 103 3104 —
119 3096 153 3106 -
167 3081 185 3120 =t
199 3070 239 3119 cd.
253 3068 302 3135 By.
342 3072 380 3135 Cfi
398 3068 511 3121 ‘Gaius'
528 3088 556 3135 p.
572 3084 606 3123 to.
621 3082 645 3121 et
664 3071 756 3121 Scdcd.
775 3073 801 3120 in
821 3087 842 3119 u.
859 3071 1034 3119 damnationem

71 3140 144 3202 infra
158 3141 185 3189 in
201 3142 240 3202 ἐξ.
255 3152 303 3194 toa.
318 3141 365 3194 noo.
419 3141 438 3206 ¹)
453 3143 540 3192 latinus
550 3143 692 3206 adquisierit
704 3142 728 3191 0.
740 3144 816 3191 etium
831 3141 857 3190 V
856 3138 876 3172 st
883 3141 941 3190 edd.
952 3136 1033 3205 (‘out’

71 3210 160 3261 addito
173 3212 214 3260 ed.
229 3210 277 3277 Bo.
293 3210 326 3277 t.)
354 3213 452 3264 Latinus
467 3229 519 3264 cum
535 3215 670 3264 decesserit
684 3214 723 3263 ed.
735 3229 789 3263 ntea
800 3227 819 3263 1.
848 3212 902 3261 Sed
911 3227 958 3261 nec
972 3212 1036 3261 daec

141 3366 166 3439 §-
183 3371 431 3434 152.=pr.l.de
444 3374 499 3422 der.
519 3375 586 3437 quui.
603 3382 627 3423 et
646 3373 703 3436 diff.
718 3371 751 3437 (t,
766 3371 811 3436 19).
885 3366 909 3438 §-
927 3372 1035 3420 tat.-

72 3439 93 3499 ἕ.
104 3453 124 3492 1.
144 3440 210 3491 tit.
275 3439 300 3511 ξ
315 3444 372 3493 164.
384 3446 448 3505 =§.
460 3458 479 3494 1.
500 3444 521 3495 I.
537 3447 580 3494 cit.
597 3445 724 3506 ignominia
740 3439 801 3511 etc]
818 3443 856 3505 Cf.
867 3441 899 3494 t.
911 3454 931 3493 a.
951 3440 995 3489 Td.
1008 3440 1034 3488 0.

72 3509 102 3559 de
116 3512 188 3575 inoff.
204 3520 260 3561 test.
276 3516 307 3578 (e,
318 3512 361 3578 m).
391 3515 463 3577 infra
477 3527 497 3575 u,
510 3527 543 3566 ao.
558 3527 579 3576 a,
591 3527 636 3565 roe.
653 3515 712 3563 Lex
726 3513 775 3565 [ιιι.
791 3514 884 3562 munic.
900 3529 922 3561 u.
934 3524 972 3564 nr
983 3526 1034 3573 seq.

74 3579 103 3630 t.
118 3592 151 3634 m.
171 3582 204 3632 D.
219 3599 284 3648 quae
304 3587 330 3633 in
347 3585 385 3647 fr.
406 3586 476 3634 cred.
492 3586 536 3650 (tn,
551 3585 582 3650 a).
616 3586 667 3634 Cic.
680 3600 731 3648 pro
749 3583 834 3644 Quint.
851 3593 883 3634 lt.
904 3585 927 3644 §-
942 3583 1034 3643 tadeo.

75 3650 138 3704 Μ.
160 3654 185 3702 0.
202 3653 317 3718 quidun,
333 3653 494 3721 ced.(t‚t1).
566 3652 592 3724 fi
610 3658 667 3706 155.
684 3657 754 3716 εξ.
771 3667 790 3704 1.
811 3653 833 3702 I.
848 3655 891 3702 cit.
913 3653 951 3715 Cf.
966 3651 998 3699 L.
1015 3662 1034 3698 1.

74 3721 96 3782 §-
111 3734 144 3775 tt.
163 3724 196 3773 D.
211 3725 370 3790 deceperat.
387 3725 432 3791 (tn,
446 3727 478 3791 o).
493 3727 524 3775 L.
541 3739 561 3777 t.
576 3729 600 3788 §-
615 3738 635 3779 ὁ.
655 3726 687 3774 Ι).
703 3727 735 3774 dc
749 3727 840 3775 minor.
855 3721 888 3787 (t,
903 3723 935 3784 t).
964 3721 1034 3768 etium

76 3791 180 3912 zotimus]
203 3795 242 3858 Cf.
257 3796 289 3844 L.
305 3808 325 3847 o.
339 3809 359 3849 t.
380 3798 412 3846 1).
427 3798 458 3846 dc
474 3813 537 3847 cess.
553 3797 610 3846 don.
625 3797 670 3861 (tt,
680 3795 711 3862 t).
730 3796 763 3845 L.
773 3809 793 3847 a.
816 3792 1035 3845 caenomanici·

87 3865 234 3930 u.(r‚aa).

123 3965 220 4001 mana.
234 3968 314 4002 ann.
328 3970 380 4002 nar..
394 3970 431 4003 nn.
445 3969 468 4003 v.
802 3949 833 3997 17
