2378 4386
21 37 1110 355 m

201 234 243 249 ..„

101 583 160 649 782
356 597 454 636 emon.
473 596 526 634 tva.
545 597 608 633 nou.
627 596 712 634 vanc.
733 585 794 632 Μ.

100 732 169 789 dicta
190 730 231 787 lex
247 722 309 798 est‚¹
334 730 360 783 in
383 719 500 800 quibus²
522 742 655 781 summum
678 717 739 781 lus³
762 734 791 782 et
814 727 954 786 uoluntas
978 726 1078 789 ’omni‘

100 816 185 872 libera
205 812 375 868 solemnitate
397 825 471 866 inore
493 809 611 882 perlecta
631 803 729 865 ortus⁶
750 824 818 866 suos
842 817 994 885 praesenti
1018 832 1076 872 mu·

100 913 164 954 nere
180 894 333 968 opulentat.
370 893 540 966 'lempestlua
556 892 653 948 debinc
667 894 851 949 communium
870 893 1076 956 donationum⁸

53 1019 57 1026 -
101 997 165 1038 cura
187 978 327 1035 successit.
370 975 508 1033 Absolutis
524 977 594 1031 enim
615 975 684 1046 illis,
707 991 776 1049 quae
798 977 862 1033 ideo
887 982 1074 1052 primasium,

101 1065 226 1138 qnoniam
242 1068 307 1117 sunt
322 1060 453 1132 religione
468 1060 588 1132 potiora,
612 1060 777 1116 circumacto
794 1062 890 1118 auimo
908 1063 943 1118 ad
961 1067 1074 1122 uniuer-

100 1162 159 1202 sum
181 1144 357 1201 donationum
381 1159 481 1217 genus,
504 1143 692 1217 conspeximus
709 1158 803 1199 omnes
825 1160 928 1202 earnm
950 1141 1073 1223 species⁷

100 1231 186 1303 signis
201 1245 232 1284 ac
246 1227 397 1285 nominibus
413 1226 603 1299 imprimendas,
627 1233 658 1281 ut
674 1228 701 1282 in
717 1227 856 1283 bominum
875 1232 1072 1290 contractibus

100 1312 277 1370 adderentiam
299 1314 341 1368 sni
363 1311 592 1383 nuncupationum
615 1310 781 1383 proprietate
802 1323 969 1371 secernant.
1014 1310 1070 1392 (2.)

101 1396 194 1471 ltaque
208 1398 267 1452 sine
283 1395 329 1453 illa
344 1394 454 1451 donatio
468 1393 568 1450 directa
583 1395 628 1464 sit,
644 1395 702 1448 siue
717 1395 814 1449 mortis
825 1411 914 1452 causa
930 1399 1069 1471 instituta,

100 1483 159 1537 siue
174 1477 374 1536 condicionibus
390 1477 506 1534 faciendi
528 1492 583 1533 non
605 1475 753 1533 iacieudlue
774 1493 932 1550 suspensa,
957 1484 1022 1540 siue
1039 1499 1070 1539 ex

102 1563 191 1638 aliquo
207 1571 301 1619 notato
319 1570 440 1635 tempore
456 1563 603 1634 promissa,
626 1562 683 1615 siue
699 1576 731 1614 ex
747 1561 835 1616 animo
850 1561 985 1622 dantium
1002 1569 1070 1625 acei-

101 1649 267 1721 pientiumue
282 1646 433 1713 sententiis,
450 1653 578 1718 quantum
590 1645 632 1699 lus
648 1645 721 1712 sinit,
744 1639 898 1715 ’copnito;⁸
922 1649 987 1704 eius
1006 1650 1070 1708 baec

101 1733 186 1804 prima
202 1728 356 1785 obseruatio
372 1722 438 1795 est,⁹
461 1736 507 1797 nt,
530 1743 597 1800 quas
612 1728 688 1800 leges
704 1725 859 1800 indulgent,
884 1732 1108 1792 consiliatorem

99 1813 295 1886 pactionesque
311 1819 481 1886 promantur3
502 1810 598 1883 hisque
613 1812 720 1884 penitus
733 1813 851 1884 cognitis
867 1813 916 1869 uel
932 1819 1066 1891 recipian-

103 1906 157 1968 tur,
172 1899 195 1952 si
210 1895 385 1969 complacitae,
400 1897 447 1952 nel
461 1895 621 1965 reiciantur,
635 1895 659 1950 sl
674 1901 738 1949 sunt
752 1893 896 1953 molestae.
924 1898 983 1955 Sed
1000 1900 1067 1958 ’iure

101 1984 221 2052 receptis
231 1973 255 2012 ¹⁰
277 1978 424 2053 parendum
446 1980 512 2049 erit,
536 1993 585 2034 nec
607 1977 785 2050 denegabitur
808 1976 974 2052 oliicium‚¹¹
1000 1988 1065 2058 quin

101 2064 181 2120 simul
196 2079 258 2137 spes
274 2063 406 2120 abiciatur
421 2060 598 2134 adipiscendi.
639 2057 687 2134 (3.)
711 2057 865 2117 ’luretiri¹²
884 2082 953 2121 sane
969 2068 1065 2123 condi·

101 2146 223 2205 clonibus
245 2145 398 2202 indefensos
421 2146 554 2215 minores,
581 2145 705 2218 'qnando
727 2140 903 2218 praestare¹³
925 2152 1062 2222 promissa

100 2228 208 2286 difficile
223 2237 274 2298 est,
287 2244 341 2284 non
355 2220 517 2299 'pleinteim¹⁴
535 2243 650 2300 quorum
663 2236 749 2284 tamen
761 2228 933 2301 defensores,
947 2234 972 2289 sl
987 2231 1062 2290 lorte

100 2326 217 2386 percos
242 2312 268 2365 in
291 2308 420 2365 obeundis
449 2309 622 2366 donationum
646 2311 759 2383 oliieiis,
788 2328 849 2368 cum
872 2330 919 2370 res
941 2318 997 2372 erit
1019 2334 1063 2374 re-

101 2403 188 2467 cepta,
210 2391 330 2465 neplecta
346 2393 447 2449 utilitas
467 2395 579 2450 minoris
602 2388 739 2473 issent),
761 2391 873 2468 quare¹⁵
897 2397 1062 2458 'commodis

174 2522 193 2591 ¹)
208 2525 239 2573 L.
249 2539 269 2576 u
291 2525 313 2574 Τ
310 2526 333 2575 lt.
346 2525 371 2575 C.
383 2526 414 2576 de
428 2526 514 2576 donet.
531 2527 562 2592 (8,
574 2528 610 2591 ta)
624 2543 648 2577 a.
659 2539 706 2588 tte,
721 2535 749 2576 ut
762 2543 818 2577 cum
828 2528 929 2582 Bateni,
945 2535 1062 2599 aliisque

99 2605 192 2647 statuo.
244 2593 266 2662 ¹)
282 2599 299 2645 i.
314 2613 335 2646 e.
352 2599 419 2646 inter
434 2612 504 2661 quea.
557 2593 577 2660 ¹)
592 2598 616 2645 d.
632 2614 654 2647 e.
669 2599 829 2648 necessitudo
844 2602 915 2649 inter
931 2614 1062 2664 parentes

100 2675 125 2717 et
139 2666 241 2718 liberos.
292 2665 314 2731 ⁴)
329 2668 417 2716 omnib.
438 2668 468 2717 V.
479 2668 536 2717 edd.
589 2666 610 2732 ⁵)
625 2671 641 2716 i.
653 2684 674 2717 e.
686 2670 730 2732 qni
744 2684 778 2717 ex
792 2669 865 2718 nodis
879 2678 905 2719 et
920 2686 955 2720 eac
966 2675 1062 2738 quibus

101 2755 148 2789 nos
161 2739 214 2788 orti
227 2753 327 2794 snmus:
341 2739 408 2786 ocius
422 2753 457 2786 em
471 2741 503 2801 ej.
519 2737 601 2786 Binan.
616 2740 655 2787 ed.
672 2738 784 2788 dlomms.
836 2736 856 2801 ⁶)
873 2742 890 2789 i.
906 2755 928 2791 e.
944 2759 1000 2793 non
1014 2761 1061 2794 ea-

101 2817 232 2873 ceptarum
248 2823 432 2871 personarum,
451 2811 510 2857 licet
530 2811 670 2872 imperator
688 2809 754 2858 lianc
773 2811 851 2873 lepem
868 2818 962 2872 postea
979 2814 1024 2879 (L.
1038 2828 1059 2867 s.

102 2880 145 2929 Ta.
164 2879 188 2928 C.
205 2879 260 2928 eod.
276 2894 299 2927 a.
314 2878 373 2944 aas.)
388 2878 423 2927 od
441 2893 525 2928 omnes
544 2879 696 2929 donationes
713 2880 846 2941 pertinere
866 2882 1060 2944 interpretatus

96 2952 138 2999 rit.
191 2946 212 3014 ἵ)
230 2947 299 3008 Quae
313 2956 455 3014 sequuntur
468 2964 544 3014 capnt.
560 2948 606 3014 (s);
622 2950 656 3010 cf.
672 2949 702 2996 L.
719 2961 738 2998 1.
763 2949 794 2996 D.
810 2949 841 2997 de
856 2950 945 3000 donet.
963 2953 1011 3018 (sn,
1027 2956 1059 3022 5).

98 3018 120 3085 ⁸)
134 3021 230 3084 coquite
254 3018 312 3068 Vnt.
335 3020 374 3069 ed.
394 3034 448 3068 meo
462 3022 547 3083 prior.
568 3021 738 3080 cognmninete
757 3034 791 3067 ex
814 3018 857 3068 rt.
877 3028 902 3069 et
921 3021 943 3070 I.
967 3025 995 3073 C.
1018 3027 1058 3074 ed.

97 3089 226 3144 Momms.,·
245 3091 444 3152 discendnm,
463 3089 507 3138 tabi
521 3097 616 3154 tempus
631 3105 681 3139 non
697 3091 784 3152 palem
798 3092 977 3152 promissione
997 3111 1059 3146 eon·

95 3163 206 3218 linetae,
221 3160 268 3209 sed
281 3175 315 3210 ex
330 3168 408 3210 mente
422 3161 538 3208 dentium
552 3162 591 3209 nel
605 3162 785 3223 accipientium
805 3164 984 3223 copnoscitnr.

96 3227 118 3294 ⁸)
133 3238 184 3279 esto
199 3233 232 3293 ej.
243 3229 336 3279 Hollso.
391 3227 423 3292 ¹⁰)
438 3229 483 3278 Sic
498 3232 554 3278 item
566 3229 678 3279 Momms.
694 3245 727 3278 ex
739 3228 858 3291 lludorlli
873 3233 906 3292 ej.
919 3233 1059 3301 Intellipe:

95 3301 132 3349 nd
145 3300 297 3363 implendum
313 3298 545 3364 (condicionibus);
565 3301 612 3348 iuri
631 3302 724 3350 rectius
739 3300 780 3349 nd.
795 3298 894 3348 Bucltb.
965 3302 1001 3369 ¹¹)
1018 3307 1059 3355 Ab

95 3385 133 3425 eo,
149 3372 192 3419 cni
205 3369 384 3417 donotnmest.
438 3365 470 3432 ¹¹)
486 3370 508 3416 in
523 3371 614 3420 ceteri*
634 3370 661 3419 V
663 3369 685 3419 l.
704 3371 729 3418 ln
744 3371 832 3419 ceteris
841 3372 900 3419 edil.
925 3374 964 3436 Cf.
977 3376 1057 3428 Les.

99 3439 143 3487 Tn.
161 3439 186 3487 0.
201 3439 233 3487 de
248 3437 345 3487 codort.
361 3436 426 3503 (Μ)
443 3435 630 3488 ‘conditionum
643 3442 742 3505 laqueis
757 3438 897 3491 inretitos'.
921 3443 1056 3496 Jornnnd.

95 3509 127 3557 de
146 3507 198 3556 reb.
221 3507 291 3557 deit.
311 3519 344 3559 te.
375 3504 553 3559 ‘Arandarieus
572 3511 598 3558 in
618 3513 674 3573 ipsa
694 3511 868 3561 adolescentie
890 3511 1057 3566 blancorum

92 3577 234 3642 frondibus
254 3575 391 3627 irretilue’.
420 3579 549 3629 Accedere
568 3580 606 3630 ed.
627 3582 739 3631 Monimo.
815 3579 847 3645 ¹³)
863 3583 980 3646 q'tpstare
1007 3588 1055 3640 Vi.

96 3648 343 3783 qqotqqaqqprncstpre
357 3649 396 3769 οὗ.
412 3650 525 3700 Momrna.
542 3649 701 3785 tgewqs·
715 3653 783 3784 pipin
797 3661 923 3769 eqqlrntltptu
940 3656 1055 3734 oi-tietur.

171 3734 474 3772 etutatemtomnns.
617 3737 650 3771 a.
684 3737 694 3770 r
728 3744 761 3764 ιι
793 3737 820 3769 un
907 3740 939 3773 ro
972 3741 1044 3775 r.-

95 3804 168 3853 quere
179 3788 254 3838 laudet
264 3797 324 3852 post
334 3791 433 3839 officiis:
443 3792 543 3840 scilieet
553 3791 629 3840 veroa
640 3738 710 3842 rugiit
720 3738 792 3855 ‘'qu
803 3739 947 3855 aliqunzn'ido
954 3733 1057 3846 goniaea)

95 3868 121 3910 et
135 3860 170 3910 nd
183 3862 322 3925 ancrpinem
336 3863 435 3924 scripta
451 3862 512 3910 illue
526 3861 725 3919 aberraverunt,
746 3861 788 3910 ubi
807 3864 889 3917 luerit,
910 3864 948 3913 ibi
963 3866 1054 3916 incon·

97 3933 214 3990 ueniens,
236 3931 360 3981 obiectum
380 3939 425 3980 est.
459 3932 548 3980 officiis
569 3933 673 3994 neglecta
700 3928 810 4000 [suerit]
830 3933 920 3983 utilitas
942 3937 1056 3994 minoris,

16 4096 45 4125 h
