2378 4386
169 554 232 621 326
451 564 513 604 eurr
530 565 630 602 rusum.
649 546 696 601 llI.
716 551 858 602 1se-1ce.

170 714 264 782 detur,
280 709 376 769 inutile
391 707 546 765 mundatum
562 716 615 782 est,
632 709 692 782 qnia
706 706 871 782 generaliter
882 706 994 780 placuit,
1010 705 1042 762 ab
1057 706 1136 762 here·

171 799 212 855 dis
232 812 349 871 persona
365 794 558 868 obligationem
580 791 699 867 incipere
714 809 769 850 nou
783 808 875 866 posse.
913 786 977 850 ldli.
994 790 1046 848 Sed
1062 800 1137 848 recte

171 874 300 958 quoque¹
316 878 528 950 mandatumst,
545 878 610 933 dum
625 878 713 935 adhue
728 880 834 952 integra
850 893 893 933 res
909 879 955 948 sit,
977 886 1136 933 reuocatum

171 968 268 1038 luerit,
289 965 436 1022 euanescit.
466 958 535 1021 160.
557 962 624 1019 ltem
645 964 668 1019 si
684 963 771 1019 adhuc
785 965 894 1037 integro
915 962 1040 1018 mandato
1063 980 1137 1019 mors

171 1043 351 1109 alterutrius²
365 1049 541 1118 interuenlat,
555 1047 582 1104 id
594 1057 636 1103 est
648 1047 693 1104 uel
708 1049 778 1119 eius,
794 1048 840 1121 qui
852 1046 995 1117 mandarit,
1011 1046 1056 1104 uel
1068 1050 1137 1119 elus,

172 1139 218 1212 qui
240 1132 394 1191 mandatum
414 1133 582 1207 susceperit,
608 1133 728 1188 soluitur
748 1130 919 1201 mandatum
942 1131 990 1188 sed
1013 1132 1137 1190 utilitatis

172 1236 251 1281 eausa
274 1228 415 1293 receptum
437 1227 496 1288 est,
521 1225 550 1272 ut
572 1218 596 1273 sl
618 1225 728 1274 mortuo
745 1234 794 1288 eo,
817 1218 864 1289 qul
879 1218 944 1274 milri
961 1217 1138 1286 mandauerit,

171 1307 317 1380 ignorans,
341 1319 402 1358 eum
417 1301 582 1372 decessisse,
606 1311 753 1358 exsecutus
769 1302 848 1358 luero
862 1301 1035 1375 mandatnm,
1057 1318 1138 1377 posse

173 1406 216 1446 me
235 1403 319 1464 agere
333 1386 451 1443 mandati
471 1387 592 1453 actione3
613 1386 734 1459 alioquin
755 1387 825 1442 iusta
848 1396 876 1443 et
896 1386 1045 1462 probabilis
1061 1389 1139 1461 Igno·

113 1496 123 1532 t
145 1500 163 1533 n
173 1474 260 1531 rantia
271 1473 398 1530 damnum
410 1472 477 1528 milri
488 1463 648 1528 ’auterretd
660 1462 665 1549 Ι
678 1480 706 1527 et
718 1470 782 1528 huic
792 1471 879 1528 simile
893 1482 945 1542 est,
958 1474 1031 1546 qnod
1043 1472 1139 1547 pleris-

173 1575 226 1634 que
241 1558 360 1633 placuit,
381 1556 527 1612 sldebitor
542 1571 619 1612 meus
635 1557 801 1612 manumisso
817 1556 999 1631 dispensatori
1015 1574 1075 1614 meo
1090 1573 1139 1630 per

171 1644 352 1718 ignorantiam
375 1640 507 1710 soluerit,
529 1639 636 1696 liberari
651 1657 728 1714 eum,
749 1657 810 1697 oum
827 1641 946 1716 alioquin
963 1644 1057 1700 stricta
1072 1643 1139 1698 luris

172 1729 278 1784 ratione
301 1743 356 1784 non
378 1734 474 1800 posset
495 1723 604 1780 liberari
627 1742 676 1795 eo,
707 1725 780 1798 quod
810 1726 857 1783 alii
885 1727 1031 1801 soluisset,
1059 1743 1139 1801 quam

172 1814 216 1870 eui
243 1811 352 1869 soluere
377 1809 499 1866 deberet.
544 1803 607 1865 161.
631 1808 697 1865 Corn
719 1819 810 1867 autem
833 1812 874 1881 is,
903 1812 947 1868 cui
971 1824 1044 1870 recte
1067 1829 1140 1868 man·

172 1897 309 1967 dauerim,
329 1911 460 1969 egressus
475 1892 558 1950 luerit
575 1893 740 1966 mandatum,
756 1912 809 1970 ego
825 1896 935 1969 quidem
951 1907 1064 1954 eatenus
1079 1913 1141 1955 cum

172 1997 206 2038 eo
221 1981 309 2039 habeo
324 1979 442 2037 mandati
464 1980 614 2050 actionem,
638 1989 774 2053 quatenus
796 1995 854 2036 mea
869 1982 995 2051 interest,
1014 1983 1141 2056 implesse

110 2087 159 2127 aa.
173 2082 235 2123 euru
261 2064 431 2134 mandatnm,
453 2057 496 2140 isi
516 2062 597 2118 modo
621 2064 732 2139 implere
756 2066 893 2138 potuerit3
916 2073 943 2119 at
965 2065 1012 2121 ille
1035 2083 1142 2122 meeum

173 2166 255 2224 agere
271 2166 326 2206 non
341 2155 449 2222 potest:
473 2149 566 2221 traque
587 2151 609 2205 si
625 2148 807 2205 mandauerim
823 2147 887 2220 tibi,
910 2156 940 2203 ut
956 2149 1032 2206 uerbi
1051 2153 1141 2225 gratia

174 2234 287 2290 fundum
312 2234 377 2288 milri
399 2235 536 2291 sestertiis
559 2249 577 2292 o
599 2250 721 2303 emeres,
749 2240 780 2289 tu
807 2237 948 2291 sestertiis
970 2249 1008 2292 on
1031 2237 1140 2307 emeris,
1155 2247 1187 2299 {es

107 2324 229 2379 uttnon
252 2315 361 2375 habebis
381 2334 485 2375 mecum
510 2312 513 2397 i
539 2319 655 2375 mandati
678 2318 831 2389 actionem,
853 2319 957 2375 etiamsi
980 2322 1049 2376 tanti
1072 2321 1141 2378 uelis

174 2403 239 2459 milri
261 2401 326 2461 dare
349 2402 479 2476 fundum,
502 2405 595 2479 quanti
620 2403 761 2460 emendum
784 2402 833 2459 utu
851 2403 1035 2479 mandassem3
1060 2406 1141 2480 idque

174 2489 287 2544 maxime
315 2487 414 2545 Sabino
444 2499 471 2546 et
499 2487 591 2544 Cassio
615 2488 730 2561 placuit:
763 2488 861 2562 quodsi
891 2491 1003 2546 minoris
1033 2492 1140 2555 emeris,

173 2572 284 2631 lralreltls
306 2590 411 2631 mecum
427 2574 530 2630 scilieet
545 2574 694 2642 actionem,
720 2575 781 2646 quia
796 2575 842 2647 qni
858 2574 976 2647 mandat,
993 2583 1024 2631 ut
1039 2591 1057 2634 o
1072 2574 1141 2631 rnili-

173 2658 224 2715 bus
247 2667 398 2729 emeretur,
421 2660 444 2716 is
462 2660 557 2731 utique
573 2657 700 2715 mandare
714 2656 896 2733 intellegitur,
920 2662 959 2714 uti
975 2662 1097 2730 minoris,
1118 2659 1141 2713 si

172 2754 284 2818 posset,
306 2752 451 2801 emeretur.
495 2737 560 2802 162.
585 2743 614 2799 ln
636 2759 740 2800 summa
762 2743 901 2800 sciendum
918 2743 986 2815 (est,
1009 2749 1141 2818 quotiens

170 2824 355 2906 faciendum)
377 2828 479 2903 aliquid
500 2829 586 2903 gratis
602 2826 733 2900 dederim,
756 2845 811 2901 quo
828 2831 936 2885 nomine
952 2831 975 2884 sl
991 2829 1141 2885 mercedem

173 3002 279 3049 tacitam
298 3000 450 3049 contrariae
468 2998 581 3047 actionis
599 2995 782 3063 cdlipntionem
801 3014 857 3047 cum
876 3012 1001 3062 expresso
1022 2998 1139 3045 directae

174 3069 350 3132 confundens,
370 3070 420 3118 uid.
437 3069 469 3119 L.
485 3079 518 3119 aa.
537 3069 561 3129 ὅ.
577 3079 611 3118 lt.
631 3067 663 3116 L.
678 3080 712 3120 ts.
728 3081 761 3120 27.
782 3071 805 3130 ξ.
820 3081 841 3118 t.
861 3069 894 3119 I).
908 3069 992 3119 mand.
1008 3065 1057 3133 (tt,
1078 3064 1100 3130 t)
1116 3074 1140 3116 et

178 3138 365 3189 Unterlrolzner
382 3137 552 3188 Scluldoerlt.
573 3137 699 3201 Iprees.
717 3156 744 3203 p.
768 3139 877 3189 XVIII.
952 3136 972 3205 ¹)
990 3137 1141 3202 Suspectam

174 3225 260 3260 vocem
279 3217 481 3270 consummatum,
501 3224 566 3274 quae
585 3211 660 3258 alind
677 3211 809 3276 sipnifloat
828 3210 863 3276 (ξ.
884 3225 917 3263 11.
937 3210 959 3260 I.
978 3211 1003 3260 l.
1023 3217 1040 3262 t.
1060 3210 1093 3260 1..
1108 3221 1141 3260 22.

174 3282 199 3343 ἕ.
215 3293 248 3333 11.
269 3279 465 3345 I).eed.1t,1)
484 3287 512 3329 ut
529 3282 656 3345 ploaeemo
674 3281 698 3330 t.
719 3284 735 3330 t.
755 3284 844 3335 orniet:
863 3284 899 3345 cs.
914 3285 937 3344 ἓ.
952 3295 973 3334 s.
993 3281 1015 3331 I.
1035 3282 1060 3331 Ir.
1079 3288 1097 3331 t.
1119 3288 1143 3330 et

175 3351 248 3414 infra
268 3354 291 3413 ξ.
312 3362 358 3402 tet.
383 3357 448 3400 recte
468 3350 636 3400 mandauerim.
666 3353 724 3402 item
738 3360 800 3416 post
819 3355 846 3402 in
866 3355 888 3415 g.
910 3365 956 3404 aco.
977 3354 1087 3403 alieuius.
1112 3351 1142 3401 In

175 3429 298 3472 contextu
312 3424 427 3472 seruauit
440 3423 479 3472 ed.
495 3423 544 3472 Kr.
559 3435 580 3473 a.
655 3420 676 3488 ²)
691 3423 777 3473 Etiam
796 3424 821 3473 Ir.
836 3427 853 3473 l.
869 3424 970 3473 nlicuins
988 3425 1013 3474 C.
1034 3432 1061 3474 ut
1074 3425 1142 3490 plce-

174 3507 244 3542 rema
262 3509 318 3543 cum
334 3492 418 3544 Instit.
437 3496 510 3546 eieci.
535 3492 655 3544 Servavit
674 3495 713 3545 ed.
734 3495 783 3544 It'r.
798 3506 818 3545 a.
894 3491 915 3559 ⁸)
930 3494 999 3561 n(on)
1015 3497 1101 3545 atleret
1117 3494 1142 3545 C.

247 3649 273 3720 ξ.
290 3654 562 3717 159.=§.s.l.de
577 3654 661 3707 mand.
677 3653 712 3719 (s,
727 3654 773 3717 sc).
797 3654 836 3717 Os.
852 3654 922 3718 Eptt.
938 3668 959 3718 e,
974 3667 995 3707 s.
1015 3657 1039 3717 ς.
1055 3667 1089 3706 ae.

175 3718 202 3791 ἦ.
218 3725 492 3787 160.=§.o.1.to.
565 3721 1143 3794 §.tdt.0s.§.s.l.ib.L.a.§.e.L.a.

176 3795 209 3844 0.
225 3795 309 3844 mand.
326 3797 369 3859 (m,
386 3797 416 3862 ι).
436 3797 506 3861 Epis.
522 3809 543 3860 e,
558 3809 578 3848 s.
593 3797 617 3857 ὅ.
632 3808 667 3847 eo.
688 3797 763 3846 Paret.
775 3808 796 3854 e,
811 3807 844 3847 as.
860 3798 883 3859 §-
899 3808 920 3848 s.
984 3794 1010 3865 ξ.
1028 3800 1087 3849 loe.
1105 3797 1142 3860 Cf.

176 3867 200 3929 ὅ.
221 3878 253 3918 ss.
278 3866 299 3916 I.
320 3866 353 3917 a'b.
373 3868 405 3918 L.
425 3882 445 3920 1.
465 3871 489 3931 ὅ.
507 3880 530 3918 4..
554 3868 586 3918 D.
607 3868 691 3916 mand.
712 3868 761 3934 (tt,
778 3868 808 3933 1).
828 3867 1143 3931 1..se.1).uepraeecr.

176 3937 246 3987 verb.
261 3940 312 4007 (te,
327 3938 358 4003 tt).
