2378 4386
405 1289 526 1362 LEX
563 1288 669 1359 DEI

509 1442 577 1484 slva

81 1540 321 1598 MOSAICARVM
340 1539 387 1594 ΕΤ
406 1538 643 1593 ROMANARVM
662 1536 788 1593 LEGVM
807 1538 995 1596 COLLATIO.

10 1681 52 1728 ur]
130 1672 231 1724 Tribus
254 1669 397 1724 codicibus
419 1668 614 1738 manuscriptis
635 1669 704 1723 haec
728 1669 801 1724 ‘Lex
819 1668 897 1735 Der,
919 1671 962 1723 uti
983 1673 1013 1725 in

63 1740 118 1794 illis
135 1738 203 1808 ipsis
220 1737 374 1815 codicibus,
393 1738 451 1814 sive
469 1736 537 1790 Mos.
557 1739 586 1791 et
603 1736 682 1790 Rom.
706 1736 801 1815 legum
825 1737 957 1814 Collatia,
981 1741 1014 1792 ut

63 1803 1014 1949 attritis}trisittiamutititvttt0it¹ztittt

63 1957 160 1995 omnes
179 1939 329 1993 admodum
348 1941 471 2006 corrupti
488 1940 560 1999 sunt
579 1955 631 1991 nec
649 1939 723 1990 mter
740 1955 770 1992 se
782 1939 856 1991 ullus
868 1954 964 1992 eorum
977 1939 1012 1992 ab

63 2009 120 2063 alio
163 2007 260 2070 endet;
283 2005 491 2072 antiquissimus
513 2007 608 2058 tamen
631 2004 742 2058 videtur
759 2005 956 2069 Berofinensin,
979 2022 1013 2059 ex

63 2092 118 2144 quo
154 2075 265 2127 ithacus
277 2089 301 2126 a.
314 2079 386 2126 1573.
398 2074 518 2139 primum
529 2071 713 2125 Collationem
726 2073 826 2136 edidit3
838 2072 1014 2126 existimatur

64 2142 138 2195 enim
157 2157 215 2194 esee
234 2140 321 2194 saculi
339 2140 431 2192 octavi
448 2138 494 2193 vel
512 2140 586 2203 noni,
604 2140 692 2192 ceteri
709 2140 794 2193 seculi
812 2139 966 2205 undecimi;
985 2142 1015 2194 et

63 2209 112 2261 ille
130 2210 162 2260 ut
179 2207 254 2260 solus
272 2209 414 2274 integrum
432 2207 557 2259 continet
569 2222 638 2275 opus
650 2207 696 2260 vai
709 2208 784 2261 certe
797 2207 840 2265 tit.
853 2205 927 2262 XVI.
940 2224 1015 2261 nunu

63 2273 195 2327 ultimum
213 2276 365 2342 (integrum
384 2273 457 2326 enim
470 2275 561 2342 ipsum
574 2290 643 2393 ⁰an
655 2274 691 2327 ad
703 2290 753 2327 nos
764 2275 937 2343 parvenisse,
948 2275 1015 2329 iicet

64 2341 213 2395 verisimile
232 2342 276 2403 sit,
294 2343 389 2394 tamen
408 2340 470 2406 quis
486 2343 600 2409 praesta
619 2342 682 2406 iti),
701 2343 743 2394 ita
760 2341 966 2406 attitulatum,
984 2341 1013 2394 in

64 2424 133 2475 quos
144 2409 205 2475 ipse
218 2409 315 2461 auctor
327 2423 396 2474 opus
407 2424 487 2460 suum
500 2406 687 2468 distribuerat,
700 2424 839 2471 numeros,
853 2424 1014 2476 quanquam

63 2491 115 2529 nac
133 2476 191 2543 ipse
209 2474 341 2541 integros,
361 2477 455 2527 tamen
474 2474 651 2541 aliquatenus
662 2476 799 2538 servavit,
813 2475 861 2542 qui
873 2476 902 2527 in
914 2476 1014 2528 ceteris

64 2542 186 2661 capiffim
205 2541 528 2660 dietribult'ionit‘oeseierii'
548 2557 632 2618 quam
650 2541 679 2593 in
692 2541 1011 2662 omniblustribuisssgodd.

64 2624 116 2662 soi
170 2625 305 2662 ranorum
329 2624 391 2661 icen
406 2624 448 2661 rae
481 2624 558 2661 ean
581 2624 662 2661 nemo
704 2624 779 2661 nive
803 2624 889 2659 unum
951 2624 1013 2661 rum

63 2676 224 2742 inspexerit,
243 2674 392 2727 dubitabit
560 2646 567 2673 ’
665 2626 702 2677 ’q

131 2743 235 2794 Auctor
253 2741 416 2796 collationis
433 2741 495 2808 quis
517 2741 565 2804 sit,
588 2742 740 2810 ignoratur.
775 2740 905 2793 Rufinum
928 2742 1014 2809 Aqui·
1079 2792 1082 2797 .

64 2807 197 2861 leiensam
214 2809 408 2884 presbyterum
420 2808 512 2869 fuisse,
532 2824 566 2860 aa
578 2808 697 2861 maxime
710 2808 745 2861 de
758 2822 841 2860 causa
859 2824 904 2859 sus
926 2810 1014 2861 icatus

64 2891 125 2926 sum
148 2889 180 2926 ar
218 2877 375 2942 mentuque
397 2874 514 2927 instruxi
532 2874 676 2940 (Zeitschr.
699 2875 717 2927 f.
736 2873 829 2943 gesch.
848 2873 873 2925 R
912 2873 1012 2930 .XIII.

65 2956 165 2997 comm.
179 2891 227 3008 zu),
246 2942 321 3018 qnod
339 2957 434 2994 rumor
451 2941 542 2995 seculo
561 2941 668 2994 decimo
686 2945 765 2994 sexto
778 2939 1014 3009 percrebuerat,a

85 3007 204 3060 rimariis
230 3009 297 3062 vrris
318 3011 475 3076 susceptus,
498 3008 693 3062 ‘Collationem
715 3009 819 3061 habere
841 3008 870 3059 in
892 3008 1014 3075 quadam

64 3025 236 3129 Bibliotheca
265 3075 432 3130 Germaniae
461 3091 563 3129 nomen
592 3075 691 3129 Licinii
719 3073 814 3128 Rufini
840 3074 1013 3142 praefixum’.

65 3139 174 3195 Curtius
200 3145 255 3207 eat,
282 3152 424 3196 auctorem
450 3142 636 3196 Christianum
668 3142 751 3196 fuisse
779 3157 869 3207 eoque
898 3143 1014 3197 consilio

66 3208 137 3261 hanc
155 3209 238 3277 ‘legis
255 3208 318 3262 Dei’
338 3211 367 3262 et
384 3209 479 3279 legum
494 3211 681 3264 Romanarum
699 3208 930 3277 compositionem
948 3211 1014 3264 scri-

64 3276 163 3343 psisse,
190 3278 236 3339 ut,
260 3276 413 3352 praemissa
435 3277 525 3344 (quod
546 3278 660 3330 credere
685 3293 736 3346 par
758 3278 814 3344 est)
840 3276 1014 3344 praefatione

64 3358 138 3395 nunc
156 3341 311 3419 deperdita,
330 3359 387 3432 qua
404 3344 456 3396 hoc
475 3344 620 3398 consilium
633 3344 786 3413 aperiebat,
806 3359 836 3397 re
848 3342 911 3420 ipsa
923 3347 1013 3398 osten·

65 3409 154 3472 deret,
173 3410 247 3477 quod
266 3426 321 3462 iam
343 3409 528 3463 Pertullianus
546 3411 655 3479 apolog.
674 3419 715 3464 45.
745 3411 879 3465 Romanis
897 3411 1015 3465 ethnicis

64 3476 237 3543 obgesserat:
258 3477 337 3528 ‘dum
349 3478 465 3536 tamen‘.
483 3477 584 3544 inquit,
603 3478 716 3541 ‘sciatis
729 3479 803 3598 ipisuas
815 3493 927 3546 quoque
939 3479 1016 3547 leges

64 3546 171 3595 vestras
190 3548 235 3607 (sc.
255 3545 312 3608 aa),
331 3558 404 3611 quas
420 3543 552 3596 videntur
570 3543 605 3595 ad
623 3544 741 3597 innocen

63 3608 160 3661 divina
181 3609 245 3678 lege
267 3612 300 3663 ut
320 3610 477 3677 antiquiore
500 3608 590 3662 forma
611 3612 753 3664 mutuatas
776 3620 846 3666 esse’
870 3614 900 3664 et
917 3613 1016 3679 postea

63 3673 119 3729 Leo
142 3675 261 3744 Magnus
283 3677 313 3729 in
336 3693 419 3729 causa
444 3675 643 3729 matrimoniali
669 3677 844 3752 praedicavit
865 3679 919 3746 (ep.
944 3681 1015 3744 167),

64 3742 164 3795 ‘multo
183 3744 260 3810 prius
276 3743 329 3796 hoc
347 3743 357 3795 i
378 3759 439 3794 sum
452 3741 571 3796 Domino
590 3746 786 3805 constituente,
806 3760 891 3812 quam
903 3743 1015 3796 initium

62 3806 185 3861 Romani
205 3809 273 3862 iuris
296 3808 354 3862 exis
386 3809 452 3861 ret’:
476 3823 565 3875 eoque
588 3808 671 3861 modo
690 3809 818 3863 ICtorurn
840 3811 1016 3879 potissimum

62 3873 168 3927 fastum
186 3876 360 3943 reprimeret,
378 3875 472 3941 legem
490 3872 675 3929 Christianam
693 3879 743 3929 aut
756 3878 892 3944 tanquam
903 3875 1016 3944 imperii

784 3563 812 3597 m
829 3560 960 3612 pergere,
980 3544 1014 3598 de
