2378 4386
139 528 201 595 180
440 545 501 580 aare
519 545 620 583 rasrrr.
638 526 658 578 Ι.
670 527 800 595 ‚ute-34.

140 685 228 762 (etde
247 684 252 761 Ι
270 690 332 759 filia
348 677 517 761 annicula)¹
537 683 607 740 dicto
630 683 830 756 intellegemus.
859 676 924 739 82³2
940 684 1103 755 Praeterea

139 789 179 831 ex
192 775 255 844 iope
279 772 393 826 Visellio
416 776 474 824 tam
488 772 613 824 maiores
633 784 720 840 quam
739 770 864 823 minores
879 774 948 816 ΗΧ
960 786 1104 825 aurearum

138 858 305 912 manumissi
326 862 353 910 et
373 852 471 909 Latini
493 852 571 924 facti
588 856 634 908 ius
657 850 809 919 Quiritium
830 845 1056 925 adipiscuntur‚²
1078 853 1104 908 id

140 948 183 997 est
198 936 267 994 fiunt
281 939 357 994 ciues
371 936 493 1007 Romani,
516 938 539 992 si
554 937 654 993 Romae
675 939 747 993 inter
763 936 860 1009 uigiles
881 953 928 992 set
944 939 1020 992 annis
1036 937 1105 992 mili-

141 1024 271 1080 tauerlut.
304 1030 399 1096 postea
420 1020 520 1078 dicitur
539 1020 639 1077 lactum
660 1038 721 1077 ease
735 1029 844 1076 senatus
859 1020 1026 1093 consultum,
1050 1038 1104 1093 quo

141 1107 203 1163 data
217 1118 260 1163 est
274 1106 329 1163 illis
344 1107 439 1161 ciuitas
454 1106 582 1176 Romana,
598 1108 620 1161 si
639 1107 784 1162 triennium
799 1106 908 1163 militiae
924 1106 1104 1179 expleuerint.
1117 1118 1171 1170 trost

140 1186 202 1248 82⁰.
219 1190 285 1247 ltem
300 1190 389 1247 edicto
404 1182 504 1268 (diui)³
519 1189 625 1247 Claudii
637 1190 723 1247 latini
738 1191 780 1246 ius
797 1188 942 1257 Quiritium
957 1207 1108 1247 consecun·

141 1285 197 1348 tur,
212 1276 235 1331 si
251 1292 347 1332 nauem
363 1276 491 1331 marinum
514 1274 735 1344 aedifieauerint‚
759 1291 829 1348 quae
852 1293 906 1331 non
922 1277 1011 1331 minus
1028 1292 1108 1349 quam

140 1360 234 1417 decem
249 1360 321 1416 milia
337 1359 491 1416 modiorum
504 1360 644 1432 frumenti
660 1361 763 1433 capiat,
786 1376 870 1433 euque
886 1361 964 1415 uanis
979 1360 1024 1415 uel
1040 1376 1108 1433 quae

141 1447 169 1501 in
191 1447 250 1502 eius
272 1445 364 1503 locunt
390 1444 537 1501 substituta
560 1447 611 1513 ait,
634 1461 690 1502 sex
712 1445 790 1500 annis
812 1445 977 1500 trumentum
998 1446 1107 1501 Roranam

140 1531 303 1604 portauerit.
335 1526 386 1588 33.
402 1530 544 1586 Praeterea
558 1550 577 1586 a
593 1530 716 1596 Nereine
732 1533 912 1585 constitutum
932 1538 975 1586 est
991 1523 1109 1598 edraim,

142 1623 184 1685 nt,
199 1616 222 1670 si
238 1614 358 1677 latinus,
376 1616 423 1689 qui
439 1615 629 1688 patrimonium
645 1616 800 1669 sestertium
813 1630 851 1673 co
863 1615 965 1670 milium
986 1613 1108 1688 plurisue

142 1697 262 1769 habebit,
285 1701 312 1755 ia
335 1699 402 1757 urbe
424 1698 508 1755 lloma
530 1699 641 1755 donnum
663 1696 860 1770 aetlilicauerit‚
883 1703 911 1755 iu
934 1693 1032 1772 quam⁵
1054 1715 1108 1754 uon

142 1785 232 1841 minus
248 1798 330 1857 quam
346 1792 449 1858 partem
472 1784 608 1839 dimidiam
630 1783 790 1857 patrimonii
808 1786 850 1838 sui
872 1785 1044 1857 impenderit,
1068 1786 1110 1838 ius

143 1869 286 1935 Quiritium
309 1877 502 1941 consequntur.
540 1865 589 1925 34.
606 1867 723 1941 lienique
747 1861 876 1943 (diuua)⁸
898 1869 1028 1923 Traianus
1046 1885 1111 1924 con·

218 1999 237 2066 ¹)
257 2001 302 2050 Ex
321 2000 411 2065 Suppl.
430 2001 466 2052 St.
486 2002 525 2050 ed.
545 2014 565 2052 2.
582 2018 608 2065 p.
629 2002 709 2052 XXI.
748 2002 863 2051 Ceterum
886 2003 912 2049 in
933 2018 955 2049 u.
976 2015 1042 2052 1-5.
1058 2006 1109 2050 iam

145 2073 204 2122 edd.
220 2075 305 2135 prior.
324 2075 475 2122 sententiam
490 2074 664 2137 perfeceram.
702 2073 763 2122 cinis
787 2072 898 2121 Romana
917 2099 951 2108 -
972 2073 1023 2135 ipse
1048 2073 1110 2119 lilius

145 2144 216 2193 cuius
230 2171 264 2180 -
279 2144 351 2193 debet
365 2132 461 2193 censam
476 2145 587 2208 probare,
602 2153 627 2194 ut
640 2145 698 2194 edd.
708 2158 745 2180 ’-
766 2142 836 2203 Quae
848 2151 991 2208 sequuntur
1005 2144 1044 2204 ἓξ.
1060 2136 1109 2192 333.

143 2217 191 2267 333.
206 2226 239 2266 33.
255 2227 289 2267 ut.
304 2216 340 2264 ad
354 2230 432 2278 usque
444 2216 521 2278 finem
531 2229 582 2280 pa
601 2216 627 2265 V
626 2254 632 2265 .
643 2230 762 2281 mannum
770 2230 805 2263 ex
820 2212 864 2263 V·t
877 2222 1039 2280 aupmentum
1052 2229 1110 2262 scre·

144 2301 211 2346 acre,
227 2286 296 2349 quad
309 2285 418 2335 abiectis
433 2288 474 2345 iia,
494 2303 559 2352 quae
580 2290 606 2337 in
624 2288 681 2337 edd.
698 2301 718 2338 1.
733 2298 753 2337 2.
768 2295 922 2337 commentus
936 2297 1016 2348 eram,
1035 2288 1111 2335 etiam

145 2371 203 2406 eum
211 2356 433 2406 emendationibus
441 2357 555 2418 Studdi,
562 2361 658 2424 paucis
667 2366 774 2413 tantum,
785 2374 849 2423 quae
861 2359 985 2415 indicaui,
996 2359 1113 2421 exceptio

145 2428 185 2476 uel
199 2429 312 2485 mutatis,
327 2428 389 2478 iruic
402 2430 442 2478 ed.
460 2426 507 2498 [4.]
523 2432 630 2480 inserui.
705 2426 726 2493 ²)
741 2430 815 2480 Haec
834 2431 870 2480 ad
886 2432 1039 2479 sententiam
1058 2431 1112 2492 ipse

144 2500 270 2562 suppleri.
328 2495 473 2566 ⁵)rlddidt'.
529 2499 552 2568 ⁴)
567 2501 599 2550 In
620 2498 665 2551 W
683 2509 796 2552 notatum
815 2502 899 2565 luisse
916 2508 979 2565 puto
995 2516 1049 2561 con,
1063 2506 1112 2548 tum

145 2577 171 2620 et
184 2577 229 2618 est.
260 2570 409 2623 noscimur
427 2574 528 2638 quidem
542 2575 644 2623 initium
660 2574 739 2623 huius
752 2576 788 2635 §.i
802 2576 839 2623 ita
854 2573 1040 2623 restituendum
1055 2587 1112 2620 een·

146 2643 214 2692 suit:
229 2639 300 2709 ‘leye
314 2643 385 2694 Iulia
400 2653 503 2695 cautum
517 2652 562 2702 est,
579 2653 607 2693 ut
616 2646 737 2703 Latinus,
751 2647 775 2694 si
790 2647 816 2693 in
829 2645 990 2709 perficienda
1005 2643 1113 2692 aedilicio

148 2713 244 2765 Rornae
258 2731 306 2765 non
320 2714 410 2765 ninus’
426 2725 473 2767 etc.
489 2732 524 2766 erc
537 2716 570 2765 11.
581 2728 626 2767 133.
644 2716 677 2767 D.
687 2717 719 2765 de
731 2715 798 2765 aerb.
809 2717 899 2779 signif.
912 2715 983 2779 (Ulp.
994 2715 1037 2763 lib.
1049 2727 1068 2766 t.
1079 2715 1115 2762 ad

147 2788 164 2834 I.
176 2786 225 2836 Iul.
236 2796 261 2836 et
272 2787 358 2851 Pap).
384 2788 475 2837 Cetera
486 2796 547 2837 tuae
557 2789 676 2852 egregia·
690 2787 737 2835 aed
745 2786 777 2833 de
792 2787 846 2848 lepe
857 2784 928 2833 Iulia
939 2801 986 2835 nec
995 2792 1113 2849 apparet,

148 2873 199 2920 qua
213 2860 315 2907 ratione
330 2859 403 2907 eade
416 2858 466 2907 itae
476 2857 631 2905 Latinarum
641 2856 772 2918 beneficio,
788 2856 832 2918 qui
846 2861 897 2902 tum
908 2857 1020 2904 nondum
1030 2864 1115 2917 erant,

148 2929 284 2991 quiequam
294 2935 397 2976 cautum
407 2942 461 2976 esse
467 2927 591 2990 patuerit,
603 2933 627 2973 et
637 2925 668 2973 L.
679 2938 714 2995 pt.
730 2926 762 2973 D.
772 2928 819 2975 sol.
831 2933 904 2974 matr.
917 2925 961 2989 (rt,
971 2924 994 2988 3)
1005 2929 1115 2975 muaime

147 2999 172 3057 ἓ.
188 3008 208 3046 t.
224 2998 343 3053 ostendit,
364 2997 427 3059 quid
446 2999 472 3044 in
492 3011 572 3044 eausa
584 2996 676 3059 suerit,
698 3003 724 3044 ut
743 2995 868 3059 Ulpianus
887 2998 935 3045 ltoc
954 2995 1021 3045 libro
1036 2998 1068 3044 de
1084 2999 1115 3044 li-

148 3065 230 3114 dertis
243 3066 374 3115 dotalibus
384 3066 490 3115 Latinis
504 3068 544 3114 vei
555 3067 629 3129 sacto
644 3069 734 3116 mariti
743 3070 783 3116 ael
792 3083 839 3118 auo
854 3071 911 3116 iure
926 3068 1054 3117 civitatem
1068 3070 1114 3115 ad-

148 3137 216 3200 epita
229 3143 378 3198 exponeret.
412 3136 556 3186 &aeterra
572 3153 628 3186 curn
645 3137 725 3187 Gaius
740 3140 857 3188 ordinem
876 3140 999 3202 temporis
1012 3147 1117 3188 uerutus

149 3220 206 3256 esee
220 3206 347 3264 uideatur,
369 3221 422 3256 non
436 3206 533 3266 dubito,
552 3223 587 3257 ea
605 3208 686 3259 Tacit.
703 3210 735 3259 A.
751 3222 785 3271 13,
799 3222 833 3261 tt.
849 3212 885 3259 ad
898 3227 922 3259 a.
938 3221 971 3262 33.
1002 3207 1117 3259 ‘addidit

145 3278 266 3341 praemia
272 3292 323 3340 pra
333 3280 458 3342 cuiusque
466 3280 558 3328 ordine
569 3287 593 3328 et
603 3283 644 3330 rei
651 3282 796 3345 familiaris
807 3279 900 3345 copiis'
912 3282 1026 3332 Neronis
1033 3283 1117 3332 edicto

148 3348 200 3398 irae
218 3345 366 3411 beneficium
384 3349 544 3400 adscribere.
571 3350 636 3401 Nam
657 3353 834 3418 Vespasianus
853 3356 907 3403 alia
921 3355 1020 3403 sancit.
1046 3352 1116 3402 Suet.

156 3418 233 3482 Veep.
243 3430 264 3470 3.
284 3418 344 3468 Lex
355 3420 427 3470 Fiam
438 3422 501 3472 Mal.
508 3434 543 3473 33.
562 3422 616 3473 Sed
624 3432 649 3474 et
658 3433 763 3475 senatus
772 3417 820 3475 nee
834 3423 939 3474 Tacitus
949 3427 1061 3473 meminit
1071 3440 1118 3473 nee

151 3491 208 3540 eiua
214 3497 305 3553 partes
314 3492 342 3539 in
350 3507 379 3540 re
386 3494 442 3559 lepe
452 3509 502 3544 nort
513 3498 652 3545 consumta
660 3496 776 3547 solebant
784 3511 846 3546 ease.
882 3492 903 3557 ὓ)
913 3510 959 3558 qno
973 3492 1073 3558 V'iqua
1084 3496 1116 3556 ci.

151 3559 224 3611 Stud.
249 3560 302 3609 Sea
314 3560 395 3612 Gaius
405 3565 493 3614 dicere
502 3567 567 3615 solet
577 3568 723 3630 impendere
732 3569 758 3615 in
766 3565 875 3630 aliquid.
887 3565 936 3613 It'r.
945 3566 984 3614 ed.
994 3578 1014 3616 3.
1026 3573 1053 3613 ut
1063 3581 1117 3614 aas.

207 3681 297 3754 3333.
311 3688 349 3750 Cf.
360 3686 509 3750 Ulp.u‚o.—
519 3688 721 3739 Orelli-Henna
728 3688 812 3738 Inser.
819 3687 939 3738 1113133.
977 3684 1002 3753 ἓ.
1011 3689 1066 3736 32⁰.
1079 3686 1118 3747 Cf.

159 3756 215 3821 tltp.
225 3769 246 3816 3,
256 3770 277 3809 3.
296 3756 367 3807 Suet.
378 3758 469 3807 Claud.
478 3771 512 3809 13.
531 3757 657 3809 Scaeuola
668 3759 692 3807 L
701 3771 721 3809 3.
742 3757 774 3807 D.
782 3759 814 3806 de
824 3765 906 3806 uacat.
916 3756 962 3819 (to,
970 3756 1002 3820 t).
1024 3755 1087 3805 Nau.
1098 3768 1118 3805 3.

158 3827 282 3879 Tlleodar.
293 3829 330 3878 II.
372 3824 398 3897 ᾗ.
410 3831 453 3880 33.
465 3829 503 3892 Cf.
514 3828 569 3893 Uip.
581 3841 602 3889 t,
613 3843 632 3882 1.
648 3830 680 3879 t.
692 3840 738 3881 133.
754 3827 971 3893 adspernamur.
983 3825 1077 3892 (tinto).
1085 3854 1117 3863 -

158 3899 280 3951 Troiad.
292 3899 450 3960 13138311.
464 3901 540 3966 Vesp.
550 3914 571 3954 a.
609 3897 635 3970 §-
643 3904 686 3953 34.
699 3901 737 3963 Os.
751 3899 806 3964 Uip.
816 3911 837 3958 3,
848 3913 867 3950 t.
885 3898 929 3948 Fr.
945 3899 1003 3949 Vnt.
1014 3911 1062 3952 ess.
1072 3910 1119 3951 ess.
