<?xml version="1.0" encoding="UTF-8"?>
<!DOCTYPE html PUBLIC "-//W3C//DTD XHTML 1.0 Transitional//EN"
    "http://www.w3.org/TR/xhtml1/DTD/xhtml1-transitional.dtd">
<html xmlns="http://www.w3.org/1999/xhtml" xml:lang="en" lang="en">
 <head>
  <title>
</title>
<meta http-equiv="Content-Type" content="text/html;charset=utf-8" />
  <meta name='ocr-system' content='tesseract 3.04.00' />
  <meta name='ocr-capabilities' content='ocr_page ocr_carea ocr_par ocr_line ocrx_word'/>
</head>
<body>
  <div class='ocr_page' id='page_1' title='image "./iurisprvdentiae00huscgoog_0893.png"; bbox 0 0 2378 4386; ppageno 0'>
   <div class='ocr_carea' id='block_1_1' title="bbox 114 600 1004 670">
    <p class='ocr_par' dir='ltr' id='par_1_1' title="bbox 114 600 1004 670">
     <span class='ocr_line' id='line_1_1' title="bbox 114 600 1004 670; baseline -0.009 -9"><span class='ocrx_word' id='word_1_1' title='bbox 114 605 176 670; x_wconf 81' lang='grc'>854</span> <span class='ocrx_word' id='word_1_2' title='bbox 229 623 288 659; x_wconf 71' lang='lat' dir='ltr'>ver.</span> <span class='ocrx_word' id='word_1_3' title='bbox 303 622 407 658; x_wconf 83' lang='lat' dir='ltr'>cvivsu.</span> <span class='ocrx_word' id='word_1_4' title='bbox 423 621 507 656; x_wconf 78' lang='lat' dir='ltr'>rusae.</span> <span class='ocrx_word' id='word_1_5' title='bbox 522 619 711 656; x_wconf 77' lang='lat' dir='ltr'>eousvnramo.</span> <span class='ocrx_word' id='word_1_6' title='bbox 730 600 811 655; x_wconf 81' lang='lat' dir='ltr'><strong>V11⁸.</strong></span> <span class='ocrx_word' id='word_1_7' title='bbox 827 603 964 658; x_wconf 78' lang='lat' dir='ltr'>2-Vitt.</span> <span class='ocrx_word' id='word_1_8' title='bbox 979 609 1004 657; x_wconf 81' lang='lat'>2.</span> 
     </span>
    </p>
   </div>
   <div class='ocr_carea' id='block_1_2' title="bbox 115 744 1074 1813">
    <p class='ocr_par' dir='ltr' id='par_1_2' title="bbox 115 744 1074 1813">
     <span class='ocr_line' id='line_1_2' title="bbox 115 744 1073 826; baseline -0.003 -18"><span class='ocrx_word' id='word_1_9' title='bbox 115 753 165 810; x_wconf 87' lang='lat' dir='ltr'>Th.</span> <span class='ocrx_word' id='word_1_10' title='bbox 185 751 470 810; x_wconf 84' lang='lat' dir='ltr'>declaratauctoritas.</span> <span class='ocrx_word' id='word_1_11' title='bbox 508 745 536 810; x_wconf 79' lang='lat'>2.</span> <span class='ocrx_word' id='word_1_12' title='bbox 552 747 629 817; x_wconf 80' lang='lat' dir='ltr'>Quod</span> <span class='ocrx_word' id='word_1_13' title='bbox 642 744 795 806; x_wconf 85' lang='lat' dir='ltr'>’tutamen¹</span> <span class='ocrx_word' id='word_1_14' title='bbox 814 750 996 825; x_wconf 78' lang='lat' dir='ltr'>superfluum</span> <span class='ocrx_word' id='word_1_15' title='bbox 1006 767 1073 826; x_wconf 83' lang='lat' dir='ltr'>perer</span> 
     </span>
     <span class='ocr_line' id='line_1_3' title="bbox 116 831 1074 907; baseline -0.004 -13"><span class='ocrx_word' id='word_1_16' title='bbox 116 838 214 894; x_wconf 84' lang='lat' dir='ltr'>eiectas</span> <span class='ocrx_word' id='word_1_17' title='bbox 236 831 446 907; x_wconf 79' lang='lat' dir='ltr'>magnificasque</span> <span class='ocrx_word' id='word_1_18' title='bbox 468 849 597 907; x_wconf 77' lang='lat' dir='ltr'>personas</span> <span class='ocrx_word' id='word_1_19' title='bbox 620 831 679 888; x_wconf 89' lang='lat' dir='ltr'>lieri</span> <span class='ocrx_word' id='word_1_20' title='bbox 701 833 878 890; x_wconf 88' lang='lat' dir='ltr'>iudicamus:</span> <span class='ocrx_word' id='word_1_21' title='bbox 906 836 958 892; x_wconf 87' lang='lat' dir='ltr'>sed</span> <span class='ocrx_word' id='word_1_22' title='bbox 979 851 1074 893; x_wconf 80' lang='lat' dir='ltr'>nocente</span> 
     </span>
     <span class='ocr_line' id='line_1_4' title="bbox 115 916 1074 993; baseline -0.001 -17"><span class='ocrx_word' id='word_1_23' title='bbox 115 930 170 989; x_wconf 86' lang='lat' dir='ltr'>est,</span> <span class='ocrx_word' id='word_1_24' title='bbox 195 928 225 975; x_wconf 93' lang='lat' dir='ltr'>ut</span> <span class='ocrx_word' id='word_1_25' title='bbox 248 917 399 992; x_wconf 77' lang='lat' dir='ltr'>ignorantia</span> <span class='ocrx_word' id='word_1_26' title='bbox 422 919 582 975; x_wconf 73' lang='lat' dir='ltr'>rusticitatis</span> <span class='ocrx_word' id='word_1_27' title='bbox 612 916 656 973; x_wconf 90' lang='lat' dir='ltr'>uel</span> <span class='ocrx_word' id='word_1_28' title='bbox 685 919 940 991; x_wconf 78' lang='lat' dir='ltr'>tergiuersationis</span> <span class='ocrx_word' id='word_1_29' title='bbox 962 920 1074 993; x_wconf 84' lang='lat' dir='ltr'>iniquius</span> 
     </span>
     <span class='ocr_line' id='line_1_5' title="bbox 115 996 1073 1074; baseline -0.001 -15"><span class='ocrx_word' id='word_1_30' title='bbox 115 1004 223 1059; x_wconf 89' lang='lat' dir='ltr'>directis</span> <span class='ocrx_word' id='word_1_31' title='bbox 239 1018 345 1074; x_wconf 79' lang='lat' dir='ltr'>semper</span> <span class='ocrx_word' id='word_1_32' title='bbox 359 996 569 1059; x_wconf 76' lang='lat' dir='ltr'>’rotationibus2</span> <span class='ocrx_word' id='word_1_33' title='bbox 591 1002 798 1073; x_wconf 81' lang='lat' dir='ltr'>comprimatur.</span> <span class='ocrx_word' id='word_1_34' title='bbox 848 999 881 1061; x_wconf 78' lang='lat'>8.</span> <span class='ocrx_word' id='word_1_35' title='bbox 906 1003 947 1060; x_wconf 81' lang='lat' dir='ltr'>Ex</span> <span class='ocrx_word' id='word_1_36' title='bbox 963 1003 1073 1061; x_wconf 82' lang='lat' dir='ltr'>&#39;lheodo</span> 
     </span>
     <span class='ocr_line' id='line_1_6' title="bbox 115 1078 1074 1164; baseline -0.001 -22"><span class='ocrx_word' id='word_1_37' title='bbox 115 1088 180 1142; x_wconf 83' lang='lat' dir='ltr'>sinui</span> <span class='ocrx_word' id='word_1_38' title='bbox 196 1085 241 1142; x_wconf 90' lang='lat' dir='ltr'>lih.</span> <span class='ocrx_word' id='word_1_39' title='bbox 256 1078 333 1141; x_wconf 64' lang='lat' dir='ltr'>‘itti</span> <span class='ocrx_word' id='word_1_40' title='bbox 350 1085 400 1141; x_wconf 77' lang='lat' dir='ltr'>suli</span> <span class='ocrx_word' id='word_1_41' title='bbox 417 1088 457 1142; x_wconf 90' lang='lat' dir='ltr'>tit.</span> <span class='ocrx_word' id='word_1_42' title='bbox 475 1086 507 1141; x_wconf 89' lang='lat' dir='ltr'>de</span> <span class='ocrx_word' id='word_1_43' title='bbox 523 1093 586 1141; x_wconf 82' lang='lat' dir='ltr'>mat.</span> <span class='ocrx_word' id='word_1_44' title='bbox 603 1084 666 1140; x_wconf 89' lang='lat' dir='ltr'>buu.</span> <span class='ocrx_word' id='word_1_45' title='bbox 684 1090 713 1139; x_wconf 90' lang='lat' dir='ltr'>et</span> <span class='ocrx_word' id='word_1_46' title='bbox 727 1093 796 1141; x_wconf 86' lang='lat' dir='ltr'>met.</span> <span class='ocrx_word' id='word_1_47' title='bbox 816 1103 886 1160; x_wconf 77' lang='lat' dir='ltr'>gen.</span> <span class='ocrx_word' id='word_1_48' title='bbox 904 1085 958 1164; x_wconf 86' lang='lat' dir='ltr'>(et)</span> <span class='ocrx_word' id='word_1_49' title='bbox 971 1091 1074 1145; x_wconf 77' lang='lat' dir='ltr'>cretione</span> 
     </span>
     <span class='ocr_line' id='line_1_7' title="bbox 115 1169 233 1226; baseline 0.008 -1"><span class='ocrx_word' id='word_1_50' title='bbox 115 1169 233 1226; x_wconf 81' lang='lat' dir='ltr'>subluto:</span> 
     </span>
     <span class='ocr_line' id='line_1_8' title="bbox 158 1251 1072 1329; baseline 0 -19"><span class='ocrx_word' id='word_1_51' title='bbox 158 1255 240 1329; x_wconf 87' lang='lat' dir='ltr'>impp.</span> <span class='ocrx_word' id='word_1_52' title='bbox 259 1253 360 1311; x_wconf 90' lang='lat' dir='ltr'>lionor.</span> <span class='ocrx_word' id='word_1_53' title='bbox 376 1263 404 1311; x_wconf 97' lang='lat' dir='ltr'>et</span> <span class='ocrx_word' id='word_1_54' title='bbox 419 1254 514 1310; x_wconf 74' lang='lat' dir='ltr'>dread.</span> <span class='ocrx_word' id='word_1_55' title='bbox 530 1255 583 1308; x_wconf 79' lang='grc' dir='ltr'>ΑΔ.</span> <span class='ocrx_word' id='word_1_56' title='bbox 598 1251 737 1308; x_wconf 79' lang='lat' dir='ltr'>Florentio</span> <span class='ocrx_word' id='word_1_57' title='bbox 754 1253 846 1326; x_wconf 75' lang='lat' dir='ltr'>preci.</span> <span class='ocrx_word' id='word_1_58' title='bbox 867 1255 945 1313; x_wconf 89' lang='lat' dir='ltr'>urbi.</span> <span class='ocrx_word' id='word_1_59' title='bbox 980 1256 1023 1312; x_wconf 78' lang='lat' dir='ltr'>iri</span> <span class='ocrx_word' id='word_1_60' title='bbox 1036 1256 1072 1312; x_wconf 89' lang='lat' dir='ltr'>lo·</span> 
     </span>
     <span class='ocr_line' id='line_1_9' title="bbox 158 1337 1072 1414; baseline 0.003 -19"><span class='ocrx_word' id='word_1_61' title='bbox 158 1356 242 1395; x_wconf 88' lang='lat' dir='ltr'>curu:</span> <span class='ocrx_word' id='word_1_62' title='bbox 259 1337 390 1413; x_wconf 82' lang='lat' dir='ltr'>Quicquid</span> <span class='ocrx_word' id='word_1_63' title='bbox 407 1354 484 1412; x_wconf 85' lang='lat' dir='ltr'>auus,</span> <span class='ocrx_word' id='word_1_64' title='bbox 500 1338 569 1407; x_wconf 86' lang='lat' dir='ltr'>auin,</span> <span class='ocrx_word' id='word_1_65' title='bbox 581 1351 710 1409; x_wconf 85' lang='lat' dir='ltr'>proauus,</span> <span class='ocrx_word' id='word_1_66' title='bbox 726 1339 855 1409; x_wconf 73' lang='lat' dir='ltr'>proauis,</span> <span class='ocrx_word' id='word_1_67' title='bbox 874 1342 990 1414; x_wconf 81' lang='lat' dir='ltr'>nepoti,</span> <span class='ocrx_word' id='word_1_68' title='bbox 1006 1341 1072 1414; x_wconf 75' lang='lat' dir='ltr'>nepti</span> 
     </span>
     <span class='ocr_line' id='line_1_10' title="bbox 158 1419 1072 1496; baseline -0.001 -18"><span class='ocrx_word' id='word_1_69' title='bbox 158 1425 313 1496; x_wconf 75' lang='lat' dir='ltr'>pronepoti,</span> <span class='ocrx_word' id='word_1_70' title='bbox 329 1425 454 1496; x_wconf 86' lang='lat' dir='ltr'>pronepti</span> <span class='ocrx_word' id='word_1_71' title='bbox 470 1420 611 1477; x_wconf 80' lang='lat' dir='ltr'>cuiuslibet</span> <span class='ocrx_word' id='word_1_72' title='bbox 628 1419 699 1475; x_wconf 91' lang='lat' dir='ltr'>tituli</span> <span class='ocrx_word' id='word_1_73' title='bbox 715 1419 847 1494; x_wconf 80' lang='lat' dir='ltr'>largitate</span> <span class='ocrx_word' id='word_1_74' title='bbox 865 1421 1072 1485; x_wconf 82' lang='lat' dir='ltr'>contulerintid</span> 
     </span>
     <span class='ocr_line' id='line_1_11' title="bbox 158 1502 1071 1578; baseline 0.002 -16"><span class='ocrx_word' id='word_1_75' title='bbox 158 1517 210 1578; x_wconf 90' lang='lat' dir='ltr'>est,</span> <span class='ocrx_word' id='word_1_76' title='bbox 226 1515 399 1577; x_wconf 83' lang='lat' dir='ltr'>testamento,</span> <span class='ocrx_word' id='word_1_77' title='bbox 416 1505 632 1574; x_wconf 82' lang='lat' dir='ltr'>fideicommisso,</span> <span class='ocrx_word' id='word_1_78' title='bbox 648 1502 752 1576; x_wconf 74' lang='lat' dir='ltr'>iegato,</span> <span class='ocrx_word' id='word_1_79' title='bbox 765 1503 916 1578; x_wconf 80' lang='lat' dir='ltr'>codicillo,</span> <span class='ocrx_word' id='word_1_80' title='bbox 930 1509 1071 1572; x_wconf 71' lang='lat' dir='ltr'>donatione</span> 
     </span>
     <span class='ocr_line' id='line_1_12' title="bbox 158 1585 1072 1665; baseline 0.003 -19"><span class='ocrx_word' id='word_1_81' title='bbox 158 1591 203 1647; x_wconf 91' lang='lat' dir='ltr'>uel</span> <span class='ocrx_word' id='word_1_82' title='bbox 219 1592 297 1646; x_wconf 84' lang='lat' dir='ltr'>etiem</span> <span class='ocrx_word' id='word_1_83' title='bbox 312 1591 433 1647; x_wconf 84' lang='lat' dir='ltr'>intestati</span> <span class='ocrx_word' id='word_1_84' title='bbox 454 1591 643 1658; x_wconf 82' lang='lat' dir='ltr'>successione,</span> <span class='ocrx_word' id='word_1_85' title='bbox 665 1593 743 1659; x_wconf 83' lang='lat' dir='ltr'>pater</span> <span class='ocrx_word' id='word_1_86' title='bbox 763 1585 823 1644; x_wconf 84' lang='lat' dir='ltr'>filio</span> <span class='ocrx_word' id='word_1_87' title='bbox 849 1588 969 1648; x_wconf 80' lang='lat' dir='ltr'>filiaeue</span> <span class='ocrx_word' id='word_1_88' title='bbox 985 1596 1072 1665; x_wconf 72' lang='lat' dir='ltr'>interra</span> 
     </span>
     <span class='ocr_line' id='line_1_13' title="bbox 158 1669 1073 1748; baseline -0.001 -19"><span class='ocrx_word' id='word_1_89' title='bbox 158 1673 312 1747; x_wconf 85' lang='lat' dir='ltr'>illibataque</span> <span class='ocrx_word' id='word_1_90' title='bbox 327 1673 473 1730; x_wconf 87' lang='lat' dir='ltr'>custodiat.</span> <span class='ocrx_word' id='word_1_91' title='bbox 504 1674 560 1730; x_wconf 84' lang='lat' dir='ltr'>ilat.</span> <span class='ocrx_word' id='word_1_92' title='bbox 576 1670 644 1745; x_wconf 89' lang='lat' dir='ltr'>prid.</span> <span class='ocrx_word' id='word_1_93' title='bbox 660 1670 696 1725; x_wconf 91' lang='lat' dir='ltr'>id.</span> <span class='ocrx_word' id='word_1_94' title='bbox 714 1669 829 1730; x_wconf 82' lang='lat' dir='ltr'>Octobr.</span> <span class='ocrx_word' id='word_1_95' title='bbox 847 1673 1021 1748; x_wconf 72' lang='lat' dir='ltr'>Mediolano,</span> <span class='ocrx_word' id='word_1_96' title='bbox 1035 1675 1073 1730; x_wconf 75' lang='lat' dir='ltr'>titi</span> 
     </span>
     <span class='ocr_line' id='line_1_14' title="bbox 159 1757 479 1813; baseline -0.003 -2"><span class='ocrx_word' id='word_1_97' title='bbox 159 1757 217 1812; x_wconf 88' lang='lat' dir='ltr'>bric</span> <span class='ocrx_word' id='word_1_98' title='bbox 234 1765 261 1812; x_wconf 92' lang='lat' dir='ltr'>et</span> <span class='ocrx_word' id='word_1_99' title='bbox 276 1757 391 1813; x_wconf 84' lang='lat' dir='ltr'>Probiuo</span> <span class='ocrx_word' id='word_1_100' title='bbox 408 1773 479 1811; x_wconf 86' lang='lat' dir='ltr'>coss.</span> 
     </span>
    </p>
   </div>
   <div class='ocr_carea' id='block_1_3' title="bbox 116 1832 1072 2165">
    <p class='ocr_par' dir='ltr' id='par_1_3' title="bbox 116 1832 1072 2165">
     <span class='ocr_line' id='line_1_15' title="bbox 199 1832 1072 1912; baseline 0.003 -17"><span class='ocrx_word' id='word_1_101' title='bbox 199 1838 227 1896; x_wconf 80' lang='lat' dir='ltr'>t.</span> <span class='ocrx_word' id='word_1_102' title='bbox 251 1839 321 1896; x_wconf 86' lang='lat' dir='ltr'>ane</span> <span class='ocrx_word' id='word_1_103' title='bbox 337 1840 435 1896; x_wconf 87' lang='lat' dir='ltr'>elarius</span> <span class='ocrx_word' id='word_1_104' title='bbox 451 1840 573 1896; x_wconf 89' lang='lat' dir='ltr'>constitit</span> <span class='ocrx_word' id='word_1_105' title='bbox 588 1836 759 1912; x_wconf 81' lang='lat' dir='ltr'>&#39;poteiuctum</span> <span class='ocrx_word' id='word_1_106' title='bbox 769 1832 794 1909; x_wconf 83' lang='lat'>,⁴</span> <span class='ocrx_word' id='word_1_107' title='bbox 809 1856 866 1898; x_wconf 87' lang='lat' dir='ltr'>nec</span> <span class='ocrx_word' id='word_1_108' title='bbox 882 1847 968 1901; x_wconf 82' lang='lat' dir='ltr'>matri</span> <span class='ocrx_word' id='word_1_109' title='bbox 985 1834 1072 1900; x_wconf 62' lang='lat' dir='ltr'>’usum‘</span> 
     </span>
     <span class='ocr_line' id='line_1_16' title="bbox 116 1916 1071 2001; baseline -0.002 -20"><span class='ocrx_word' id='word_1_110' title='bbox 116 1925 218 1993; x_wconf 86' lang='lat' dir='ltr'>obesse,</span> <span class='ocrx_word' id='word_1_111' title='bbox 237 1934 266 1979; x_wconf 94' lang='lat' dir='ltr'>ut</span> <span class='ocrx_word' id='word_1_112' title='bbox 282 1923 314 1979; x_wconf 91' lang='lat' dir='ltr'>de</span> <span class='ocrx_word' id='word_1_113' title='bbox 330 1923 432 1997; x_wconf 80' lang='lat' dir='ltr'>relique</span> <span class='ocrx_word' id='word_1_114' title='bbox 448 1923 575 1979; x_wconf 81' lang='lat' dir='ltr'>iacuitate</span> <span class='ocrx_word' id='word_1_115' title='bbox 592 1916 777 1995; x_wconf 80' lang='lat' dir='ltr'>&#39;portionem⁶</span> <span class='ocrx_word' id='word_1_116' title='bbox 793 1923 921 1983; x_wconf 83' lang='lat' dir='ltr'>debitam</span> <span class='ocrx_word' id='word_1_117' title='bbox 935 1942 1071 2001; x_wconf 75' lang='lat' dir='ltr'>conseque</span> 
     </span>
     <span class='ocr_line' id='line_1_17' title="bbox 117 2003 1071 2081; baseline -0.002 -15"><span class='ocrx_word' id='word_1_118' title='bbox 117 2019 174 2066; x_wconf 88' lang='lat' dir='ltr'>tur:</span> <span class='ocrx_word' id='word_1_119' title='bbox 199 2018 226 2065; x_wconf 91' lang='lat' dir='ltr'>et</span> <span class='ocrx_word' id='word_1_120' title='bbox 242 2010 310 2064; x_wconf 84' lang='lat' dir='ltr'>circa</span> <span class='ocrx_word' id='word_1_121' title='bbox 327 2017 453 2081; x_wconf 88' lang='lat' dir='ltr'>nepotem</span> <span class='ocrx_word' id='word_1_122' title='bbox 469 2023 566 2062; x_wconf 88' lang='lat' dir='ltr'>munus</span> <span class='ocrx_word' id='word_1_123' title='bbox 585 2006 726 2063; x_wconf 84' lang='lat' dir='ltr'>auiaticum</span> <span class='ocrx_word' id='word_1_124' title='bbox 742 2003 923 2080; x_wconf 81' lang='lat' dir='ltr'>’perpetuam</span> <span class='ocrx_word' id='word_1_125' title='bbox 939 2011 1071 2068; x_wconf 77' lang='lat' dir='ltr'>liberalita-</span> 
     </span>
     <span class='ocr_line' id='line_1_18' title="bbox 117 2085 1070 2165; baseline -0.003 -16"><span class='ocrx_word' id='word_1_126' title='bbox 117 2085 190 2149; x_wconf 80' lang='lat' dir='ltr'>tem⁷</span> <span class='ocrx_word' id='word_1_127' title='bbox 214 2107 376 2148; x_wconf 86' lang='lat' dir='ltr'>mansurum.</span> <span class='ocrx_word' id='word_1_128' title='bbox 420 2090 477 2146; x_wconf 89' lang='lat' dir='ltr'>lice</span> <span class='ocrx_word' id='word_1_129' title='bbox 499 2101 527 2146; x_wconf 90' lang='lat' dir='ltr'>et</span> <span class='ocrx_word' id='word_1_130' title='bbox 549 2089 735 2146; x_wconf 88' lang='lat' dir='ltr'>consultorum</span> <span class='ocrx_word' id='word_1_131' title='bbox 758 2091 819 2146; x_wconf 85' lang='lat' dir='ltr'>iuru</span> <span class='ocrx_word' id='word_1_132' title='bbox 837 2093 988 2163; x_wconf 82' lang='lat' dir='ltr'>declarent,</span> <span class='ocrx_word' id='word_1_133' title='bbox 1010 2107 1070 2165; x_wconf 79' lang='lat' dir='ltr'>quae</span> 
     </span>
    </p>
   </div>
   <div class='ocr_carea' id='block_1_4' title="bbox 115 2173 1114 3170">
    <p class='ocr_par' dir='ltr' id='par_1_4' title="bbox 116 2173 912 2234">
     <span class='ocr_line' id='line_1_19' title="bbox 116 2173 912 2234; baseline 0.003 -2"><span class='ocrx_word' id='word_1_134' title='bbox 116 2178 295 2234; x_wconf 79' lang='lat' dir='ltr'>necessarium</span> <span class='ocrx_word' id='word_1_135' title='bbox 312 2176 435 2230; x_wconf 84' lang='lat' dir='ltr'>tractatui</span> <span class='ocrx_word' id='word_1_136' title='bbox 451 2183 545 2229; x_wconf 89' lang='lat' dir='ltr'>nostro</span> <span class='ocrx_word' id='word_1_137' title='bbox 562 2189 616 2228; x_wconf 87' lang='lat' dir='ltr'>nou</span> <span class='ocrx_word' id='word_1_138' title='bbox 632 2174 755 2228; x_wconf 80' lang='lat' dir='ltr'>duximus</span> <span class='ocrx_word' id='word_1_139' title='bbox 772 2173 912 2234; x_wconf 78' lang='lat' dir='ltr'>adhiberi.</span> 
     </span>
    </p>

    <p class='ocr_par' dir='ltr' id='par_1_5' title="bbox 115 2249 1114 3170">
     <span class='ocr_line' id='line_1_20' title="bbox 201 2249 1114 2322; baseline 0.001 -10"><span class='ocrx_word' id='word_1_140' title='bbox 201 2258 263 2313; x_wconf 90' lang='lat' dir='ltr'>Viii.</span> <span class='ocrx_word' id='word_1_141' title='bbox 286 2255 305 2313; x_wconf 94' lang='lat' dir='ltr'>l.</span> <span class='ocrx_word' id='word_1_142' title='bbox 330 2255 419 2322; x_wconf 81' lang='lat' dir='ltr'>&#39;Quod</span> <span class='ocrx_word' id='word_1_143' title='bbox 442 2249 570 2311; x_wconf 76' lang='lat' dir='ltr'>domurn8</span> <span class='ocrx_word' id='word_1_144' title='bbox 592 2255 781 2312; x_wconf 86' lang='lat' dir='ltr'>sollicitudinis</span> <span class='ocrx_word' id='word_1_145' title='bbox 803 2266 872 2317; x_wconf 86' lang='lat' dir='ltr'>tuae</span> <span class='ocrx_word' id='word_1_146' title='bbox 895 2278 959 2318; x_wconf 78' lang='lat' dir='ltr'>curn</span> <span class='ocrx_word' id='word_1_147' title='bbox 976 2253 1114 2315; x_wconf 51' lang='lat' dir='ltr'>tractem</span> 
     </span>
     <span class='ocr_line' id='line_1_21' title="bbox 116 2333 1068 2419; baseline -0.002 -22"><span class='ocrx_word' id='word_1_148' title='bbox 116 2346 171 2411; x_wconf 90' lang='lat' dir='ltr'>uit,</span> <span class='ocrx_word' id='word_1_149' title='bbox 188 2349 216 2396; x_wconf 91' lang='lat' dir='ltr'>ut</span> <span class='ocrx_word' id='word_1_150' title='bbox 232 2339 264 2394; x_wconf 90' lang='lat' dir='ltr'>de</span> <span class='ocrx_word' id='word_1_151' title='bbox 280 2338 466 2413; x_wconf 72' lang='lat' dir='ltr'>eilractoriirus</span> <span class='ocrx_word' id='word_1_152' title='bbox 482 2333 549 2396; x_wconf 67' lang='lat' dir='ltr'>&#39;cxl</span> <span class='ocrx_word' id='word_1_153' title='bbox 571 2339 713 2396; x_wconf 80' lang='lat' dir='ltr'>manifesto</span> <span class='ocrx_word' id='word_1_154' title='bbox 733 2341 849 2398; x_wconf 86' lang='lat' dir='ltr'>crimine</span> <span class='ocrx_word' id='word_1_155' title='bbox 873 2342 1068 2419; x_wconf 86' lang='lat' dir='ltr'>comprehensis</span> 
     </span>
     <span class='ocr_line' id='line_1_22' title="bbox 116 2416 1069 2502; baseline 0.001 -23"><span class='ocrx_word' id='word_1_156' title='bbox 116 2424 208 2499; x_wconf 86' lang='lat' dir='ltr'>&#39;quum</span> <span class='ocrx_word' id='word_1_157' title='bbox 218 2416 242 2455; x_wconf 89' lang='lat'>¹⁰</span> <span class='ocrx_word' id='word_1_158' title='bbox 257 2421 337 2478; x_wconf 80' lang='lat' dir='ltr'>iudex</span> <span class='ocrx_word' id='word_1_159' title='bbox 353 2421 444 2479; x_wconf 88' lang='lat' dir='ltr'>debuit</span> <span class='ocrx_word' id='word_1_160' title='bbox 460 2423 530 2480; x_wconf 89' lang='lat' dir='ltr'>lerre</span> <span class='ocrx_word' id='word_1_161' title='bbox 546 2426 715 2493; x_wconf 88' lang='lat' dir='ltr'>seutentiam,</span> <span class='ocrx_word' id='word_1_162' title='bbox 730 2431 866 2482; x_wconf 78' lang='lat' dir='ltr'>tractatus</span> <span class='ocrx_word' id='word_1_163' title='bbox 881 2430 973 2485; x_wconf 88' lang='lat' dir='ltr'>nostri</span> <span class='ocrx_word' id='word_1_164' title='bbox 983 2428 1069 2502; x_wconf 75' lang='lat' dir='ltr'>pagius</span> 
     </span>
     <span class='ocr_line' id='line_1_23' title="bbox 115 2499 1070 2583; baseline 0 -19"><span class='ocrx_word' id='word_1_165' title='bbox 115 2508 253 2580; x_wconf 85' lang='lat' dir='ltr'>declaret,</span> <span class='ocrx_word' id='word_1_166' title='bbox 278 2499 354 2563; x_wconf 84' lang='lat' dir='ltr'>&#39;au¹¹</span> <span class='ocrx_word' id='word_1_167' title='bbox 382 2509 508 2580; x_wconf 82' lang='lat' dir='ltr'>moritus,</span> <span class='ocrx_word' id='word_1_168' title='bbox 536 2525 615 2583; x_wconf 89' lang='lat' dir='ltr'>quem</span> <span class='ocrx_word' id='word_1_169' title='bbox 640 2506 793 2563; x_wconf 78' lang='lat' dir='ltr'>iudiciariae</span> <span class='ocrx_word' id='word_1_170' title='bbox 814 2514 968 2582; x_wconf 84' lang='lat' dir='ltr'>potestatis</span> <span class='ocrx_word' id='word_1_171' title='bbox 994 2512 1070 2583; x_wconf 76' lang='lat' dir='ltr'>cingit</span> 
     </span>
     <span class='ocr_line' id='line_1_24' title="bbox 116 2591 1071 2667; baseline 0.002 -20"><span class='ocrx_word' id='word_1_172' title='bbox 116 2593 279 2660; x_wconf 78' lang='lat' dir='ltr'>auctoritas,</span> <span class='ocrx_word' id='word_1_173' title='bbox 303 2591 335 2648; x_wconf 91' lang='lat' dir='ltr'>de</span> <span class='ocrx_word' id='word_1_174' title='bbox 351 2594 456 2663; x_wconf 86' lang='lat' dir='ltr'>seruis,</span> <span class='ocrx_word' id='word_1_175' title='bbox 473 2595 518 2667; x_wconf 91' lang='lat' dir='ltr'>qui</span> <span class='ocrx_word' id='word_1_176' title='bbox 539 2610 583 2649; x_wconf 91' lang='lat' dir='ltr'>res</span> <span class='ocrx_word' id='word_1_177' title='bbox 601 2592 706 2648; x_wconf 82' lang='lat' dir='ltr'>uxorias</span> <span class='ocrx_word' id='word_1_178' title='bbox 721 2591 871 2650; x_wconf 77' lang='lat' dir='ltr'>manifesto</span> <span class='ocrx_word' id='word_1_179' title='bbox 888 2597 1004 2652; x_wconf 87' lang='lat' dir='ltr'>crimine</span> <span class='ocrx_word' id='word_1_180' title='bbox 1019 2594 1071 2650; x_wconf 82' lang='lat' dir='ltr'>abs·</span> 
     </span>
     <span class='ocr_line' id='line_1_25' title="bbox 117 2673 1070 2752; baseline 0.003 -19"><span class='ocrx_word' id='word_1_181' title='bbox 117 2677 211 2733; x_wconf 89' lang='lat' dir='ltr'>tulisse</span> <span class='ocrx_word' id='word_1_182' title='bbox 226 2677 343 2733; x_wconf 87' lang='lat' dir='ltr'>conuicti</span> <span class='ocrx_word' id='word_1_183' title='bbox 361 2685 432 2746; x_wconf 76' lang='lat' dir='ltr'>suut,</span> <span class='ocrx_word' id='word_1_184' title='bbox 451 2676 660 2752; x_wconf 86' lang='lat' dir='ltr'>peremptorium</span> <span class='ocrx_word' id='word_1_185' title='bbox 677 2673 800 2731; x_wconf 88' lang='lat' dir='ltr'>debuerit</span> <span class='ocrx_word' id='word_1_186' title='bbox 812 2676 888 2734; x_wconf 84' lang='lat' dir='ltr'>terre</span> <span class='ocrx_word' id='word_1_187' title='bbox 901 2682 1070 2744; x_wconf 81' lang='lat' dir='ltr'>senteutiam,</span> 
     </span>
     <span class='ocr_line' id='line_1_26' title="bbox 117 2755 1071 2836; baseline -0.001 -19"><span class='ocrx_word' id='word_1_188' title='bbox 117 2763 193 2834; x_wconf 83' lang='lat' dir='ltr'>quasi</span> <span class='ocrx_word' id='word_1_189' title='bbox 212 2760 238 2816; x_wconf 92' lang='lat' dir='ltr'>id</span> <span class='ocrx_word' id='word_1_190' title='bbox 261 2759 338 2817; x_wconf 90' lang='lat' dir='ltr'>obiici</span> <span class='ocrx_word' id='word_1_191' title='bbox 360 2761 463 2834; x_wconf 85' lang='lat' dir='ltr'>possit,</span> <span class='ocrx_word' id='word_1_192' title='bbox 490 2763 516 2816; x_wconf 92' lang='lat' dir='ltr'>iu</span> <span class='ocrx_word' id='word_1_193' title='bbox 538 2762 646 2834; x_wconf 84' lang='lat' dir='ltr'>propria</span> <span class='ocrx_word' id='word_1_194' title='bbox 666 2775 744 2814; x_wconf 82' lang='lat' dir='ltr'>ceusu</span> <span class='ocrx_word' id='word_1_195' title='bbox 766 2755 865 2832; x_wconf 80' lang='lat' dir='ltr'>(quod)</span> <span class='ocrx_word' id='word_1_196' title='bbox 889 2765 954 2836; x_wconf 89' lang='lat' dir='ltr'>quis</span> <span class='ocrx_word' id='word_1_197' title='bbox 977 2763 1071 2819; x_wconf 89' lang='lat' dir='ltr'>iudicet</span> 
     </span>
     <span class='ocr_line' id='line_1_27' title="bbox 117 2843 1071 2921; baseline 0.004 -21"><span class='ocrx_word' id='word_1_198' title='bbox 117 2845 216 2901; x_wconf 88' lang='lat' dir='ltr'>stulte:</span> <span class='ocrx_word' id='word_1_199' title='bbox 233 2845 294 2900; x_wconf 86' lang='lat' dir='ltr'>iruic</span> <span class='ocrx_word' id='word_1_200' title='bbox 309 2843 352 2900; x_wconf 81' lang='lat' dir='ltr'>lex</span> <span class='ocrx_word' id='word_1_201' title='bbox 368 2843 492 2900; x_wconf 89' lang='lat' dir='ltr'>diuorum</span> <span class='ocrx_word' id='word_1_202' title='bbox 509 2846 671 2918; x_wconf 88' lang='lat' dir='ltr'>principum,</span> <span class='ocrx_word' id='word_1_203' title='bbox 687 2858 754 2916; x_wconf 80' lang='lat' dir='ltr'>quoe</span> <span class='ocrx_word' id='word_1_204' title='bbox 770 2843 840 2900; x_wconf 84' lang='lat' dir='ltr'>inira</span> <span class='ocrx_word' id='word_1_205' title='bbox 857 2845 975 2920; x_wconf 76' lang='lat' dir='ltr'>legitur,</span> <span class='ocrx_word' id='word_1_206' title='bbox 992 2863 1071 2921; x_wconf 87' lang='lat' dir='ltr'>oppo-</span> 
     </span>
     <span class='ocr_line' id='line_1_28' title="bbox 117 2927 1070 3001; baseline 0 -17"><span class='ocrx_word' id='word_1_207' title='bbox 117 2929 217 2998; x_wconf 82' lang='lat' dir='ltr'>nenda,</span> <span class='ocrx_word' id='word_1_208' title='bbox 240 2929 364 2984; x_wconf 81' lang='lat' dir='ltr'>maritum</span> <span class='ocrx_word' id='word_1_209' title='bbox 385 2927 430 2984; x_wconf 86' lang='lat' dir='ltr'>iiia</span> <span class='ocrx_word' id='word_1_210' title='bbox 451 2937 554 2984; x_wconf 85' lang='lat' dir='ltr'>tautum</span> <span class='ocrx_word' id='word_1_211' title='bbox 576 2927 686 3001; x_wconf 81' lang='lat' dir='ltr'>negotia</span> <span class='ocrx_word' id='word_1_212' title='bbox 707 2928 799 2983; x_wconf 80' lang='lat' dir='ltr'>uxoris</span> <span class='ocrx_word' id='word_1_213' title='bbox 819 2927 899 2986; x_wconf 90' lang='lat' dir='ltr'>uelut</span> <span class='ocrx_word' id='word_1_214' title='bbox 915 2939 1070 2987; x_wconf 82' lang='lat' dir='ltr'>extraneum</span> 
     </span>
     <span class='ocr_line' id='line_1_29' title="bbox 116 3005 1071 3088; baseline 0.001 -21"><span class='ocrx_word' id='word_1_215' title='bbox 116 3005 277 3069; x_wconf 82' lang='lat' dir='ltr'>’actorem¹²</span> <span class='ocrx_word' id='word_1_216' title='bbox 293 3021 513 3086; x_wconf 87' lang='lat' dir='ltr'>prosecuturum,</span> <span class='ocrx_word' id='word_1_217' title='bbox 530 3028 597 3086; x_wconf 87' lang='lat' dir='ltr'>quae</span> <span class='ocrx_word' id='word_1_218' title='bbox 612 3011 765 3084; x_wconf 76' lang='lat' dir='ltr'>procuratio</span> <span class='ocrx_word' id='word_1_219' title='bbox 781 3013 881 3069; x_wconf 84' lang='lat' dir='ltr'>emissa</span> <span class='ocrx_word' id='word_1_220' title='bbox 896 3011 1071 3088; x_wconf 78' lang='lat' dir='ltr'>’praescrips-</span> 
     </span>
     <span class='ocr_line' id='line_1_30' title="bbox 116 3087 709 3170; baseline -0.002 -19"><span class='ocrx_word' id='word_1_221' title='bbox 116 3088 208 3152; x_wconf 82' lang='lat' dir='ltr'>erit.¹³</span> <span class='ocrx_word' id='word_1_222' title='bbox 250 3095 278 3155; x_wconf 78' lang='lat' dir='ltr'>u.</span> <span class='ocrx_word' id='word_1_223' title='bbox 302 3095 338 3152; x_wconf 82' lang='lat' dir='ltr'>iix</span> <span class='ocrx_word' id='word_1_224' title='bbox 353 3112 468 3170; x_wconf 91' lang='lat' dir='ltr'>corpore</span> <span class='ocrx_word' id='word_1_225' title='bbox 483 3087 709 3153; x_wconf 84' lang='lat' dir='ltr'>&#39;lireodosiaui:¹⁴</span> 
     </span>
    </p>
   </div>
   <div class='ocr_carea' id='block_1_5' title="bbox 112 3242 1080 4015">
    <p class='ocr_par' dir='ltr' id='par_1_6' title="bbox 112 3242 1080 4015">
     <span class='ocr_line' id='line_1_31' title="bbox 191 3242 1066 3312; baseline -0.002 -16"><span class='ocrx_word' id='word_1_226' title='bbox 191 3244 210 3312; x_wconf 87' lang='lat'>¹)</span> <span class='ocrx_word' id='word_1_227' title='bbox 225 3255 303 3296; x_wconf 81' lang='lat' dir='ltr'>tomen</span> <span class='ocrx_word' id='word_1_228' title='bbox 317 3248 374 3299; x_wconf 84' lang='lat' dir='ltr'>edd.</span> <span class='ocrx_word' id='word_1_229' title='bbox 402 3246 541 3311; x_wconf 83' lang='lat' dir='ltr'>Sequentia</span> <span class='ocrx_word' id='word_1_230' title='bbox 560 3249 610 3296; x_wconf 87' lang='lat' dir='ltr'>iam</span> <span class='ocrx_word' id='word_1_231' title='bbox 629 3262 678 3296; x_wconf 83' lang='lat' dir='ltr'>uon</span> <span class='ocrx_word' id='word_1_232' title='bbox 698 3253 773 3295; x_wconf 86' lang='lat' dir='ltr'>muto.</span> <span class='ocrx_word' id='word_1_233' title='bbox 848 3242 1066 3309; x_wconf 77' lang='lat' dir='ltr'>¹)Anrobiectio·</span> 
     </span>
     <span class='ocr_line' id='line_1_32' title="bbox 117 3311 1069 3380; baseline 0 -14"><span class='ocrx_word' id='word_1_234' title='bbox 117 3318 205 3367; x_wconf 81' lang='lat' dir='ltr'>uibus?</span> <span class='ocrx_word' id='word_1_235' title='bbox 220 3319 258 3367; x_wconf 86' lang='lat' dir='ltr'>vel</span> <span class='ocrx_word' id='word_1_236' title='bbox 272 3318 465 3366; x_wconf 83' lang='lat' dir='ltr'>obuiutiouibns?</span> <span class='ocrx_word' id='word_1_237' title='bbox 479 3320 518 3366; x_wconf 84' lang='lat' dir='ltr'>uel</span> <span class='ocrx_word' id='word_1_238' title='bbox 533 3316 728 3379; x_wconf 77' lang='lat' dir='ltr'>allegationibus?</span> <span class='ocrx_word' id='word_1_239' title='bbox 792 3311 812 3380; x_wconf 74' lang='lat'>⁸)</span> <span class='ocrx_word' id='word_1_240' title='bbox 828 3316 866 3364; x_wconf 89' lang='lat' dir='ltr'>tit.</span> <span class='ocrx_word' id='word_1_241' title='bbox 883 3320 961 3375; x_wconf 82' lang='lat' dir='ltr'>edd.,·</span> <span class='ocrx_word' id='word_1_242' title='bbox 977 3318 1021 3369; x_wconf 80' lang='lat' dir='ltr'>sed</span> <span class='ocrx_word' id='word_1_243' title='bbox 1033 3324 1069 3367; x_wconf 77' lang='lat' dir='ltr'>eet</span> 
     </span>
     <span class='ocr_line' id='line_1_33' title="bbox 116 3383 1070 3453; baseline -0.002 -16"><span class='ocrx_word' id='word_1_244' title='bbox 116 3388 148 3437; x_wconf 81' lang='lat' dir='ltr'>L.</span> <span class='ocrx_word' id='word_1_245' title='bbox 160 3402 179 3440; x_wconf 86' lang='lat' dir='ltr'>r.</span> <span class='ocrx_word' id='word_1_246' title='bbox 204 3387 247 3439; x_wconf 76' lang='lat' dir='ltr'>Ta.</span> <span class='ocrx_word' id='word_1_247' title='bbox 265 3387 290 3436; x_wconf 83' lang='lat'>0.</span> <span class='ocrx_word' id='word_1_248' title='bbox 305 3399 326 3444; x_wconf 80' lang='lat' dir='ltr'>s,</span> <span class='ocrx_word' id='word_1_249' title='bbox 341 3398 375 3438; x_wconf 84' lang='lat' dir='ltr'>m.</span> <span class='ocrx_word' id='word_1_250' title='bbox 390 3387 421 3436; x_wconf 82' lang='lat' dir='ltr'>L.</span> <span class='ocrx_word' id='word_1_251' title='bbox 432 3386 533 3436; x_wconf 74' lang='lat' dir='ltr'>stu.</span> <span class='ocrx_word' id='word_1_252' title='bbox 547 3389 579 3435; x_wconf 81' lang='lat' dir='ltr'>de</span> <span class='ocrx_word' id='word_1_253' title='bbox 593 3387 650 3437; x_wconf 81' lang='lat' dir='ltr'>dan.</span> <span class='ocrx_word' id='word_1_254' title='bbox 665 3393 723 3436; x_wconf 81' lang='lat' dir='ltr'>mot.</span> <span class='ocrx_word' id='word_1_255' title='bbox 738 3383 825 3450; x_wconf 73' lang='lat' dir='ltr'>(uso).</span> <span class='ocrx_word' id='word_1_256' title='bbox 840 3403 865 3436; x_wconf 86' lang='lat' dir='ltr'>a.</span> <span class='ocrx_word' id='word_1_257' title='bbox 877 3399 926 3440; x_wconf 80' lang='lat' dir='ltr'>seu.</span> <span class='ocrx_word' id='word_1_258' title='bbox 977 3387 999 3453; x_wconf 84' lang='lat'>⁴)</span> <span class='ocrx_word' id='word_1_259' title='bbox 1011 3388 1070 3438; x_wconf 83' lang='lat' dir='ltr'>Par.</span> 
     </span>
     <span class='ocr_line' id='line_1_34' title="bbox 117 3454 1073 3521; baseline 0 -12"><span class='ocrx_word' id='word_1_260' title='bbox 117 3471 150 3509; x_wconf 82' lang='lat' dir='ltr'>no.</span> <span class='ocrx_word' id='word_1_261' title='bbox 172 3459 232 3520; x_wconf 85' lang='lat' dir='ltr'>patri</span> <span class='ocrx_word' id='word_1_262' title='bbox 248 3458 333 3505; x_wconf 80' lang='lat' dir='ltr'>iactuum</span> <span class='ocrx_word' id='word_1_263' title='bbox 351 3457 413 3504; x_wconf 87' lang='lat' dir='ltr'>Par.</span> <span class='ocrx_word' id='word_1_264' title='bbox 430 3468 462 3507; x_wconf 82' lang='lat' dir='ltr'>tt.</span> <span class='ocrx_word' id='word_1_265' title='bbox 516 3454 536 3521; x_wconf 67' lang='grc' dir='ltr'>ὁ)</span> <span class='ocrx_word' id='word_1_266' title='bbox 553 3457 642 3506; x_wconf 84' lang='lat' dir='ltr'>Malim</span> <span class='ocrx_word' id='word_1_267' title='bbox 656 3457 825 3506; x_wconf 77' lang='lat' dir='ltr'>usumfructum</span> <span class='ocrx_word' id='word_1_268' title='bbox 840 3471 878 3506; x_wconf 84' lang='lat' dir='ltr'>sc.</span> <span class='ocrx_word' id='word_1_269' title='bbox 895 3461 923 3507; x_wconf 83' lang='lat' dir='ltr'>r&#39;n</span> <span class='ocrx_word' id='word_1_270' title='bbox 937 3460 1017 3509; x_wconf 79' lang='lat' dir='ltr'>rebus</span> <span class='ocrx_word' id='word_1_271' title='bbox 1031 3473 1073 3508; x_wconf 77' lang='lat' dir='ltr'>ne·</span> 
     </span>
     <span class='ocr_line' id='line_1_35' title="bbox 112 3526 1074 3594; baseline 0.001 -17"><span class='ocrx_word' id='word_1_272' title='bbox 112 3531 171 3591; x_wconf 84' lang='lat' dir='ltr'>poti</span> <span class='ocrx_word' id='word_1_273' title='bbox 185 3529 287 3577; x_wconf 81' lang='lat' dir='ltr'>donatis</span> <span class='ocrx_word' id='word_1_274' title='bbox 301 3526 333 3575; x_wconf 81' lang='lat' dir='ltr'>ab</span> <span class='ocrx_word' id='word_1_275' title='bbox 347 3528 394 3576; x_wconf 85' lang='lat' dir='ltr'>doc</span> <span class='ocrx_word' id='word_1_276' title='bbox 404 3529 459 3576; x_wconf 86' lang='lat' dir='ltr'>eius</span> <span class='ocrx_word' id='word_1_277' title='bbox 469 3527 684 3590; x_wconf 80' lang='lat' dir='ltr'>persuasionibus</span> <span class='ocrx_word' id='word_1_278' title='bbox 693 3541 854 3581; x_wconf 76' lang='lat' dir='ltr'>concessura:</span> <span class='ocrx_word' id='word_1_279' title='bbox 868 3529 923 3581; x_wconf 83' lang='lat' dir='ltr'>uid.</span> <span class='ocrx_word' id='word_1_280' title='bbox 932 3544 1008 3594; x_wconf 76' lang='lat' dir='ltr'>supr.</span> <span class='ocrx_word' id='word_1_281' title='bbox 1019 3532 1042 3592; x_wconf 68' lang='grc' dir='ltr'>ς.</span> <span class='ocrx_word' id='word_1_282' title='bbox 1055 3542 1074 3579; x_wconf 88' lang='lat'>1.</span> 
     </span>
     <span class='ocr_line' id='line_1_36' title="bbox 118 3595 1076 3664; baseline 0.003 -19"><span class='ocrx_word' id='word_1_283' title='bbox 118 3595 138 3662; x_wconf 74' lang='lat'>⁸)</span> <span class='ocrx_word' id='word_1_284' title='bbox 155 3599 332 3661; x_wconf 86' lang='lat' dir='ltr'>possessiouem</span> <span class='ocrx_word' id='word_1_285' title='bbox 346 3598 412 3656; x_wconf 77' lang='lat' dir='ltr'>edd,</span> <span class='ocrx_word' id='word_1_286' title='bbox 428 3614 484 3647; x_wconf 82' lang='lat' dir='ltr'>cum</span> <span class='ocrx_word' id='word_1_287' title='bbox 499 3599 630 3661; x_wconf 89' lang='lat' dir='ltr'>portionem</span> <span class='ocrx_word' id='word_1_288' title='bbox 642 3598 772 3663; x_wconf 75' lang='lat' dir='ltr'>proripio</span> <span class='ocrx_word' id='word_1_289' title='bbox 786 3598 926 3660; x_wconf 86' lang='lat' dir='ltr'>pussionem</span> <span class='ocrx_word' id='word_1_290' title='bbox 941 3608 1076 3664; x_wconf 75' lang='lat' dir='ltr'>acceptum</span> 
     </span>
     <span class='ocr_line' id='line_1_37' title="bbox 116 3665 1004 3733; baseline 0.002 -15"><span class='ocrx_word' id='word_1_291' title='bbox 116 3676 189 3718; x_wconf 81' lang='lat' dir='ltr'>esset.</span> <span class='ocrx_word' id='word_1_292' title='bbox 220 3668 334 3718; x_wconf 76' lang='lat' dir='ltr'>Ceterum</span> <span class='ocrx_word' id='word_1_293' title='bbox 353 3669 402 3717; x_wconf 85' lang='lat' dir='ltr'>oid.</span> <span class='ocrx_word' id='word_1_294' title='bbox 428 3669 508 3727; x_wconf 73' lang='lat' dir='ltr'><em>VII‘,</em></span> <span class='ocrx_word' id='word_1_295' title='bbox 523 3682 543 3719; x_wconf 84' lang='lat'>1.</span> <span class='ocrx_word' id='word_1_296' title='bbox 617 3665 765 3733; x_wconf 70' lang='lat' dir='ltr'>&#39;iperpetun</span> <span class='ocrx_word' id='word_1_297' title='bbox 784 3667 1004 3721; x_wconf 76' lang='lat' dir='ltr'>liberatioruecid.</span> 
     </span>
     <span class='ocr_line' id='line_1_38' title="bbox 118 3737 1077 3805; baseline 0.004 -18"><span class='ocrx_word' id='word_1_298' title='bbox 118 3737 139 3804; x_wconf 64' lang='grc' dir='ltr'>Β)</span> <span class='ocrx_word' id='word_1_299' title='bbox 161 3738 224 3788; x_wconf 80' lang='lat' dir='ltr'>tude</span> <span class='ocrx_word' id='word_1_300' title='bbox 245 3740 300 3788; x_wconf 90' lang='lat' dir='ltr'>dum</span> <span class='ocrx_word' id='word_1_301' title='bbox 321 3740 378 3788; x_wconf 83' lang='lat' dir='ltr'>edd.</span> <span class='ocrx_word' id='word_1_302' title='bbox 414 3739 551 3788; x_wconf 77' lang='lat' dir='ltr'>ludendum</span> <span class='ocrx_word' id='word_1_303' title='bbox 572 3738 670 3789; x_wconf 82' lang='lat' dir='ltr'>Scluit.</span> <span class='ocrx_word' id='word_1_304' title='bbox 689 3741 721 3801; x_wconf 76' lang='lat' dir='ltr'>ej.</span> <span class='ocrx_word' id='word_1_305' title='bbox 754 3738 783 3786; x_wconf 78' lang='lat' dir='ltr'>lt</span> <span class='ocrx_word' id='word_1_306' title='bbox 801 3737 889 3787; x_wconf 89' lang='lat' dir='ltr'>dudum</span> <span class='ocrx_word' id='word_1_307' title='bbox 911 3739 1023 3790; x_wconf 83' lang='lat' dir='ltr'>Roeoer.</span> <span class='ocrx_word' id='word_1_308' title='bbox 1043 3744 1077 3805; x_wconf 71' lang='lat' dir='ltr'>ej.</span> 
     </span>
     <span class='ocr_line' id='line_1_39' title="bbox 118 3805 1078 3876; baseline 0.004 -18"><span class='ocrx_word' id='word_1_309' title='bbox 118 3805 140 3873; x_wconf 82' lang='lat'>⁹)</span> <span class='ocrx_word' id='word_1_310' title='bbox 155 3818 179 3858; x_wconf 88' lang='lat' dir='ltr'>et</span> <span class='ocrx_word' id='word_1_311' title='bbox 193 3810 249 3860; x_wconf 84' lang='lat' dir='ltr'>edd.</span> <span class='ocrx_word' id='word_1_312' title='bbox 322 3805 354 3874; x_wconf 77' lang='lat'>¹⁰)</span> <span class='ocrx_word' id='word_1_313' title='bbox 369 3824 439 3873; x_wconf 89' lang='lat' dir='ltr'>quum</span> <span class='ocrx_word' id='word_1_314' title='bbox 453 3810 511 3859; x_wconf 84' lang='lat' dir='ltr'>edd.</span> <span class='ocrx_word' id='word_1_315' title='bbox 579 3806 611 3874; x_wconf 90' lang='lat'>¹¹)</span> <span class='ocrx_word' id='word_1_316' title='bbox 625 3815 664 3857; x_wconf 80' lang='lat' dir='ltr'>urit</span> <span class='ocrx_word' id='word_1_317' title='bbox 679 3810 700 3856; x_wconf 88' lang='lat' dir='ltr'>si</span> <span class='ocrx_word' id='word_1_318' title='bbox 713 3808 780 3866; x_wconf 72' lang='lat' dir='ltr'>edd„</span> <span class='ocrx_word' id='word_1_319' title='bbox 792 3808 893 3871; x_wconf 84' lang='lat' dir='ltr'>sactum</span> <span class='ocrx_word' id='word_1_320' title='bbox 908 3810 945 3867; x_wconf 83' lang='lat' dir='ltr'>id,</span> <span class='ocrx_word' id='word_1_321' title='bbox 962 3820 992 3860; x_wconf 85' lang='lat' dir='ltr'>ut</span> <span class='ocrx_word' id='word_1_322' title='bbox 1002 3821 1078 3876; x_wconf 82' lang='lat' dir='ltr'>puto,</span> 
     </span>
     <span class='ocr_line' id='line_1_40' title="bbox 116 3876 1080 3944; baseline 0.002 -14"><span class='ocrx_word' id='word_1_323' title='bbox 116 3897 152 3930; x_wconf 75' lang='lat' dir='ltr'>ea</span> <span class='ocrx_word' id='word_1_324' title='bbox 166 3891 203 3930; x_wconf 79' lang='lat' dir='ltr'>uu.</span> <span class='ocrx_word' id='word_1_325' title='bbox 234 3881 415 3929; x_wconf 82' lang='lat' dir='ltr'>Potesttamen</span> <span class='ocrx_word' id='word_1_326' title='bbox 431 3883 506 3928; x_wconf 85' lang='lat' dir='ltr'>etiam</span> <span class='ocrx_word' id='word_1_327' title='bbox 518 3879 619 3942; x_wconf 77' lang='lat' dir='ltr'>foisse:</span> <span class='ocrx_word' id='word_1_328' title='bbox 634 3879 779 3937; x_wconf 84' lang='lat' dir='ltr'>declaretur,</span> <span class='ocrx_word' id='word_1_329' title='bbox 795 3879 824 3927; x_wconf 89' lang='lat' dir='ltr'>si.</span> <span class='ocrx_word' id='word_1_330' title='bbox 902 3876 935 3944; x_wconf 81' lang='lat'>¹¹)</span> <span class='ocrx_word' id='word_1_331' title='bbox 951 3889 1080 3932; x_wconf 77' lang='lat' dir='ltr'>auctorem</span> 
     </span>
     <span class='ocr_line' id='line_1_41' title="bbox 117 3945 1080 4015; baseline -0.002 -15"><span class='ocrx_word' id='word_1_332' title='bbox 117 3953 174 4002; x_wconf 83' lang='lat' dir='ltr'>edd.</span> <span class='ocrx_word' id='word_1_333' title='bbox 238 3947 269 4014; x_wconf 78' lang='lat'>¹³)</span> <span class='ocrx_word' id='word_1_334' title='bbox 285 3949 329 3999; x_wconf 72' lang='lat' dir='ltr'>Ea</span> <span class='ocrx_word' id='word_1_335' title='bbox 344 3950 427 4015; x_wconf 74' lang='lat' dir='ltr'>Pupp.</span> <span class='ocrx_word' id='word_1_336' title='bbox 442 3953 474 4013; x_wconf 70' lang='grc' dir='ltr'>φ’,</span> <span class='ocrx_word' id='word_1_337' title='bbox 490 3950 659 4012; x_wconf 86' lang='lat' dir='ltr'>perscripserit</span> <span class='ocrx_word' id='word_1_338' title='bbox 673 3949 729 3998; x_wconf 86' lang='lat' dir='ltr'>edd.</span> <span class='ocrx_word' id='word_1_339' title='bbox 797 3945 829 4013; x_wconf 84' lang='lat'>¹⁴)</span> <span class='ocrx_word' id='word_1_340' title='bbox 843 3948 911 4000; x_wconf 65' lang='lat' dir='ltr'>L.t.</span> <span class='ocrx_word' id='word_1_341' title='bbox 937 3949 984 4001; x_wconf 83' lang='lat' dir='ltr'>Td.</span> <span class='ocrx_word' id='word_1_342' title='bbox 1003 3953 1030 4003; x_wconf 90' lang='lat' dir='ltr'>G.</span> <span class='ocrx_word' id='word_1_343' title='bbox 1046 3954 1080 4004; x_wconf 78' lang='lat' dir='ltr'>de</span> 
     </span>
    </p>
   </div>
   <div class='ocr_carea' id='block_1_6' title="bbox 0 0 1196 4386">
    <p class='ocr_par' dir='ltr' id='par_1_7' title="bbox 0 0 1196 4386">
     <span class='ocr_line' id='line_1_42' title="bbox 0 0 1196 4386; baseline 0 0"><span class='ocrx_word' id='word_1_344' title='bbox 0 0 1196 4386; x_wconf 95' lang='lat' dir='ltr'> </span> 
     </span>
    </p>
   </div>
  </div>
 </body>
</html>
