2378 4386
151 573 193 629 44
490 580 517 616 ι.
536 579 646 616 rvnnrve
664 579 766 616 cronno.

152 708 186 765 ob
201 724 256 763 rem
272 706 317 762 lex
331 720 394 760 uera
409 713 490 777 atque
505 704 631 777 princeps
645 712 706 777 apta
721 703 753 759 ad
768 704 912 760 iubendum
927 713 955 761 et
970 704 1001 760 ad
1018 713 1111 761 uetan-

151 791 213 846 dum
229 790 299 844 ratio
315 795 356 843 est
371 795 443 843 recta
458 789 555 842 summi
571 785 650 843 louis.

214 871 243 927 V.
266 869 308 929 11.
329 870 535 940 presentior,
554 871 648 942 irater,
669 878 709 938 ut,
731 870 803 943 qnod
825 879 867 927 est
882 880 985 928 rectum
1000 887 1109 928 uerum·

150 972 214 1028 que,
235 953 396 1028 (oeternum
412 949 534 1028 quoque)
556 954 700 1027 sitneque
721 970 781 1010 cunr
797 953 907 1026 litteris,
928 954 1026 1028 quibus
1041 957 1109 1013 scita

150 1037 316 1111 scribuntur,
333 1046 379 1093 aut
394 1039 496 1092 oriatur
511 1045 557 1092 aut
572 1036 684 1096 occidat.

213 1119 255 1175 M.
277 1119 350 1194 Ergo
375 1130 403 1176 ut
425 1120 470 1176 illa
492 1120 581 1175 diuina
597 1136 671 1175 mens
687 1136 790 1176 summa
805 1121 848 1176 lex
862 1129 914 1191 est,
937 1122 1011 1191 item,
1028 1138 1110 1196 quom

150 1207 177 1260 in
193 1205 302 1260 homine
317 1213 359 1259 est
374 1203 493 1277 perlecta
508 1197 560 1260 *ad
583 1205 609 1259 in
625 1206 714 1260 mente
729 1206 872 1277 sapientis;
894 1219 962 1278 quae
983 1214 1048 1261 sunt
1062 1223 1110 1262 au·

151 1297 204 1343 tem
218 1290 290 1343 uarie
305 1295 333 1343 et
348 1287 380 1343 ad
396 1294 503 1360 tempus
519 1286 668 1358 descriptae
682 1287 807 1360 populis,
822 1288 916 1344 laucre
930 1290 1015 1361 magis
1030 1305 1109 1361 quam

150 1388 179 1428 re
200 1372 291 1445 legum
314 1387 412 1428 nomen
435 1378 537 1426 tenent.
569 1385 674 1425 omnem
696 1373 766 1424 enim
787 1371 890 1444 legem,
911 1387 981 1444 quae
1004 1372 1109 1444 quidem

150 1464 225 1512 recte
243 1457 287 1512 lex
307 1454 435 1530 appellari
455 1455 552 1527 possit,
573 1468 633 1508 csse
654 1452 811 1510 laudabilem
832 1454 989 1527 quibusdam
1012 1454 1109 1510 telilsus

150 1541 316 1613 argumentis
331 1540 436 1597 docent.
466 1545 573 1592 constat
592 1536 728 1610 proiecto,
749 1537 782 1593 ad
801 1538 914 1594 salutem
929 1539 1028 1594 ciuium
1044 1540 1109 1594 ciui-

150 1632 290 1696 tatumque
306 1621 515 1679 incolumitatem
530 1621 667 1692 uitamque
682 1621 820 1676 hominum
833 1624 949 1694 quietam
964 1631 993 1677 et
1007 1622 1109 1677 beatam

153 1708 276 1762 inuentas
292 1722 352 1761 esse
373 1706 459 1778 leges,
481 1719 593 1777 eosque,
614 1705 660 1776 qui
674 1705 790 1778 primum
805 1707 864 1761 eius
878 1705 951 1761 modi
965 1707 1034 1761 scita
1048 1721 1109 1762 san·

151 1789 249 1861 serint,
265 1789 374 1863 populis
389 1785 551 1857 ostendisse,
567 1803 596 1841 ea
611 1804 640 1842 se
656 1789 806 1860 scripturos
822 1798 903 1861 atque
918 1789 1031 1858 laturos,
1051 1791 1109 1862 qui·

150 1871 200 1928 bus
215 1873 254 1928 illi
268 1873 375 1927 adscitis
390 1871 579 1942 susceptisque
595 1871 708 1926 honeste
723 1870 854 1944 beateque
871 1874 1008 1940 uiuerent3
1030 1889 1110 1944 quac·

76 2017 79 2023 ,
151 1971 204 2027 que
221 1957 259 2010 ita
280 1954 420 2025 conposite
441 1960 587 2026 sanctaque
608 1963 707 2023 essent,
729 1969 773 2009 eas
793 1953 869 2027 leges
883 1953 1009 2009 uidelicet
1024 1956 1109 2010 nomi·

150 2046 255 2097 natent.
282 2053 314 2092 ex
331 2052 386 2110 quo
401 2035 523 2108 intellegi
539 2053 588 2109 par
602 2045 654 2109 est,
670 2053 728 2112 eos,
744 2038 791 2109 qui
806 2039 955 2110 perniciosa
970 2045 996 2092 et
1010 2039 1109 2093 iniusta

150 2120 258 2194 populis
273 2122 345 2176 iussa
360 2119 562 2192 descripserint,
578 2137 659 2193 quom
672 2126 766 2177 contra
777 2120 890 2176 iecerint
905 2136 983 2193 quam
994 2121 1110 2194 polliciti

150 2204 322 2277 professique
337 2205 402 2273 sint,
418 2202 524 2276 qutdnts
538 2206 630 2277 potins
645 2203 741 2259 tulisse
756 2219 834 2277 quam
850 2204 939 2277 leges:
961 2212 992 2259 ut
1005 2206 1109 2278 perspi·

149 2304 230 2343 cuum
256 2304 315 2343 esse
335 2289 430 2360 possit,
452 2289 478 2343 in
501 2288 560 2361 ipso
580 2287 689 2343 nomine
709 2287 777 2360 legis
798 2287 1000 2361 interpretando
1021 2290 1109 2345 inesse

150 2373 205 2425 uim
227 2379 254 2425 et
275 2372 433 2426 sententiam
454 2372 519 2426 iusti
537 2379 565 2427 et
584 2372 642 2427 neri
662 2370 779 2444 legendi.
816 2388 915 2445 quaero
937 2374 1021 2446 igitur
1041 2380 1108 2441 ate,

150 2452 259 2523 Quinte,
281 2455 350 2509 sicut
370 2453 533 2511 illisolent:
570 2452 614 2514 12.
636 2471 690 2528 quo
711 2457 734 2511 si
756 2456 852 2511 ciuitas
873 2466 974 2527 careat,
996 2455 1030 2512 ob
1051 2472 1108 2512 eam

148 2539 233 2610 ipsam
248 2552 363 2610 causam,
379 2538 451 2611 quod
469 2555 502 2595 eo
517 2546 614 2611 careat,
629 2556 679 2613 pro
694 2539 779 2595 nihilo
794 2539 914 2597 habenda
929 2543 974 2613 sit,
990 2539 1016 2596 ld
1032 2548 1109 2596 estne

148 2621 341 2676 numerandum
357 2623 384 2677 in
399 2623 494 2679 bonis?

214 2703 246 2771 Ω.
269 2707 306 2762 Ac
327 2709 455 2763 maxumis
478 2708 595 2782 quidem.

212 2789 252 2846 M.
274 2788 347 2863 lege
362 2799 452 2846 autem
467 2807 561 2847 carens
576 2792 672 2846 ciuitas
684 2797 760 2846 estne
776 2789 812 2846 ob
825 2786 874 2866 (td)
886 2793 974 2865 ipsum
986 2788 1107 2847 habenda

148 2873 224 2929 nullo
241 2873 320 2928 loco?

215 2953 248 3020 Q.
264 2954 318 3010 liici
334 2954 411 3009 aliter
425 2970 478 3008 non
495 2963 595 3026 potest.

211 3035 251 3091 M.
267 3036 383 3091 Necesse
397 3045 439 3091 est
454 3038 538 3108 igitur
552 3037 639 3111 legem
655 3037 747 3095 haberi
762 3041 788 3096 ln
804 3039 886 3096 rebus
901 3040 1017 3113 optimis.

212 3119 245 3186 Q.
260 3118 377 3174 Prorsus
392 3119 538 3174 adsentior.

212 3197 255 3260 13.
277 3201 318 3258 M.
342 3200 428 3268 unilt
448 3203 522 3276 quod
537 3204 619 3259 multa
635 3207 795 3277 perniciose,
816 3204 898 3260 multa
913 3203 1042 3276 pestifere
1056 3207 1107 3261 sci·

148 3295 262 3341 scuntur
282 3285 309 3339 in
331 3285 449 3358 populis,
472 3302 540 3360 quae
562 3303 617 3343 non
639 3291 724 3360 magis
745 3288 813 3360 legis
839 3302 937 3342 nomen
958 3289 1106 3361 attingunt,

149 3383 228 3442 quem
243 3369 267 3423 si
282 3365 400 3424 latrones
415 3369 518 3443 aliquas
533 3386 663 3428 consessu
676 3385 726 3424 suo
742 3371 885 3424 sanxerint.
912 3384 971 3424 narn
983 3372 1006 3424 si
1018 3387 1106 3444 neque

149 3449 313 3507 medicorum
330 3463 473 3527 praecepta
494 3453 546 3510 dici
569 3468 632 3508 uere
647 3459 775 3525 possent,
796 3445 878 3525 quae²
892 3452 969 3509 inscil
985 3455 1106 3526 inperiti-

149 3550 201 3609 que
215 3550 266 3607 pro
281 3534 444 3592 salutaribus
459 3535 598 3592 mertilera
613 3536 843 3607 conscripserunt,
858 3550 946 3609 neque
961 3538 987 3592 in
1003 3539 1106 3611 populo

149 3672 351 3682 ——-

221 3734 240 3800 ¹)
259 3739 329 3798 ratio,
349 3739 385 3786 len
399 3746 449 3788 esta
469 3753 495 3787 ca
515 3752 572 3788 uero
587 3745 624 3786 est
638 3738 742 3802 perlecto
756 3741 857 3804 supplet
867 3740 897 3789 V.
928 3737 949 3807 ¹)
963 3757 1016 3792 nem
1030 3758 1108 3808 neque

147 3808 292 3859 medicomm
309 3816 434 3872 praecepta
448 3809 496 3858 dici
511 3822 567 3857 nere
580 3817 687 3872 possent,
701 3810 791 3874 siquae
803 3809 860 3877 AB,
874 3812 932 3861 item
943 3821 1036 3863 mutato
1051 3829 1108 3878 pos·

147 3887 200 3928 sent
214 3881 241 3928 in
256 3885 356 3942 possunt
369 3879 408 3927 ed.
429 3878 460 3929 V.
