2378 4386
498 555 587 596 esraa.
966 533 1028 599 165

59 686 179 741 Boethio
197 688 228 741 iu
247 688 303 749 Cic.
318 690 388 760 Top.
401 709 430 761 p.
444 697 495 746 303
508 691 640 756 constat),
659 690 755 741 tamen
774 701 843 755 quaa
857 685 1027 741 Veronensis

10 762 51 814 1⁹⁸1
59 754 147 833 codex
166 759 304 833 praestat,
321 759 426 837 partim
443 758 638 828 ineptissimae
653 758 727 813 sunt.
751 752 844 820 Quid?
859 821 865 833 ³
884 754 940 808 uod
953 753 1026 809 adeo

60 838 118 876 erus
130 824 183 876 sori
206 826 381 896 torrlsrrpes
398 827 461 892 fuit,
481 829 585 880 utnon
603 824 689 879 modo
702 822 866 878 Graecaelr
894 825 1025 877 araturae

58 890 167 943 nescius
199 890 1026 974 raeoaomniavelpraeteriretvellitterisLatinisreddens

58 958 1027 1107 {reuerterenturtricameratum?

57 1093 161 1153 rudicu.
180 1096 229 1148 ubr
242 1097 356 1151 rubrica
368 1098 513 1153 desineret
524 1098 554 1151 et
564 1113 639 1150 nova
651 1097 741 1149 oratio
752 1096 901 1162 marperet,
915 1111 1026 1164 expers,

57 1160 133 1214 haud
145 1178 208 1216 raro
221 1180 285 1216 cum
296 1165 410 1220 rubrica
419 1167 453 1234 (si
462 1164 546 1219 modo
557 1163 670 1217 rubrica
680 1165 752 1229 erat)
762 1162 849 1215 etiam
860 1164 981 1232 partem,
993 1164 1026 1216 ut

58 1228 208 1296 plurimum
222 1231 364 1302 integrum
374 1251 496 1298 versum,
510 1232 577 1285 novi
587 1229 700 1284 articuli
709 1230 855 1283 omitteret
865 1229 939 1349 §ide
951 1240 973 1293 t,
983 1235 1024 1287 56.

57 1301 97 1351 58.
109 1303 149 1352 65.
160 1304 200 1355 76.
211 1305 251 1353 97.
265 1306 321 1354 108.
340 1309 364 1367 2,
379 1309 401 1354 1.
412 1308 453 1356 97,
473 1308 498 1365 3,
509 1306 550 1354 85.
560 1305 601 1353 88.
614 1305 671 1354 139.
687 1303 742 1349 162.
762 1304 786 1358 4,
803 1302 846 1362 t).
897 1313 929 1350 ec
941 1298 1025 1350 facile

56 1363 110 1417 nisi
122 1365 244 1420 barbara
253 1370 348 1421 aetate
361 1385 417 1421 non
431 1365 621 1422 animadverti
633 1365 747 1442 poterat
758 1363 867 1423 folium,
885 1364 961 1430 quod
975 1364 1025 1416 ali-

57 1432 169 1500 quando
183 1434 336 1500 exciderat,
355 1435 449 1488 alieno
468 1436 529 1488 loco
544 1451 560 1486 a
576 1433 703 1509 bibliope
724 1449 741 1483 a
758 1431 930 1492 restitutum,
949 1430 1027 1508 quod

57 1500 160 1553 accidit
173 1501 322 1568 (quicquid
339 1502 515 1555 contradicat
527 1449 734 1576 Boeokingrurg'
754 1514 789 1551 cx
802 1497 980 1551 Heimbachri
998 1499 1028 1552 et

56 1583 120 1621 mea
133 1568 278 1620 sententia
289 1574 313 1631 2,
325 1575 445 1634 tlt—tu,
458 1569 492 1621 ut
503 1567 593 1620 simile
607 1567 707 1618 vitrum
720 1568 831 1618 taceam
843 1565 880 1618 ad
891 1572 918 1632 3,
930 1570 986 1624 138.
1009 1581 1028 1620 a

56 1651 100 1712 me
113 1634 282 1686 indicatum.
306 1635 388 1700 Quid,
406 1636 482 1704 quod
494 1637 524 1688 et
541 1636 616 1687 totae
629 1633 784 1711 sententiae
800 1632 942 1710 interdum
957 1634 1027 1713 omi-

54 1701 405 1848 accurantur
415 1700 1026 1848 latratu{accurrerunt

55 1837 152 1889 fursee.
176 1835 209 1888 In
222 1836 294 1890 lrbro
306 1839 392 1892 toties
401 1839 522 1894 maxime
544 1853 733 1903 normanum,
747 1852 796 1904 qur
807 1835 890 1890 lacrle
902 1837 1027 1906 decipie-

55 1904 168 1968 bantur,
183 1904 213 1956 in
226 1921 307 1958 usum
321 1906 462 1986 descripto
474 1857 551 1961 haul
563 1921 655 1975 pauca
666 1905 726 1958 sine
739 1902 825 1981 dulcio
837 1904 1027 1983 antiquiorem

56 1971 219 2025 habuerunt
228 1973 440 2042 originem:²rd
449 1975 526 2045 qnod
533 1975 737 2043 circumspecto
746 1972 936 2027 cntreornhre
945 1988 1026 2043 prae·

57 2040 154 2094 sertim
167 2040 324 2094 notandum
337 2045 389 2106 eat,
403 2058 460 2113 qua
490 2043 641 2112 aliquando
652 2040 818 2096 exciderunt
831 2042 860 2093 et
872 2040 909 2094 ad
921 2040 1025 2112 margi·

57 2123 122 2162 nem
134 2107 271 2162 librorum
284 2109 356 2187 aliua
374 2113 447 2165 forte
460 2060 567 2165 iormae
580 2110 799 2187 longiorumqua
813 2123 947 2163 versuum
959 2126 1026 2188 sup·

57 2175 137 2243 pleta
148 2177 248 2244 postea
258 2177 352 2232 aheno
364 2178 426 2233 loco
439 2179 573 2233 restituta
584 2180 650 2231 sunt
658 2177 705 2232 vel
717 2177 910 2245 perierunt-
918 2176 1028 2231 Habuit

58 2242 147 2295 codex
165 2243 245 2297 initio
259 2251 308 2298 129
327 2246 396 2300 folia
407 2248 514 2301 formae
527 2246 682 2314 quadratae
695 2244 816 2308 mediae,
835 2263 872 2367 pit
895 2245 941 2299 'na
956 2260 1027 2314 qna·

58 2308 821 2455 attitulantur{tradididit
838 2329 1027 2436 stellulis}

58 2446 140 2498 mitro
164 2447 194 2499 et
216 2446 272 2500 line
296 2451 401 2516 operia,
427 2451 457 2503 et
479 2450 510 2503 ut
535 2465 621 2501 unum
646 2464 743 2502 eorum
766 2464 838 2565 quae
862 2450 1028 2504 continebat

58 2512 156 2566 saltem
175 2530 209 2566 ex
248 2516 307 2568 arte
327 2517 443 2570 aliunde
455 2515 552 2569 saneim
570 2522 684 2584 possent
697 2515 755 2583 (lib.
784 2514 819 2567 ΙΙ.
833 2517 916 2582 init).
946 2517 1025 2581 Quae

58 2583 209 2648 supersunt
227 2532 313 2648 lolia,
337 2584 452 2637 turbato
476 2583 573 2637 ordine
597 2582 750 2647 deletaque
772 2581 866 2649 priore
887 2583 1029 2651 scriptura

57 2663 130 2702 novo
148 2647 239 2702 codici
257 2650 400 2706 variorum
418 2649 585 2718 Hieronymi
603 2665 620 2702 o
642 2665 722 2702 ernrn
743 2647 874 2701 faciendo
892 2649 1042 2702 insomnia·

56 2717 134 2779 runt,
161 2715 204 2770 ita
225 2719 259 2769 ut
281 2719 378 2785 paucis
402 2718 529 2787 exceptis
551 2667 653 2779 semel,
681 2715 794 2769 circiter
820 2717 938 2781 quartae
961 2731 1028 2769 vero

56 2781 188 2835 fohorum
205 2785 283 2852 parti
300 2786 371 2841 adeo
388 2787 432 2840 bia
443 2802 519 2841 nova
530 2785 671 2853 scriptura
687 2783 890 2852 imponeretur.
918 2781 1027 2837 Lectio-

58 2864 123 2926 nem
145 2852 294 2918 praeterea
321 2856 468 2922 frequente
494 2853 630 2922 siglamm
654 2851 712 2904 sive
735 2850 867 2926 notarum
893 2867 947 2905 usu
974 2851 1028 2904 im·

57 2915 190 2984 pedrente
201 2936 236 2973 ex
247 2936 467 2992 eorumgenere,
478 2937 551 2988 quae
563 2922 631 2975 ante
637 2918 824 2973 lastinianum
834 2935 864 2971 rn
874 2935 926 2973 usu
936 2918 1026 2987 fuere,

57 3078 154 3140 singulis
168 3080 277 3128 meteriis
293 3081 402 3143 inscripti
416 3088 509 3143 essent,
529 3080 593 3129 idern
608 3078 719 3141 contigit,
739 3078 882 3143 tandemque
896 3080 983 3129 Alarici
1000 3088 1025 3128 et

57 3147 179 3199 iustiniani
194 3158 281 3213 aetate,
301 3152 340 3214 qui
356 3152 428 3200 etiem
443 3153 516 3201 totius
531 3151 590 3200 iuris
605 3150 683 3199 civilis
698 3149 816 3198 enucleati
831 3151 939 3200 codicem
955 3151 1027 3213 llige-

57 3226 146 3269 storum
161 3220 192 3269 ad
207 3221 311 3270 edictum
326 3230 449 3285 spectante
464 3222 559 3271 nomine
574 3221 713 3284 appellavit,
734 3235 762 3268 eo
777 3229 916 3284 perventum
930 3229 980 3284 est,
1000 3229 1027 3270 ut

56 3290 90 3338 vel
105 3292 265 3341 scholasticae
281 3293 445 3342 lnstitutiones
463 3295 493 3342 ah
513 3295 565 3356 ipso
581 3300 678 3341 auctore
699 3306 742 3355 per
761 3299 836 3341 totum
851 3294 926 3341 titolis
942 3293 1026 3341 distri-

56 3360 198 3423 buerentur,
218 3378 292 3426 eaque
308 3364 432 3413 honestior
446 3365 573 3428 appellatio
589 3371 672 3426 postea
687 3361 754 3428 (licet
769 3362 873 3411 nondum
889 3365 911 3411 in
928 3363 1026 3412 liloren·

56 3432 104 3483 tino
119 3433 170 3495 aig.
187 3433 283 3499 codice)
298 3436 449 3484 librariorum
463 3436 572 3485 rubricas
588 3434 725 3497 expelleret.
776 3430 802 3499 ²³)
819 3435 947 3498 Utrumque
963 3449 1026 3482 nunc

56 3504 199 3566 scriptorem
214 3505 276 3556 dico.
297 3520 350 3554 nam
366 3506 425 3555 duos
440 3506 552 3555 librarios
567 3511 664 3568 praeter
673 3512 836 3554 correctorem
848 3505 870 3552 in
881 3506 926 3554 hoc
941 3505 1026 3553 codice

56 3583 185 3638 occupatos
206 3576 292 3638 luisse,
313 3576 489 3626 Studemundus
509 3576 675 3640 deprehendit.
765 3571 785 3636 ¹)
801 3576 848 3624 Sed
868 3577 915 3623 lam
930 3575 1026 3624 veritati

56 3646 176 3695 concessit
199 3647 237 3696 ed.
262 3657 282 3697 e.
329 3647 420 3697 lirinens
445 3656 522 3697 umen
547 3647 653 3711 priorem
677 3647 728 3694 eius
753 3646 890 3707 opinionem
919 3646 1027 3708 suscepit

56 3714 98 3764 Th.
109 3716 271 3765 Mommsenue
285 3719 357 3780 epist.
372 3720 426 3768 crit.
442 3719 575 3782 praemissa
590 3717 627 3764 ed.
640 3717 707 3765 Stod.
766 3710 788 3778 ¹)
808 3716 887 3764 Etiam
902 3731 930 3764 ea
945 3729 1027 3763 erem-

55 3785 139 3849 plorie‚
153 3788 240 3850 quibua
251 3787 376 3837 Iustiniani
390 3791 430 3852 qul
445 3794 631 3852 composuelunt
647 3785 809 3835 lnstitutionca
824 3786 862 3834 nsi
876 3792 939 3844 eunt,
954 3799 1027 3847 quae-

56 3856 109 3907 dam
123 3858 238 3907 hahuisse
254 3859 339 3909 menda
354 3858 541 3910 centenae.
557 3858 700 3918 eommunia,
715 3856 794 3904 notavi
809 3856 838 3902 ad
854 3867 874 3917 a,
889 3866 923 3904 or.
943 3866 964 3912 a,
979 3863 1026 3901 rae.

56 3938 102 3979 arr.
120 3940 143 3991 4,
157 3940 191 3979 aa.
212 3929 260 3981 rid.
282 3930 353 3979 etiem
372 3942 393 3993 e,
414 3943 446 3982 re.
468 3943 501 3982 rr.
522 3941 570 3979 112.
