2378 4386
737 85 842 104 ‘W-

403 566 437 600 nc
457 565 567 601 ccornvs
586 566 665 600 crocis
683 567 713 602 11.
998 559 1038 615 51
1133 602 1138 612 .

77 691 172 748 dianda
193 703 244 748 est.
275 693 326 747 iam
342 693 412 747 ritus
427 690 540 747 familiae
555 701 716 765 patrumque
731 707 841 748 seruare
857 691 884 746 id
900 700 951 762 est,
972 708 1040 765 quo-

78 779 147 832 niam
163 778 309 849 antiquitas
324 791 455 850 proxume
470 774 572 832 accedit
588 775 619 831 ad
635 775 718 845 deos,
734 792 748 830 a
764 775 804 830 dis
821 778 897 848 quasi
914 777 1038 832 traditam

78 861 239 934 religionem
256 862 335 916 tueri.

140 942 217 1010 Quod
239 952 328 1000 autem
350 960 382 999 ex
398 943 536 999 hominum
558 959 658 1016 genere
680 951 863 1015 consecratos,
883 945 954 999 sicut
974 943 1040 1000 ller-

77 1028 163 1085 culem
179 1037 207 1084 et
221 1037 339 1100 ceteros,
361 1028 415 1085 coli
430 1027 472 1083 lex
487 1026 571 1096 iubet,
594 1024 702 1097 indicat,
725 1027 842 1082 omnium
859 1027 966 1099 quidem
982 1030 1038 1084 ani·

77 1130 135 1168 mos
157 1112 306 1168 inmortalis
329 1128 400 1183 esse,
423 1121 465 1167 set
488 1110 600 1166 lortium
623 1108 810 1183 bonorumque
831 1111 947 1167 diuinos.
991 1107 1040 1170 28.

77 1195 145 1251 hene
159 1213 236 1266 uero,
253 1197 324 1270 quod
341 1196 425 1265 ileos,
440 1194 538 1264 Pietas,
553 1194 652 1264 Virtus,
665 1193 743 1249 Fides
758 1204 933 1251 consecratur
948 1211 1038 1265 manu,

79 1296 190 1352 quarum
211 1281 329 1335 omnium
349 1279 447 1334 iiomae
468 1278 589 1334 dedicata
604 1276 711 1351 publice
729 1278 827 1350 templa
849 1286 925 1349 sunt,
948 1280 1039 1335 utilia

78 1365 122 1436 qui
145 1363 270 1435 habeant,
292 1364 391 1419 liabent
411 1372 499 1418 cotem
522 1378 616 1418 omnes
632 1361 704 1431 boni,
727 1361 793 1417 deos
809 1364 882 1435 ipsos
898 1365 925 1418 in
942 1365 1038 1418 animis

77 1449 131 1502 suis
161 1447 316 1504 conlocatos
339 1455 444 1519 putent.
487 1462 548 1502 nam
570 1445 635 1500 illud
659 1447 786 1502 uitiosum
808 1447 930 1515 Athenis,
954 1445 1037 1518 quod,

76 1530 190 1603 Cylonio
213 1529 316 1585 scelere
338 1531 463 1602 expiato,
486 1528 638 1602 Epimenide
660 1529 738 1585 Crete
761 1529 891 1584 suadente
914 1529 1039 1586 lecerunt

76 1612 262 1670 Contumeliae
285 1612 376 1666 lanum
398 1619 427 1666 et
448 1610 637 1684 inpudentiam
659 1615 775 1668 uirtutes
799 1614 878 1683 enim,
902 1630 955 1669 uon
973 1615 1037 1670 uitia

75 1710 238 1753 consecrare
259 1693 345 1750 decet.
381 1710 478 1766 araque
500 1702 606 1750 uetusta
627 1696 653 1751 in
673 1696 776 1752 Palatio
793 1695 885 1752 Febris
906 1695 1037 1755 etaltera

75 1779 204 1852 Esquiliis
220 1777 303 1833 italae
319 1778 451 1834 Fortunae
471 1779 659 1852 detestataque
681 1783 769 1837 omnia
791 1783 848 1836 eius
871 1781 943 1836 modi
957 1799 1037 1855 repu-

75 1863 173 1921 dianda
199 1871 274 1918 sunt.
311 1862 384 1935 quod
405 1863 429 1918 si
450 1861 573 1936 lingenda
596 1865 719 1937 nomina,
742 1865 819 1921 Vicae
842 1863 924 1921 Potae
945 1867 1038 1938 potius

75 1948 200 2006 uincendi
216 1955 298 2020 atque
312 1945 446 2020 potiundi,
462 1946 554 2003 Statae
568 1948 668 2018 standi,
691 1951 907 2023 cognominaque
922 1949 1037 2007 Statoris

77 2041 104 2086 et
119 2032 213 2087 inuicti
227 2031 309 2100 louis,
331 2047 476 2104 rerumque
491 2031 702 2104 expetendarum
717 2035 835 2102 nomina,
857 2034 968 2104 Salutis,
985 2034 1037 2090 llo·

77 2117 160 2187 noris,
184 2116 259 2188 Opis,
280 2114 428 2182 Victoriae3
451 2116 633 2189 quoniamque
648 2118 833 2188 expectatione
849 2134 938 2173 rerum
954 2118 1037 2173 bona·

76 2217 135 2256 rum
156 2201 271 2272 erigitur
292 2201 412 2270 aulmus,
432 2209 508 2255 recte
529 2200 608 2255 etiam
631 2199 697 2272 Spes
716 2217 729 2254 a
745 2199 863 2255 Calatino
879 2210 1037 2256 consecrata

78 2292 134 2349 est;
148 2283 321 2356 l'ortuuaque
336 2285 372 2338 sit
388 2282 431 2339 uel
447 2282 565 2339 liuiusee
580 2283 643 2352 diei,
660 2301 720 2339 nam
737 2285 808 2339 ualet
820 2287 847 2340 in
859 2301 952 2341 omncs
968 2283 1036 2356 dies,

78 2365 122 2421 uel
137 2365 299 2439 liespictens,
323 2367 355 2423 ad
379 2383 458 2441 opem
480 2367 628 2438 ferendam,
651 2368 694 2424 uel
717 2366 795 2441 Fors,
818 2368 844 2423 in
868 2385 923 2443 quo
939 2369 1035 2425 incerti

76 2466 154 2506 casus
176 2448 363 2523 significantur
384 2453 477 2523 magis,
500 2451 544 2506 uel
559 2451 729 2524 Primigenia,
751 2452 918 2526 agignendo
934 2469 1034 2510 comes.

138 2534 191 2590 llll.
214 2530 263 2594 29.
285 2536 351 2590 Tum
367 2534 495 2590 feriarum
512 2534 697 2607 lestorumque
713 2535 815 2590 dierum
827 2538 895 2591 ratio
906 2538 933 2590 in
945 2536 1035 2592 liberis

76 2619 224 2689 requietem
239 2619 318 2674 habet
332 2619 420 2674 litium
435 2627 462 2673 et
477 2619 638 2688 iurgiorum,
654 2620 680 2673 in
696 2618 783 2672 seruis
797 2635 909 2689 operum
922 2628 949 2673 et
962 2617 1035 2673 labo·

76 2716 151 2768 rum;
179 2715 243 2774 quas
273 2703 424 2776 conpositio
454 2703 514 2756 anni
537 2699 661 2756 conlerre
685 2698 763 2754 debet
785 2699 816 2753 ad
839 2699 1035 2772 perlectionem

76 2799 188 2857 operum
202 2786 375 2842 rusticorum.
412 2785 485 2859 quod
502 2795 620 2857 tempus,
635 2793 665 2839 ut
680 2781 874 2839 sacrificiorum
890 2781 1034 2840 libamenta

74 2876 218 2924 seruentur
232 2868 359 2942 letusque
374 2885 513 2944 pecorum,
536 2885 604 2942 quae
624 2868 694 2924 dicta
710 2869 736 2923 iu
751 2867 812 2941 lege
826 2876 899 2938 sont,
921 2867 1036 2942 diligen·

74 2960 117 3008 ter
135 2950 256 3008 habenda
274 2955 343 3009 ratio
366 2953 540 3010 intercalandi
560 2961 617 3021 est;
643 2952 716 3025 quod
737 2954 891 3008 institutum
912 2954 1000 3025 perite
1021 2970 1034 3008 a

73 3036 155 3093 lluma
170 3037 356 3110 posteriorum
370 3035 528 3110 pontificum
544 3036 716 3110 neglegentia
732 3036 893 3093 dissolutum
910 3044 962 3093 est.
984 3040 1035 3094 iam

73 3120 138 3177 illud
154 3137 187 3177 cx
203 3122 337 3177 institutis
351 3119 508 3195 pontificum
523 3129 552 3177 et
565 3122 719 3194 aruspicum
734 3137 788 3177 uon
809 3120 965 3177 mutandum
981 3129 1034 3192 est,

73 3205 170 3278 quibus
193 3205 291 3260 hostiis
312 3203 502 3261 immolandum
526 3207 644 3278 quoique
665 3204 726 3274 deo,
750 3205 792 3260 cui
814 3204 969 3276 maioribus,
991 3207 1034 3262 cui

72 3287 243 3360 lactentibus,
265 3289 309 3345 cui
331 3288 457 3359 maribus,
480 3290 522 3346 cui
546 3289 660 3344 leminis.
697 3287 789 3361 plures
811 3297 900 3344 autem
921 3289 1033 3344 deorum

73 3375 202 3442 omnium,
225 3371 327 3444 singuli
347 3373 517 3446 singulorum
540 3373 694 3428 sacerdotes
720 3381 747 3428 et
767 3371 948 3446 respondendi
967 3375 1033 3428 iuris

72 3465 99 3512 et
114 3450 353 3514 conficiendarum¹
370 3457 534 3530 religionum
550 3456 704 3513 facultatem
721 3456 857 3514 adierunt.
897 3472 1034 3529 quomque

71 3538 149 3597 Vesta
165 3542 242 3614 quasi
257 3539 348 3596 locum
365 3540 448 3612 urbis,
465 3549 495 3596 ut
507 3540 608 3596 Graeco
624 3541 732 3596 nomine
745 3548 787 3596 est
799 3539 943 3612 appellata,
959 3540 1032 3613 quod

71 3640 121 3680 nos
136 3641 223 3698 prope
238 3623 308 3679 idem
322 3623 460 3694 Graecum,
477 3621 554 3698 (non)
566 3626 771 3697 interpretatum
784 3639 882 3679 nomen
899 3631 1033 3692 tenemus,

71 3708 200 3782 conplexa
214 3709 260 3776 sit,
282 3709 306 3762 ei
321 3708 449 3764 colendae
464 3709 584 3781 uirgines
599 3709 727 3781 praesint,
749 3716 779 3763 ut
794 3706 958 3780 aduigiletur
969 3705 1033 3761 iaci-

72 3822 275 3832 ffl—

144 3879 164 3947 ¹)
179 3879 368 3931 confitendorum
383 3880 433 3929 AB
445 3880 485 3930 ed.
501 3878 531 3927 V.

785 3964 822 4016 qa
