2378 4386
934 56 937 67 Ι

908 81 960 94 ..⁴⁴

759 107 777 114 .-
797 96 863 108 ⁴1⁴--

421 569 456 602 on
474 568 587 604 unumve
605 569 683 603 muno
701 570 731 605 ιι.
1017 560 1058 618 53

96 706 186 752 autem
207 712 248 766 ea,
268 712 336 769 quae
350 697 443 769 posui:
468 712 501 752 ex
523 694 620 767 quibus
636 693 673 764 id,
694 694 767 768 quod
784 692 921 766 uolumus,
943 693 1060 751 efficitur

99 789 125 837 et
140 782 260 854 cogitur.
291 782 341 835 iam
358 797 424 834 uero
440 779 637 852 permultorum
653 779 836 852 exemplorum
853 785 881 833 et
901 787 995 834 nostra
1017 788 1060 835 est

97 866 174 939 plena
190 881 237 919 res
252 863 357 937 publica
371 871 400 920 et
411 865 499 921 omnia
515 879 599 936 regns
615 878 763 934 omnesque
778 861 871 935 populi
893 870 1059 936 cunctaeque

98 958 205 1023 gentes,
220 964 353 1022 augurum
370 947 515 1020 praedictis
529 947 614 1002 multa
629 945 821 1002 incredibiliter
835 961 900 1002 uera
912 947 1058 1012 cecidisse3

98 1049 186 1104 neque
201 1034 270 1087 enim
287 1032 390 1104 Polyidi
405 1047 495 1105 neque
511 1029 683 1103 Melampodis
699 1045 787 1102 neque
799 1029 884 1103 blopsi
896 1047 985 1104 neque
997 1032 1058 1086 Am·

98 1117 199 1190 phirrai
214 1132 303 1188 neque
318 1115 471 1171 Calchantis
490 1130 579 1187 neque
594 1113 688 1170 Heleni
711 1121 815 1168 tantum
838 1130 934 1170 nomen
951 1115 1058 1186 suisset,

99 1216 186 1272 neque
202 1208 244 1256 tot
258 1202 382 1255 nationes
397 1199 423 1254 id
440 1200 473 1256 ad
485 1200 537 1255 boc
548 1207 655 1271 tempus
668 1198 853 1266 minuissent,
869 1208 899 1253 ut
910 1198 1059 1272 Phrygum,

99 1283 265 1356 lycaonum,
295 1283 406 1339 Cilicum
434 1285 601 1355 maximeque
622 1280 784 1350 Pisidarum,
808 1283 860 1337 nisi
882 1290 1005 1338 uetustas
1028 1297 1059 1338 ea

99 1377 170 1423 certa
193 1384 254 1423 esse
276 1367 424 1423 docuisset.
460 1383 512 1423 nec
526 1382 592 1422 uero
607 1364 737 1421 Romulus
753 1373 848 1420 noster
862 1368 998 1438 auspicato
1013 1382 1059 1421 ur·

98 1451 159 1506 bem
174 1450 350 1518 condidisset,
366 1467 455 1524 neque
470 1452 527 1505 Atti
542 1449 607 1504 Naui
623 1465 722 1506 nomen
736 1451 864 1503 memoria
880 1449 990 1505 ssoreret
1005 1457 1058 1505 tam

98 1534 156 1604 diu,
178 1535 231 1589 nisi
252 1549 345 1588 omnes
367 1535 395 1589 bi
416 1534 499 1589 multa
519 1533 553 1587 ad
575 1534 714 1589 ueritatem
736 1531 897 1587 admirabilia
919 1533 1058 1588 dixissent.

98 1618 148 1673 sed
163 1616 275 1671 dubium
290 1625 413 1687 nonest,
434 1618 500 1690 quin
514 1617 579 1671 haec
593 1615 731 1690 disciplina
746 1623 774 1671 et
788 1632 833 1671 ars
848 1632 981 1690 augurum
997 1633 1059 1673 eua-

99 1702 192 1756 nuerit
206 1700 258 1753 iam
273 1706 303 1753 et
317 1707 454 1755 uetustate
469 1708 498 1754 et
511 1698 696 1773 neglegentia:
711 1702 747 1755 ita
762 1716 850 1773 neque
860 1700 899 1756 illi
910 1700 1058 1771 adsentior,

99 1785 147 1858 qui
171 1783 241 1838 banc
262 1783 398 1838 scientiam
419 1792 502 1858 negat
522 1799 648 1856 umquam
665 1785 694 1839 in
713 1793 810 1840 nostro
830 1784 946 1857 collegio
963 1786 1058 1854 luisse,

98 1884 188 1942 neque
203 1866 255 1935 illi,
270 1869 317 1940 qui
333 1882 393 1923 esse
408 1870 486 1923 etiem
502 1884 572 1924 nunc
589 1875 680 1941 putat3
705 1885 771 1941 quae
787 1869 850 1924 milri
867 1870 975 1924 uidetur
989 1868 1059 1942 apud

98 1955 215 2009 maiores
231 1950 317 2007 luisse
339 1951 449 2025 duplex,
471 1960 501 2008 ut
523 1952 555 2007 ad
577 1954 616 2007 rei
640 1950 762 2025 publicae
785 1961 891 2027 tempus
912 1969 967 2008 non
982 1968 1059 2008 num-

99 2053 190 2109 quam,
204 2035 238 2090 ad
253 2035 350 2109 agendi
366 2036 508 2093 consilium
523 2037 681 2109 saepissime
696 2038 851 2108 pertineret.

151 2118 209 2194 ⁴84.
231 2137 266 2193 A.
288 2136 375 2192 Credo
399 2136 489 2193 hercle
510 2137 547 2191 ita
570 2152 630 2192 esse
652 2137 752 2209 istique
772 2139 868 2193 rationi
890 2139 1060 2210 potissimum

99 2220 252 2288 adsentior3
275 2220 322 2276 scd
342 2221 426 2277 redde
441 2229 540 2276 cetera.

163 2319 227 2376 lllV.
250 2320 290 2377 M.
312 2321 428 2378 Reddam
450 2336 516 2376 uero
538 2328 567 2376 et
585 2319 624 2384 ld,
646 2321 668 2376 sl
689 2328 803 2394 potero,
824 2320 914 2378 breui:
938 2322 1062 2393 sequitur

101 2405 171 2460 enlm
187 2404 220 2459 dc
234 2405 293 2460 lure
307 2406 388 2474 belli3
409 2407 437 2461 in
459 2421 513 2478 quo
529 2414 556 2461 et
572 2405 742 2478 suscipiendo
758 2414 785 2460 et
800 2406 920 2477 gerendo
936 2414 963 2461 et
978 2406 1061 2478 ‹lepo-

99 2488 190 2545 neudo
211 2490 253 2543 ius
274 2496 306 2543 ut
326 2490 470 2562 plurimum
494 2488 595 2544 ualeret
615 2497 642 2543 et
664 2487 731 2543 tides
751 2505 899 2562 eorumque
915 2499 945 2544 ut
960 2488 1061 2562 publici

100 2574 262 2643 interpretes
278 2581 380 2642 essent,
396 2574 457 2646 lege
472 2574 617 2628 sanximus.
641 2573 694 2626 iam
710 2571 743 2625 de
752 2574 903 2643 aruspicum
916 2572 1061 2645 religione,

102 2654 137 2708 de
152 2655 346 2728 expiationibus
361 2667 389 2713 et
403 2654 641 2730 procurationibus
656 2663 698 2708 sat
713 2669 772 2708 esse
786 2654 866 2726 plane
882 2656 909 2708 in
927 2657 983 2726 ipsa
1000 2653 1062 2727 lege

103 2737 204 2793 dictum
219 2746 296 2812 puto.

166 2840 200 2896 A.
223 2839 379 2912 Adsentior,
403 2843 530 2914 quoniam
553 2839 641 2895 omnis
664 2837 730 2893 haec
748 2838 776 2892 in
791 2836 923 2911 religione
939 2845 1063 2893 uersatur

103 2924 200 2979 oratio.

164 3007 205 3066 M.
230 3008 263 3065 lt
284 3026 352 3065 uero
374 3008 447 3081 quod
468 3010 665 3081 sequiturque
686 3006 766 3062 modo
789 3014 818 3062 tu
837 3006 987 3063 adsentiare
1002 3001 1062 3063 aut¹

100 3107 153 3165 ego
169 3093 372 3165 reprehendam,
389 3109 453 3148 sane
470 3108 582 3164 quaero,
597 3090 665 3147 Tite.

164 3188 214 3249 85.
238 3193 272 3248 A.
297 3193 366 3260 Quid
383 3192 488 3249 tandem
499 3192 527 3247 id
543 3191 602 3247 esti

164 3277 206 3333 M.
229 3276 266 3332 lle
281 3281 423 3333 nocturnis
437 3274 573 3332 sacrificiis
589 3275 738 3331 mulierum.

164 3370 199 3428 A.
224 3367 281 3442 Ego
303 3384 369 3424 uero
392 3368 539 3435 adsentior,
560 3374 674 3440 excepto
694 3371 852 3440 praesertim
875 3370 902 3423 in
923 3370 980 3442 ipsa
1001 3369 1062 3444 lege

99 3451 228 3508 sollemni
242 3451 375 3508 sacrificio
390 3468 420 3508 ec
434 3450 555 3525 publico.

165 3552 205 3608 M.
234 3551 302 3618 Quid
337 3568 404 3625 ergo
432 3560 494 3625 eget
517 3551 626 3607 iacchus
649 3526 889 3624 Eumolpideeque
906 3548 1006 3607 uostri²
1034 3560 1063 3609 et

99 3644 217 3710 augusta
231 3635 276 3691 illa
290 3637 431 3708 mysteria,
448 3637 472 3690 si
487 3635 595 3707 quidem
610 3651 683 3690 secra
700 3643 831 3690 nocturna
847 3634 987 3690 tollimus?
1007 3653 1062 3692 non

176 3813 197 3881 ¹)
212 3817 330 3879 quomodo
350 3823 391 3865 aut
404 3823 428 3864 tu
444 3816 563 3865 adsentire
579 3813 629 3864 AB
640 3814 758 3879 quomodo
772 3821 813 3863 out
828 3823 851 3862 tu
867 3813 1002 3862 adsentiarc
1017 3818 1064 3860 aut

99 3887 140 3937 ed.
161 3887 192 3936 V.
224 3883 336 3953 ¹)nostri
350 3885 401 3934 AB
413 3886 470 3935 edd.
