2378 4386
325 563 430 599 oosrrn
448 563 554 601 verunt
571 562 670 600 resurr.
689 545 736 600 xt.
755 550 833 600 2-8.
993 545 1059 610 583

107 693 305 762 infirmitatem
327 693 432 749 leminis
454 701 543 749 eutem
567 690 644 769 (tum)
665 692 841 768 inponentes
858 709 936 768 quam
951 692 1060 769 puberi·

107 777 156 834 bus
171 787 197 832 ct
213 785 326 850 propter
341 792 421 833 sexus
437 776 618 833 ludrnrltatem
634 785 661 833 et
677 784 791 852 propter
805 778 952 834 lorenslum
968 793 1059 834 rerum

107 863 295 936 ignorantiam.

34 944 97 993 [⁴⁸⁷1
169 942 198 1001 2.
223 938 358 1000 ¹'lutores
374 951 421 999 aut
437 943 548 1017 legitimi
564 952 644 1016 sunt,
659 952 706 1000 aut
721 952 831 1001 senatus
846 945 980 1002 consultis
995 960 1060 1003 eou-

106 1028 211 1098 stituti,
226 1036 273 1083 aut
288 1027 408 1084 moribus
423 1026 581 1083 introducti.

168 1107 197 1168 8.
227 1104 368 1185 ²Legitiml
391 1118 498 1167 tutores
523 1120 602 1186 sunt,
622 1103 817 1183 ’quicunque³
838 1128 871 1167 er
892 1112 954 1185 lege
973 1111 1060 1186 aliqua

106 1195 289 1261 descendunt;
316 1211 365 1268 per
387 1195 556 1250 eminentiam
582 1201 671 1249 autem
693 1194 807 1266 legitimi
830 1194 957 1251 dicuntur
983 1194 1060 1269 ’lege

106 1277 248 1334 duodecim
271 1278 422 1334 tabularum
442 1271 620 1344 introducti,⁴
641 1292 689 1332 seu
704 1276 860 1349 propalam,
884 1277 975 1349 quales
997 1285 1060 1333 sunt

107 1364 216 1436 agneti,
246 1378 295 1417 seu
322 1377 372 1435 per
399 1362 633 1433 consequentiam,
662 1359 754 1432 quales
777 1367 840 1414 sunt
867 1361 986 1432 patroni.
1029 1357 1058 1417 4.

107 1439 224 1517 ‘’dgnotl
240 1453 303 1499 sunt
319 1461 332 1498 a
348 1454 425 1517 patre
440 1443 546 1512 cognati
563 1442 646 1498 uirilis
661 1458 756 1510 serus,
778 1459 828 1515 per
847 1442 952 1498 ulrllem
966 1458 1060 1499 sexum

107 1526 316 1597 descendentes,
335 1526 454 1582 eiusdem
471 1525 600 1596 familiae,
621 1524 696 1582 uelut
712 1543 730 1581 a
747 1521 843 1598 (putre
854 1526 992 1598 fratrem)
1013 1543 1061 1601 pa·

107 1615 178 1679 trui,
197 1609 287 1665 iratris
303 1608 367 1681 filii,
387 1609 482 1665 iratres
497 1601 658 1682 patrueles.⁶

169 1686 267 1750 aee⁷
289 1690 318 1750 5.
342 1691 391 1761 Qut
408 1692 520 1749 liberum
540 1699 637 1765 caput,
658 1693 835 1766 mancipatum
857 1690 907 1747 sibl
924 1692 968 1748 uel
984 1709 998 1748 a
1013 1709 1060 1768 pa·

106 1785 183 1834 reute
205 1777 248 1833 uel
275 1794 289 1833 a
312 1778 559 1848 coemptionatore,
588 1777 755 1847 manumisit,
783 1792 832 1849 per
859 1774 1061 1834 similitudmem

107 1862 214 1936 patroni
230 1869 305 1916 tutor
320 1857 454 1932 efficitur,
470 1862 517 1933 qui
532 1858 686 1916 fiduciarius
702 1867 778 1915 tutor
793 1855 970 1932 appellatur!⁴

170 1939 203 2001 6.-
224 1938 365 2017 ⁹Legitlml
386 1951 492 2000 tutores
512 1943 556 2000 alii
573 1943 684 1999 tutelam
699 1945 726 1999 in
742 1945 800 1999 iure
820 1942 915 1999 cedere
934 1951 1061 2016 possunt.

107 2023 136 2085 7.
161 2021 231 2099 ¹⁰ls'·,
255 2030 297 2085 cui
319 2027 402 2084 tutela
418 2029 443 2083 in
459 2029 517 2083 lure
532 2043 608 2083 cessa
628 2034 685 2097 cst,
707 2027 838 2083 cessioius
854 2033 929 2083 tutor
944 2027 1061 2100 appella·

108 2119 167 2178 tnr;
189 2112 235 2186 qul
250 2113 308 2167 siue
323 2121 446 2168 mortuus
468 2110 562 2182 luerit,
585 2111 643 2167 siue
663 2111 751 2183 capite
771 2112 901 2182 minutus,
917 2102 922 2188 l
938 2111 996 2167 siue
1016 2110 1059 2167 alli
1072 2114 1168 2183 tetbd

108 2195 219 2251 tutelam
240 2211 327 2268 porro
349 2196 477 2265 cesserit,
503 2194 572 2250 redit
594 2193 626 2249 ad
648 2191 800 2268 legitimum
823 2202 941 2250 tutorem
964 2193 1059 2253 tutela.

106 2278 155 2335 sed
170 2284 197 2333 et
213 2280 235 2334 sl
251 2278 388 2352 legitimus
405 2278 551 2335 decesserit
566 2287 611 2333 aut
626 2281 713 2350 capite
728 2280 849 2334 minutus
865 2277 961 2349 luerit,
978 2280 1060 2336 cessi·

105 2364 146 2416 clu
160 2377 270 2434 quoque
287 2362 369 2417 tutela
385 2363 560 2435 ertlnguitur.
589 2359 619 2417 8.
643 2355 808 2429 ”Quantum
823 2362 855 2418 ad
871 2371 986 2436 agnatos
999 2378 1061 2437 per·

180 2551 199 2620 ¹)
211 2555 249 2619 Cf.
261 2554 318 2604 Gai.
327 2567 401 2616 tmen.
440 2550 461 2621 ')
474 2554 511 2619 Cf.
523 2554 578 2604 Gni.
591 2568 610 2612 1,
619 2565 664 2605 155.
704 2551 725 2619 ³)
738 2552 868 2604 Omittitur
877 2558 904 2601 in
920 2553 978 2604 Vut.
991 2550 1058 2618 ‘qui’

106 2628 289 2689 suppleverunt
297 2625 354 2675 edd.
373 2624 427 2674 Sed
434 2625 496 2674 mitt
507 2639 661 2688 persuasum
670 2632 715 2682 est,
727 2639 803 2674 uoces
811 2625 851 2686 qui
863 2636 899 2678 ex,
910 2638 975 2686 quae
984 2638 1060 2674 oerru

106 2695 200 2745 obiinc
210 2698 286 2745 tertio
294 2703 353 2759 poet
362 2698 491 2759 leguntur,
500 2695 561 2744 ltine
573 2710 602 2744 eo
612 2697 755 2743 translatae
764 2701 788 2742 et
797 2708 832 2742 erc
841 2692 912 2756 quich
921 2701 1060 2757 corruptae

107 2780 162 2815 erre
171 2766 207 2814 od
214 2766 407 2815 similitudinem
416 2768 519 2815 illorum
530 2765 618 2826 exlege
629 2765 719 2827 uliqua3
732 2779 812 2828 meque
822 2765 888 2812 euim
897 2765 979 2813 solum
990 2760 1058 2828 ‘qui'

108 2841 196 2886 norim
210 2838 266 2886 loeo
281 2836 387 2899 suffieit,
402 2851 481 2900 neque
495 2850 523 2884 en
538 2836 588 2897 lege
603 2835 721 2883 introduci
736 2848 765 2883 eo
779 2848 863 2892 remu,
877 2835 922 2898 qui
935 2833 978 2883 dic
992 2834 1059 2885 deai-

107 2905 229 2966 derutur,
245 2913 314 2956 reete
328 2906 433 2955 dicitur.
500 2903 521 2969 ⁴)
535 2906 574 2969 quui
590 2920 616 2953 ex
632 2905 683 2966 lege
698 2904 823 2954 duodecim
838 2904 969 2953 tabularum
984 2905 1060 2954 intro·

107 2975 225 3024 ducuntur
245 2976 304 3025 Vat.
325 2977 383 3025 edd.
403 2983 428 3025 et
445 2973 612 3045 κακοφωνίᾳ
632 2977 677 3024 illo
698 2975 854 3024 dicuntur-
870 2974 1060 3037 introducuntur,

105 3051 131 3094 et
142 3053 279 3108 praesente
293 3047 366 3096 modo
382 3049 461 3109 plone
480 3049 564 3109 inepto
584 3048 671 3094 citium
686 3047 824 3109 prodente,
846 3044 914 3109 guod
927 3044 1060 3096 uocabulis

107 3117 147 3178 qui
162 3130 190 3164 er
203 3115 253 3165 duc
266 3118 332 3165 male
346 3119 483 3166 translatio
496 3119 621 3181 originem
636 3116 715 3166 debet.
771 3113 792 3180 ⁸)
810 3115 848 3180 Cf.
865 3115 923 3168 Gai.
938 3129 958 3175 1,
973 3126 1020 3168 tto.
1035 3124 1060 3166 et

106 3186 180 3249 infra
190 3195 224 3246 ta,
235 3199 255 3236 1.
303 3182 324 3251 ο)
340 3187 413 3235 ueluti
428 3188 505 3249 patrui
520 3188 614 3236 iratres.
630 3187 673 3235 lllii
687 3189 772 3236 iratres
782 3187 896 3250 patruelis
912 3187 969 3236 Vut.
985 3187 1059 3236 ueluti

105 3257 197 3318 patrui,
212 3256 311 3317 iratres,
326 3257 369 3305 filil
383 3257 475 3316 lustris,
491 3258 611 3320 patrueles
629 3258 669 3307 ed.
684 3257 732 3322 Bp.
751 3257 886 3321 Wpianum
900 3272 948 3307 nee
961 3265 1060 3320 patruos

105 3333 166 3375 ante
180 3327 275 3383 iratres,
290 3341 337 3375 nec
352 3328 436 3375 iratres
450 3329 610 3390 simpliciter,
625 3342 671 3376 nec
686 3328 728 3376 lllii
742 3328 822 3377 fratris
833 3327 896 3391 (pro
906 3328 986 3377 fratris
997 3326 1059 3394 lilii),

106 3411 153 3446 uec
167 3396 286 3459 patrueles
305 3403 402 3446 tantum
416 3395 516 3461 (quales
534 3401 609 3447 etium
622 3412 726 3447 eororer
743 3397 814 3464 eunt)
832 3399 920 3448 dicere
936 3400 1059 3461 potuiree,

101 3469 192 3530 pulum
206 3474 252 3516 ert.
281 3465 334 3515 Sed
347 3474 372 3516 et
387 3469 474 3516 uitium
488 3483 523 3517 ex
536 3468 704 3517 similitudine
723 3482 777 3518 voe.
791 3474 859 3530 patre
874 3469 960 3518 iratres
975 3477 999 3518 et
1017 3484 1059 3532 pu·

105 3538 153 3586 trui
173 3538 252 3587 iratris
269 3538 352 3600 focile
373 3539 441 3587 oriri
459 3539 574 3600 potuisse
596 3544 714 3600 apparet.
752 3537 791 3601 Cf.
813 3553 957 3602 comparem
977 3541 1060 3588 locum

105 3609 129 3669 ᾖ.
145 3621 165 3658 t.
184 3607 254 3657 Lde
268 3609 337 3672 legit.
356 3624 416 3671 epu.
435 3623 505 3657 succ.
525 3606 560 3672 (e.
575 3605 607 3671 t).
673 3604 862 3671 ¹)Perier·unt,
881 3624 946 3672 puae
968 3607 1024 3660 Gai.
1039 3621 1059 3669 1,

105 3689 153 3729 aot.
168 3677 214 3729 iet.
234 3679 391 3736 tradiderat,
406 3685 430 3727 et
444 3680 517 3727 tecue
530 3678 562 3727 de
577 3679 689 3741 legitima
700 3681 820 3741 parentis
834 3680 921 3727 tutela.
983 3675 1004 3742 ⁸)
1020 3677 1060 3739 Os.

107 3746 165 3796 (lai.
180 3761 205 3805 ι,
220 3760 267 3800 too.
294 3747 348 3799 Sed
367 3757 391 3798 et
408 3749 441 3798 de
459 3748 509 3798 iac
528 3750 606 3797 tutela
625 3747 759 3811 Ulpianum
773 3751 854 3812 plura
868 3748 968 3795 dixisse
986 3753 1060 3808 puto.

107 3817 145 3880 Of.
164 3816 221 3867 Gai.
236 3831 256 3875 1,
272 3830 319 3870 trs.
384 3816 633 3884 punctatum.
699 3814 732 3881 10)
748 3817 786 3880 Os.
804 3817 860 3867 (lai.
876 3828 897 3873 ι,
912 3827 959 3866 uuo.
975 3827 1022 3866 uro.

108 3883 141 3952 ¹¹)
157 3887 195 3951 Cf.
213 3887 269 3937 Gai.
285 3902 305 3949 1,
320 3901 367 3939 tlt.
