<?xml version="1.0" encoding="UTF-8"?>
<!DOCTYPE html PUBLIC "-//W3C//DTD XHTML 1.0 Transitional//EN"
    "http://www.w3.org/TR/xhtml1/DTD/xhtml1-transitional.dtd">
<html xmlns="http://www.w3.org/1999/xhtml" xml:lang="en" lang="en">
 <head>
  <title>
</title>
<meta http-equiv="Content-Type" content="text/html;charset=utf-8" />
  <meta name='ocr-system' content='tesseract 3.04.00' />
  <meta name='ocr-capabilities' content='ocr_page ocr_carea ocr_par ocr_line ocrx_word'/>
</head>
<body>
  <div class='ocr_page' id='page_1' title='image "./iurisprvdentiae00huscgoog_0692.png"; bbox 0 0 2378 4386; ppageno 0'>
   <div class='ocr_carea' id='block_1_1' title="bbox 343 505 1075 570">
    <p class='ocr_par' dir='ltr' id='par_1_1' title="bbox 343 505 1075 570">
     <span class='ocr_line' id='line_1_1' title="bbox 343 505 1075 570; baseline 0.01 -7"><span class='ocrx_word' id='word_1_1' title='bbox 343 526 402 563; x_wconf 79' lang='lat' dir='ltr'>uos.</span> <span class='ocrx_word' id='word_1_2' title='bbox 421 527 454 562; x_wconf 77' lang='lat' dir='ltr'>aar</span> <span class='ocrx_word' id='word_1_3' title='bbox 472 527 533 563; x_wconf 83' lang='lat' dir='ltr'>nou.</span> <span class='ocrx_word' id='word_1_4' title='bbox 552 527 641 562; x_wconf 77' lang='lat' dir='ltr'>onorat</span> <span class='ocrx_word' id='word_1_5' title='bbox 658 525 765 562; x_wconf 73' lang='lat' dir='ltr'>cosma.</span> <span class='ocrx_word' id='word_1_6' title='bbox 784 506 818 561; x_wconf 90' lang='lat'>11.</span> <span class='ocrx_word' id='word_1_7' title='bbox 838 514 862 561; x_wconf 79' lang='lat' dir='ltr'>d.</span> <span class='ocrx_word' id='word_1_8' title='bbox 1011 505 1075 570; x_wconf 72' lang='grc'>653</span> 
     </span>
    </p>
   </div>
   <div class='ocr_carea' id='block_1_2' title="bbox 124 647 1080 2149">
    <p class='ocr_par' dir='ltr' id='par_1_2' title="bbox 124 647 1077 1316">
     <span class='ocr_line' id='line_1_2' title="bbox 124 647 1074 729; baseline -0.006 -14"><span class='ocrx_word' id='word_1_9' title='bbox 124 668 257 715; x_wconf 88' lang='lat' dir='ltr'>tumorem</span> <span class='ocrx_word' id='word_1_10' title='bbox 268 656 377 729; x_wconf 80' lang='lat' dir='ltr'>iecerlt3</span> <span class='ocrx_word' id='word_1_11' title='bbox 393 655 489 713; x_wconf 87' lang='lat' dir='ltr'>sedita</span> <span class='ocrx_word' id='word_1_12' title='bbox 501 655 616 726; x_wconf 89' lang='lat' dir='ltr'>demum,</span> <span class='ocrx_word' id='word_1_13' title='bbox 635 656 658 711; x_wconf 90' lang='lat' dir='ltr'>si</span> <span class='ocrx_word' id='word_1_14' title='bbox 675 653 800 710; x_wconf 90' lang='lat' dir='ltr'>damnum</span> <span class='ocrx_word' id='word_1_15' title='bbox 815 647 967 727; x_wconf 69' lang='lat' dir='ltr'>&#39;liuius-ia)¹</span> <span class='ocrx_word' id='word_1_16' title='bbox 983 653 1074 710; x_wconf 86' lang='lat' dir='ltr'>datum</span> 
     </span>
     <span class='ocr_line' id='line_1_3' title="bbox 124 737 1075 813; baseline -0.005 -15"><span class='ocrx_word' id='word_1_17' title='bbox 124 752 175 798; x_wconf 88' lang='lat' dir='ltr'>est.</span> <span class='ocrx_word' id='word_1_18' title='bbox 204 741 327 798; x_wconf 85' lang='lat' dir='ltr'>Ceterum</span> <span class='ocrx_word' id='word_1_19' title='bbox 343 742 366 796; x_wconf 91' lang='lat' dir='ltr'>sl</span> <span class='ocrx_word' id='word_1_20' title='bbox 382 741 409 796; x_wconf 89' lang='lat' dir='ltr'>in</span> <span class='ocrx_word' id='word_1_21' title='bbox 423 739 499 796; x_wconf 89' lang='lat' dir='ltr'>nullo</span> <span class='ocrx_word' id='word_1_22' title='bbox 515 755 624 796; x_wconf 89' lang='lat' dir='ltr'>seruum</span> <span class='ocrx_word' id='word_1_23' title='bbox 640 739 729 813; x_wconf 88' lang='lat' dir='ltr'>pretio</span> <span class='ocrx_word' id='word_1_24' title='bbox 745 737 867 794; x_wconf 90' lang='lat' dir='ltr'>uiliorem</span> <span class='ocrx_word' id='word_1_25' title='bbox 879 737 1075 794; x_wconf 89' lang='lat' dir='ltr'>deterioremue</span> 
     </span>
     <span class='ocr_line' id='line_1_4' title="bbox 125 815 1075 897; baseline -0.006 -15"><span class='ocrx_word' id='word_1_26' title='bbox 125 826 228 893; x_wconf 86' lang='lat' dir='ltr'>lecerit,</span> <span class='ocrx_word' id='word_1_27' title='bbox 249 823 329 880; x_wconf 87' lang='lat' dir='ltr'>’actio</span> <span class='ocrx_word' id='word_1_28' title='bbox 344 824 413 897; x_wconf 86' lang='lat' dir='ltr'>legis</span> <span class='ocrx_word' id='word_1_29' title='bbox 429 815 565 896; x_wconf 78' lang='lat' dir='ltr'>Aquiliae²</span> <span class='ocrx_word' id='word_1_30' title='bbox 584 830 681 892; x_wconf 85' lang='lat' dir='ltr'>cessat,</span> <span class='ocrx_word' id='word_1_31' title='bbox 701 823 913 896; x_wconf 87' lang='lat' dir='ltr'>iniuriammque</span> <span class='ocrx_word' id='word_1_32' title='bbox 928 823 979 877; x_wconf 89' lang='lat' dir='ltr'>erit</span> <span class='ocrx_word' id='word_1_33' title='bbox 993 836 1075 895; x_wconf 90' lang='lat' dir='ltr'>agen·</span> 
     </span>
     <span class='ocr_line' id='line_1_5' title="bbox 125 906 1076 980; baseline -0.005 -16"><span class='ocrx_word' id='word_1_34' title='bbox 125 909 189 964; x_wconf 90' lang='lat' dir='ltr'>dum</span> <span class='ocrx_word' id='word_1_35' title='bbox 209 908 389 979; x_wconf 69' lang='lat' dir='ltr'>’taunraaau</span> <span class='ocrx_word' id='word_1_36' title='bbox 407 908 522 980; x_wconf 82' lang='lat' dir='ltr'>Aquilia</span> <span class='ocrx_word' id='word_1_37' title='bbox 538 910 610 964; x_wconf 85' lang='lat' dir='ltr'>euim</span> <span class='ocrx_word' id='word_1_38' title='bbox 626 921 678 963; x_wconf 81' lang='lat' dir='ltr'>cas</span> <span class='ocrx_word' id='word_1_39' title='bbox 692 906 855 976; x_wconf 63' lang='lat' dir='ltr'>relationes,</span> <span class='ocrx_word' id='word_1_40' title='bbox 877 921 953 978; x_wconf 84' lang='lat' dir='ltr'>quae</span> <span class='ocrx_word' id='word_1_41' title='bbox 972 906 1076 962; x_wconf 84' lang='lat' dir='ltr'>damna</span> 
     </span>
     <span class='ocr_line' id='line_1_6' title="bbox 125 983 1076 1065; baseline -0.005 -16"><span class='ocrx_word' id='word_1_42' title='bbox 125 994 211 1061; x_wconf 80' lang='lat' dir='ltr'>aaut,</span> <span class='ocrx_word' id='word_1_43' title='bbox 231 983 450 1065; x_wconf 81' lang='lat' dir='ltr'>persequitur).³</span> <span class='ocrx_word' id='word_1_44' title='bbox 485 989 557 1064; x_wconf 87' lang='lat' dir='ltr'>Ergo</span> <span class='ocrx_word' id='word_1_45' title='bbox 574 998 601 1046; x_wconf 89' lang='lat' dir='ltr'>et</span> <span class='ocrx_word' id='word_1_46' title='bbox 615 992 639 1046; x_wconf 88' lang='lat' dir='ltr'>sl</span> <span class='ocrx_word' id='word_1_47' title='bbox 653 991 740 1064; x_wconf 91' lang='lat' dir='ltr'>pretio</span> <span class='ocrx_word' id='word_1_48' title='bbox 755 989 863 1061; x_wconf 89' lang='lat' dir='ltr'>quidem</span> <span class='ocrx_word' id='word_1_49' title='bbox 884 1005 937 1045; x_wconf 90' lang='lat' dir='ltr'>non</span> <span class='ocrx_word' id='word_1_50' title='bbox 953 990 988 1044; x_wconf 92' lang='lat' dir='ltr'>sit</span> <span class='ocrx_word' id='word_1_51' title='bbox 1002 988 1076 1044; x_wconf 89' lang='lat' dir='ltr'>dete·</span> 
     </span>
     <span class='ocr_line' id='line_1_7' title="bbox 127 1071 1077 1147; baseline -0.003 -16"><span class='ocrx_word' id='word_1_52' title='bbox 127 1078 183 1133; x_wconf 90' lang='lat' dir='ltr'>rior</span> <span class='ocrx_word' id='word_1_53' title='bbox 198 1076 286 1132; x_wconf 90' lang='lat' dir='ltr'>iactus</span> <span class='ocrx_word' id='word_1_54' title='bbox 302 1091 415 1145; x_wconf 79' lang='lat' dir='ltr'>seruus,</span> <span class='ocrx_word' id='word_1_55' title='bbox 438 1089 531 1131; x_wconf 81' lang='lat' dir='ltr'>nerum</span> <span class='ocrx_word' id='word_1_56' title='bbox 547 1083 671 1147; x_wconf 85' lang='lat' dir='ltr'>sumptus</span> <span class='ocrx_word' id='word_1_57' title='bbox 685 1075 712 1129; x_wconf 90' lang='lat' dir='ltr'>in</span> <span class='ocrx_word' id='word_1_58' title='bbox 729 1071 843 1129; x_wconf 92' lang='lat' dir='ltr'>salutem</span> <span class='ocrx_word' id='word_1_59' title='bbox 863 1075 921 1128; x_wconf 90' lang='lat' dir='ltr'>eius</span> <span class='ocrx_word' id='word_1_60' title='bbox 936 1080 964 1128; x_wconf 93' lang='lat' dir='ltr'>et</span> <span class='ocrx_word' id='word_1_61' title='bbox 979 1074 1077 1128; x_wconf 85' lang='lat' dir='ltr'>sanita·</span> 
     </span>
     <span class='ocr_line' id='line_1_8' title="bbox 127 1150 1076 1230; baseline -0.003 -14"><span class='ocrx_word' id='word_1_62' title='bbox 127 1169 182 1216; x_wconf 91' lang='lat' dir='ltr'>tem</span> <span class='ocrx_word' id='word_1_63' title='bbox 203 1159 266 1215; x_wconf 88' lang='lat' dir='ltr'>iacti</span> <span class='ocrx_word' id='word_1_64' title='bbox 289 1153 376 1230; x_wconf 84' lang='lat' dir='ltr'>&#39;sint‚⁴</span> <span class='ocrx_word' id='word_1_65' title='bbox 403 1160 429 1214; x_wconf 88' lang='lat' dir='ltr'>in</span> <span class='ocrx_word' id='word_1_66' title='bbox 452 1152 541 1214; x_wconf 78' lang='lat' dir='ltr'>’irateo5</span> <span class='ocrx_word' id='word_1_67' title='bbox 564 1158 627 1214; x_wconf 92' lang='lat' dir='ltr'>mihi</span> <span class='ocrx_word' id='word_1_68' title='bbox 648 1156 757 1213; x_wconf 87' lang='lat' dir='ltr'>uidetur</span> <span class='ocrx_word' id='word_1_69' title='bbox 777 1150 931 1211; x_wconf 70' lang='lat' dir='ltr'>’damnum⁶</span> <span class='ocrx_word' id='word_1_70' title='bbox 962 1154 1076 1228; x_wconf 84' lang='lat' dir='ltr'>(datum,</span> 
     </span>
     <span class='ocr_line' id='line_1_9' title="bbox 125 1235 704 1316; baseline -0.007 -17"><span class='ocrx_word' id='word_1_71' title='bbox 125 1251 212 1316; x_wconf 78' lang='lat' dir='ltr'>atque</span> <span class='ocrx_word' id='word_1_72' title='bbox 226 1243 289 1299; x_wconf 82' lang='lat' dir='ltr'>idea</span> <span class='ocrx_word' id='word_1_73' title='bbox 305 1235 394 1316; x_wconf 77' lang='lat' dir='ltr'>lepe)⁷</span> <span class='ocrx_word' id='word_1_74' title='bbox 410 1242 515 1314; x_wconf 78' lang='lat' dir='ltr'>Aquilia</span> <span class='ocrx_word' id='word_1_75' title='bbox 529 1235 600 1314; x_wconf 70' lang='lat' dir='ltr'>&#39;agii</span> <span class='ocrx_word' id='word_1_76' title='bbox 615 1256 704 1315; x_wconf 87' lang='lat' dir='ltr'>posse.</span> 
     </span>
    </p>

    <p class='ocr_par' dir='ltr' id='par_1_3' title="bbox 124 1318 1080 2149">
     <span class='ocr_line' id='line_1_10' title="bbox 189 1318 1078 1399; baseline 0 -19"><span class='ocrx_word' id='word_1_77' title='bbox 189 1325 254 1399; x_wconf 82' lang='lat' dir='ltr'>llap.</span> <span class='ocrx_word' id='word_1_78' title='bbox 277 1326 307 1385; x_wconf 84' lang='lat' dir='ltr'>V.</span> <span class='ocrx_word' id='word_1_79' title='bbox 352 1325 476 1381; x_wconf 89' lang='lat' dir='ltr'>Paulus</span> <span class='ocrx_word' id='word_1_80' title='bbox 500 1324 588 1381; x_wconf 89' lang='lat' dir='ltr'>libro</span> <span class='ocrx_word' id='word_1_81' title='bbox 617 1324 805 1398; x_wconf 87' lang='lat' dir='ltr'>’singulari</span> <span class='ocrx_word' id='word_1_82' title='bbox 827 1318 880 1380; x_wconf 73' lang='lat' dir='ltr'>ct⁰</span> <span class='ocrx_word' id='word_1_83' title='bbox 907 1322 1017 1381; x_wconf 89' lang='lat' dir='ltr'>titulo</span> <span class='ocrx_word' id='word_1_84' title='bbox 1040 1323 1078 1380; x_wconf 90' lang='lat' dir='ltr'>de</span> 
     </span>
     <span class='ocr_line' id='line_1_11' title="bbox 125 1402 1078 1480; baseline -0.004 -13"><span class='ocrx_word' id='word_1_85' title='bbox 125 1411 280 1467; x_wconf 87' lang='lat' dir='ltr'>iniuriis.</span> <span class='ocrx_word' id='word_1_86' title='bbox 323 1407 348 1466; x_wconf 92' lang='lat' dir='ltr'>l.</span> <span class='ocrx_word' id='word_1_87' title='bbox 372 1402 570 1463; x_wconf 88' lang='lat' dir='ltr'>¹⁰Generaliter</span> <span class='ocrx_word' id='word_1_88' title='bbox 585 1407 683 1464; x_wconf 85' lang='lat' dir='ltr'>dicitur</span> <span class='ocrx_word' id='word_1_89' title='bbox 697 1409 793 1465; x_wconf 89' lang='lat' dir='ltr'>iniuria</span> <span class='ocrx_word' id='word_1_90' title='bbox 816 1424 910 1480; x_wconf 84' lang='lat' dir='ltr'>omne,</span> <span class='ocrx_word' id='word_1_91' title='bbox 933 1407 1006 1480; x_wconf 90' lang='lat' dir='ltr'>quod</span> <span class='ocrx_word' id='word_1_92' title='bbox 1023 1424 1078 1463; x_wconf 90' lang='lat' dir='ltr'>non</span> 
     </span>
     <span class='ocr_line' id='line_1_12' title="bbox 126 1485 1078 1568; baseline -0.004 -18"><span class='ocrx_word' id='word_1_93' title='bbox 126 1494 185 1550; x_wconf 89' lang='lat' dir='ltr'>iure</span> <span class='ocrx_word' id='word_1_94' title='bbox 201 1491 245 1563; x_wconf 77' lang='lat' dir='ltr'>iit3</span> <span class='ocrx_word' id='word_1_95' title='bbox 255 1514 258 1519; x_wconf 92' lang='lat'>·</span> <span class='ocrx_word' id='word_1_96' title='bbox 269 1489 420 1564; x_wconf 74' lang='lat' dir='ltr'>specialiter</span> <span class='ocrx_word' id='word_1_97' title='bbox 434 1489 498 1546; x_wconf 89' lang='lat' dir='ltr'>alias</span> <span class='ocrx_word' id='word_1_98' title='bbox 511 1491 683 1562; x_wconf 83' lang='lat' dir='ltr'>contumelia,</span> <span class='ocrx_word' id='word_1_99' title='bbox 705 1507 784 1564; x_wconf 86' lang='lat' dir='ltr'>quam</span> <span class='ocrx_word' id='word_1_100' title='bbox 800 1491 893 1549; x_wconf 84' lang='lat' dir='ltr'>Graeci</span> <span class='ocrx_word' id='word_1_101' title='bbox 907 1485 1011 1568; x_wconf 75' lang='grc' dir='ltr'>(ὕβριν</span> <span class='ocrx_word' id='word_1_102' title='bbox 1025 1509 1078 1562; x_wconf 84' lang='lat' dir='ltr'>ap·</span> 
     </span>
     <span class='ocr_line' id='line_1_13' title="bbox 124 1566 1079 1649; baseline -0.001 -17"><span class='ocrx_word' id='word_1_103' title='bbox 124 1578 246 1648; x_wconf 85' lang='lat' dir='ltr'>pellant,</span> <span class='ocrx_word' id='word_1_104' title='bbox 264 1578 339 1630; x_wconf 83' lang='lat' dir='ltr'>olias</span> <span class='ocrx_word' id='word_1_105' title='bbox 354 1576 450 1646; x_wconf 81' lang='lat' dir='ltr'>culpa,</span> <span class='ocrx_word' id='word_1_106' title='bbox 466 1592 551 1648; x_wconf 83' lang='lat' dir='ltr'>quam</span> <span class='ocrx_word' id='word_1_107' title='bbox 567 1575 673 1631; x_wconf 82' lang='lat' dir='ltr'>Graeci</span> <span class='ocrx_word' id='word_1_108' title='bbox 685 1566 816 1649; x_wconf 75' lang='grc' dir='ltr'><strong><em>ἀδίκημα</em></strong></span> <span class='ocrx_word' id='word_1_109' title='bbox 831 1577 940 1645; x_wconf 81' lang='lat' dir='ltr'>dicunt,</span> <span class='ocrx_word' id='word_1_110' title='bbox 961 1579 1035 1632; x_wconf 83' lang='lat' dir='ltr'>sicut</span> <span class='ocrx_word' id='word_1_111' title='bbox 1049 1577 1079 1631; x_wconf 86' lang='lat' dir='ltr'>ia</span> 
     </span>
     <span class='ocr_line' id='line_1_14' title="bbox 125 1658 1079 1733; baseline -0.002 -17"><span class='ocrx_word' id='word_1_112' title='bbox 125 1662 189 1732; x_wconf 75' lang='lat' dir='ltr'>lege</span> <span class='ocrx_word' id='word_1_113' title='bbox 202 1659 316 1729; x_wconf 78' lang='lat' dir='ltr'>Aquilia</span> <span class='ocrx_word' id='word_1_114' title='bbox 332 1658 464 1714; x_wconf 81' lang='lat' dir='ltr'>damnum</span> <span class='ocrx_word' id='word_1_115' title='bbox 485 1661 609 1715; x_wconf 81' lang='lat' dir='ltr'>iniuriae</span> <span class='ocrx_word' id='word_1_116' title='bbox 624 1663 784 1733; x_wconf 74' lang='lat' dir='ltr'><strong><em>accipitur,</em></strong></span> <span class='ocrx_word' id='word_1_117' title='bbox 806 1662 881 1718; x_wconf 79' lang='lat' dir='ltr'>olias</span> <span class='ocrx_word' id='word_1_118' title='bbox 901 1664 1037 1733; x_wconf 81' lang='lat' dir='ltr'>iniquitas</span> <span class='ocrx_word' id='word_1_119' title='bbox 1052 1667 1079 1715; x_wconf 83' lang='lat' dir='ltr'>et</span> 
     </span>
     <span class='ocr_line' id='line_1_15' title="bbox 126 1729 1080 1818; baseline 0 -20"><span class='ocrx_word' id='word_1_120' title='bbox 126 1745 281 1812; x_wconf 82' lang='lat' dir='ltr'>iniustitia,</span> <span class='ocrx_word' id='word_1_121' title='bbox 304 1759 389 1814; x_wconf 85' lang='lat' dir='ltr'>quam</span> <span class='ocrx_word' id='word_1_122' title='bbox 406 1737 524 1818; x_wconf 83' lang='lat' dir='ltr'>Graeci)</span> <span class='ocrx_word' id='word_1_123' title='bbox 540 1729 661 1798; x_wconf 74' lang='grc' dir='ltr'><strong><em>ἀδικίαν</em></strong></span> <span class='ocrx_word' id='word_1_124' title='bbox 680 1751 794 1810; x_wconf 88' lang='lat' dir='ltr'>uocant;</span> <span class='ocrx_word' id='word_1_125' title='bbox 819 1760 878 1800; x_wconf 90' lang='lat' dir='ltr'>nam</span> <span class='ocrx_word' id='word_1_126' title='bbox 895 1759 955 1799; x_wconf 88' lang='lat' dir='ltr'>cum</span> <span class='ocrx_word' id='word_1_127' title='bbox 971 1753 1080 1816; x_wconf 89' lang='lat' dir='ltr'>praetor</span> 
     </span>
     <span class='ocr_line' id='line_1_16' title="bbox 126 1826 1079 1899; baseline -0.001 -17"><span class='ocrx_word' id='word_1_128' title='bbox 126 1842 181 1882; x_wconf 89' lang='lat' dir='ltr'>non</span> <span class='ocrx_word' id='word_1_129' title='bbox 203 1828 262 1881; x_wconf 89' lang='lat' dir='ltr'>iure</span> <span class='ocrx_word' id='word_1_130' title='bbox 285 1826 414 1881; x_wconf 88' lang='lat' dir='ltr'>aduersus</span> <span class='ocrx_word' id='word_1_131' title='bbox 437 1843 487 1881; x_wconf 92' lang='lat' dir='ltr'>nos</span> <span class='ocrx_word' id='word_1_132' title='bbox 515 1829 684 1899; x_wconf 78' lang='lat' dir='ltr'><strong>pronuntiat,</strong></span> <span class='ocrx_word' id='word_1_133' title='bbox 716 1829 838 1883; x_wconf 88' lang='lat' dir='ltr'>iniuriam</span> <span class='ocrx_word' id='word_1_134' title='bbox 867 1843 917 1882; x_wconf 90' lang='lat' dir='ltr'>nos</span> <span class='ocrx_word' id='word_1_135' title='bbox 946 1828 1079 1898; x_wconf 88' lang='lat' dir='ltr'>accepisse</span> 
     </span>
     <span class='ocr_line' id='line_1_17' title="bbox 127 1908 1079 1983; baseline -0.002 -18"><span class='ocrx_word' id='word_1_136' title='bbox 127 1910 247 1966; x_wconf 86' lang='lat' dir='ltr'><strong>dicimus.</strong></span> <span class='ocrx_word' id='word_1_137' title='bbox 293 1908 367 1964; x_wconf 89' lang='lat' dir='ltr'>Unde</span> <span class='ocrx_word' id='word_1_138' title='bbox 389 1917 510 1982; x_wconf 85' lang='lat' dir='ltr'>apparet,</span> <span class='ocrx_word' id='word_1_139' title='bbox 532 1926 587 1966; x_wconf 93' lang='lat' dir='ltr'>non</span> <span class='ocrx_word' id='word_1_140' title='bbox 602 1925 661 1966; x_wconf 87' lang='lat' dir='ltr'>esse</span> <span class='ocrx_word' id='word_1_141' title='bbox 677 1927 786 1978; x_wconf 76' lang='lat' dir='ltr'>uerum,</span> <span class='ocrx_word' id='word_1_142' title='bbox 810 1910 882 1983; x_wconf 90' lang='lat' dir='ltr'>quod</span> <span class='ocrx_word' id='word_1_143' title='bbox 899 1909 985 1964; x_wconf 80' lang='lat' dir='ltr'>Labeo</span> <span class='ocrx_word' id='word_1_144' title='bbox 1002 1917 1079 1983; x_wconf 89' lang='lat' dir='ltr'>puta·</span> 
     </span>
     <span class='ocr_line' id='line_1_18' title="bbox 127 1987 1078 2068; baseline 0 -21"><span class='ocrx_word' id='word_1_145' title='bbox 127 1992 187 2063; x_wconf 86' lang='lat' dir='ltr'>bat,</span> <span class='ocrx_word' id='word_1_146' title='bbox 215 1992 286 2066; x_wconf 90' lang='lat' dir='ltr'>apud</span> <span class='ocrx_word' id='word_1_147' title='bbox 314 2001 465 2066; x_wconf 80' lang='lat' dir='ltr'>praetorem</span> <span class='ocrx_word' id='word_1_148' title='bbox 493 1994 615 2048; x_wconf 89' lang='lat' dir='ltr'>iniuriam</span> <span class='ocrx_word' id='word_1_149' title='bbox 642 1987 733 2068; x_wconf 75' lang='grc' dir='ltr'><strong><em>ὕβριν</em></strong></span> <span class='ocrx_word' id='word_1_150' title='bbox 760 1995 888 2048; x_wconf 74' lang='lat' dir='ltr'>duntaxat</span> <span class='ocrx_word' id='word_1_151' title='bbox 917 1990 1078 2066; x_wconf 80' lang='lat' dir='ltr'>siguificare.</span> 
     </span>
     <span class='ocr_line' id='line_1_19' title="bbox 126 2070 1078 2149; baseline -0.002 -17"><span class='ocrx_word' id='word_1_152' title='bbox 126 2072 155 2132; x_wconf 81' lang='lat'>2.</span> <span class='ocrx_word' id='word_1_153' title='bbox 177 2075 333 2133; x_wconf 85' lang='lat' dir='ltr'>’Commune</span> <span class='ocrx_word' id='word_1_154' title='bbox 356 2075 479 2131; x_wconf 86' lang='lat' dir='ltr'>omnibns</span> <span class='ocrx_word' id='word_1_155' title='bbox 500 2070 632 2132; x_wconf 85' lang='lat' dir='ltr'>iniuriis¹¹</span> <span class='ocrx_word' id='word_1_156' title='bbox 656 2086 709 2146; x_wconf 85' lang='lat' dir='ltr'>est,</span> <span class='ocrx_word' id='word_1_157' title='bbox 732 2076 805 2149; x_wconf 88' lang='lat' dir='ltr'>quod</span> <span class='ocrx_word' id='word_1_158' title='bbox 821 2092 927 2149; x_wconf 82' lang='lat' dir='ltr'>semper</span> <span class='ocrx_word' id='word_1_159' title='bbox 949 2077 1078 2132; x_wconf 87' lang='lat' dir='ltr'>aduersus</span> 
     </span>
    </p>
   </div>
   <div class='ocr_carea' id='block_1_3' title="bbox 73 2152 1080 2485">
    <p class='ocr_par' dir='ltr' id='par_1_4' title="bbox 73 2152 1080 2485">
     <span class='ocr_line' id='line_1_20' title="bbox 73 2152 1080 2231; baseline 0.004 -21"><span class='ocrx_word' id='word_1_160' title='bbox 73 2160 117 2209; x_wconf 74' lang='lat'>⁵⁵6]</span> <span class='ocrx_word' id='word_1_161' title='bbox 128 2159 214 2215; x_wconf 86' lang='lat' dir='ltr'>bonos</span> <span class='ocrx_word' id='word_1_162' title='bbox 230 2177 320 2217; x_wconf 93' lang='lat' dir='ltr'>mores</span> <span class='ocrx_word' id='word_1_163' title='bbox 335 2157 365 2214; x_wconf 84' lang='lat' dir='ltr'>fit</span> <span class='ocrx_word' id='word_1_164' title='bbox 387 2159 421 2215; x_wconf 89' lang='lat' dir='ltr'>&#39;id</span> <span class='ocrx_word' id='word_1_165' title='bbox 438 2152 539 2231; x_wconf 85' lang='lat' dir='ltr'>quod¹²</span> <span class='ocrx_word' id='word_1_166' title='bbox 555 2176 608 2215; x_wconf 91' lang='lat' dir='ltr'>non</span> <span class='ocrx_word' id='word_1_167' title='bbox 624 2158 680 2216; x_wconf 85' lang='lat' dir='ltr'>steri</span> <span class='ocrx_word' id='word_1_168' title='bbox 697 2160 809 2217; x_wconf 88' lang='lat' dir='ltr'>alicuius</span> <span class='ocrx_word' id='word_1_169' title='bbox 821 2163 944 2216; x_wconf 87' lang='lat' dir='ltr'>interest.</span> <span class='ocrx_word' id='word_1_170' title='bbox 978 2157 1006 2217; x_wconf 84' lang='grc'>3.</span> <span class='ocrx_word' id='word_1_171' title='bbox 1023 2158 1080 2215; x_wconf 89' lang='lat' dir='ltr'>Hoc</span> 
     </span>
     <span class='ocr_line' id='line_1_21' title="bbox 129 2241 1077 2319; baseline 0.001 -22"><span class='ocrx_word' id='word_1_172' title='bbox 129 2242 243 2299; x_wconf 89' lang='lat' dir='ltr'>edictum</span> <span class='ocrx_word' id='word_1_173' title='bbox 259 2245 291 2299; x_wconf 88' lang='lat' dir='ltr'>ad</span> <span class='ocrx_word' id='word_1_174' title='bbox 307 2259 363 2299; x_wconf 92' lang='lat' dir='ltr'>eam</span> <span class='ocrx_word' id='word_1_175' title='bbox 380 2243 503 2299; x_wconf 91' lang='lat' dir='ltr'>iniuriam</span> <span class='ocrx_word' id='word_1_176' title='bbox 518 2245 650 2315; x_wconf 76' lang='lat' dir='ltr'>pertinet,</span> <span class='ocrx_word' id='word_1_177' title='bbox 667 2260 734 2319; x_wconf 90' lang='lat' dir='ltr'>quae</span> <span class='ocrx_word' id='word_1_178' title='bbox 751 2244 928 2300; x_wconf 80' lang='lat' dir='ltr'>contumeliae</span> <span class='ocrx_word' id='word_1_179' title='bbox 943 2259 1022 2299; x_wconf 91' lang='lat' dir='ltr'>cansa</span> <span class='ocrx_word' id='word_1_180' title='bbox 1037 2241 1077 2299; x_wconf 86' lang='lat' dir='ltr'>lit.</span> 
     </span>
     <span class='ocr_line' id='line_1_22' title="bbox 128 2323 1079 2400; baseline 0.002 -19"><span class='ocrx_word' id='word_1_181' title='bbox 128 2323 158 2382; x_wconf 87' lang='lat'>4.</span> <span class='ocrx_word' id='word_1_182' title='bbox 183 2326 326 2383; x_wconf 81' lang='lat' dir='ltr'>litantem</span> <span class='ocrx_word' id='word_1_183' title='bbox 350 2328 444 2382; x_wconf 87' lang='lat' dir='ltr'>iniuria</span> <span class='ocrx_word' id='word_1_184' title='bbox 467 2325 510 2382; x_wconf 87' lang='lat' dir='ltr'>uel</span> <span class='ocrx_word' id='word_1_185' title='bbox 525 2328 552 2381; x_wconf 90' lang='lat' dir='ltr'>in</span> <span class='ocrx_word' id='word_1_186' title='bbox 567 2326 697 2400; x_wconf 76' lang='lat' dir='ltr'>corpore,</span> <span class='ocrx_word' id='word_1_187' title='bbox 720 2328 783 2383; x_wconf 90' lang='lat' dir='ltr'>dum</span> <span class='ocrx_word' id='word_1_188' title='bbox 805 2328 955 2398; x_wconf 85' lang='lat' dir='ltr'>caedimur,</span> <span class='ocrx_word' id='word_1_189' title='bbox 978 2327 1022 2383; x_wconf 91' lang='lat' dir='ltr'>nel</span> <span class='ocrx_word' id='word_1_190' title='bbox 1044 2327 1079 2383; x_wconf 87' lang='lat' dir='ltr'>’ln</span> 
     </span>
     <span class='ocr_line' id='line_1_23' title="bbox 129 2404 1077 2485; baseline 0.002 -21"><span class='ocrx_word' id='word_1_191' title='bbox 129 2404 277 2478; x_wconf 83' lang='lat' dir='ltr'>auribus‚¹³</span> <span class='ocrx_word' id='word_1_192' title='bbox 300 2410 363 2466; x_wconf 91' lang='lat' dir='ltr'>dnm</span> <span class='ocrx_word' id='word_1_193' title='bbox 378 2411 525 2466; x_wconf 87' lang='lat' dir='ltr'>conuitium</span> <span class='ocrx_word' id='word_1_194' title='bbox 542 2412 667 2482; x_wconf 82' lang='lat' dir='ltr'>patimur,</span> <span class='ocrx_word' id='word_1_195' title='bbox 686 2411 729 2467; x_wconf 92' lang='lat' dir='ltr'>nel</span> <span class='ocrx_word' id='word_1_196' title='bbox 745 2427 805 2467; x_wconf 87' lang='lat' dir='ltr'>curn</span> <span class='ocrx_word' id='word_1_197' title='bbox 821 2411 937 2485; x_wconf 81' lang='lat' dir='ltr'>dignitas</span> <span class='ocrx_word' id='word_1_198' title='bbox 953 2411 1077 2482; x_wconf 82' lang='lat' dir='ltr'>laeditur,</span> 
     </span>
    </p>
   </div>
   <div class='ocr_carea' id='block_1_4' title="bbox 124 2586 1083 3916">
    <p class='ocr_par' dir='ltr' id='par_1_5' title="bbox 124 2586 1083 3916">
     <span class='ocr_line' id='line_1_24' title="bbox 129 2586 1080 2652; baseline 0.002 -18"><span class='ocrx_word' id='word_1_199' title='bbox 129 2586 191 2651; x_wconf 83' lang='lat' dir='ltr'>(pro</span> <span class='ocrx_word' id='word_1_200' title='bbox 206 2586 254 2636; x_wconf 80' lang='lat' dir='ltr'>dae</span> <span class='ocrx_word' id='word_1_201' title='bbox 268 2587 384 2636; x_wconf 87' lang='lat' dir='ltr'>occiderit</span> <span class='ocrx_word' id='word_1_202' title='bbox 403 2587 447 2636; x_wconf 88' lang='lat' dir='ltr'>Ve.</span> <span class='ocrx_word' id='word_1_203' title='bbox 468 2587 528 2652; x_wconf 76' lang='lat' dir='ltr'>Va),</span> <span class='ocrx_word' id='word_1_204' title='bbox 548 2589 574 2635; x_wconf 84' lang='lat' dir='ltr'>in</span> <span class='ocrx_word' id='word_1_205' title='bbox 590 2601 618 2636; x_wconf 86' lang='lat' dir='ltr'>ea</span> <span class='ocrx_word' id='word_1_206' title='bbox 633 2588 657 2635; x_wconf 91' lang='lat' dir='ltr'>ui</span> <span class='ocrx_word' id='word_1_207' title='bbox 672 2602 706 2636; x_wconf 78' lang='lat' dir='ltr'>ex</span> <span class='ocrx_word' id='word_1_208' title='bbox 719 2594 754 2645; x_wconf 87' lang='lat' dir='ltr'>ut,</span> <span class='ocrx_word' id='word_1_209' title='bbox 773 2602 873 2648; x_wconf 85' lang='lat' dir='ltr'>sgcnere</span> <span class='ocrx_word' id='word_1_210' title='bbox 892 2595 916 2636; x_wconf 82' lang='lat' dir='ltr'>et</span> <span class='ocrx_word' id='word_1_211' title='bbox 934 2587 1032 2636; x_wconf 86' lang='lat' dir='ltr'>cederet</span> <span class='ocrx_word' id='word_1_212' title='bbox 1046 2602 1080 2636; x_wconf 78' lang='lat' dir='ltr'>ex</span> 
     </span>
     <span class='ocr_line' id='line_1_25' title="bbox 128 2656 1080 2720; baseline 0 -15"><span class='ocrx_word' id='word_1_213' title='bbox 128 2657 227 2705; x_wconf 89' lang='lat' dir='ltr'>sciderit</span> <span class='ocrx_word' id='word_1_214' title='bbox 241 2656 279 2705; x_wconf 81' lang='lat' dir='ltr'>bis</span> <span class='ocrx_word' id='word_1_215' title='bbox 293 2660 390 2720; x_wconf 83' lang='lat' dir='ltr'>scripta</span> <span class='ocrx_word' id='word_1_216' title='bbox 403 2658 502 2720; x_wconf 76' lang='lat' dir='ltr'>sactum</span> <span class='ocrx_word' id='word_1_217' title='bbox 516 2672 570 2706; x_wconf 83' lang='lat' dir='ltr'>esse</span> <span class='ocrx_word' id='word_1_218' title='bbox 584 2664 701 2720; x_wconf 84' lang='lat' dir='ltr'>apparet.</span> <span class='ocrx_word' id='word_1_219' title='bbox 725 2671 778 2706; x_wconf 87' lang='lat' dir='ltr'>cum</span> <span class='ocrx_word' id='word_1_220' title='bbox 789 2657 874 2706; x_wconf 86' lang='lat' dir='ltr'>alionis</span> <span class='ocrx_word' id='word_1_221' title='bbox 884 2671 970 2718; x_wconf 83' lang='lat' dir='ltr'>genere</span> <span class='ocrx_word' id='word_1_222' title='bbox 981 2656 1080 2706; x_wconf 84' lang='lat' dir='ltr'>sciderit</span> 
     </span>
     <span class='ocr_line' id='line_1_26' title="bbox 129 2725 1081 2793; baseline 0.003 -19"><span class='ocrx_word' id='word_1_223' title='bbox 129 2726 170 2775; x_wconf 85' lang='lat' dir='ltr'>Bi.</span> <span class='ocrx_word' id='word_1_224' title='bbox 189 2741 265 2789; x_wconf 87' lang='lat' dir='ltr'>quoue</span> <span class='ocrx_word' id='word_1_225' title='bbox 280 2728 325 2775; x_wconf 91' lang='lat' dir='ltr'>alio</span> <span class='ocrx_word' id='word_1_226' title='bbox 345 2729 381 2776; x_wconf 90' lang='lat' dir='ltr'>uis</span> <span class='ocrx_word' id='word_1_227' title='bbox 396 2743 482 2789; x_wconf 82' lang='lat' dir='ltr'>genere</span> <span class='ocrx_word' id='word_1_228' title='bbox 501 2728 599 2777; x_wconf 78' lang='lat' dir='ltr'>eciderit</span> <span class='ocrx_word' id='word_1_229' title='bbox 618 2727 722 2777; x_wconf 75' lang='lat' dir='ltr'>Lasiam.</span> <span class='ocrx_word' id='word_1_230' title='bbox 743 2730 774 2791; x_wconf 80' lang='lat' dir='ltr'>ej.</span> <span class='ocrx_word' id='word_1_231' title='bbox 851 2725 870 2793; x_wconf 79' lang='grc'>1)</span> <span class='ocrx_word' id='word_1_232' title='bbox 884 2726 910 2775; x_wconf 99' lang='grc' dir='ltr'><em>Ε</em></span> <span class='ocrx_word' id='word_1_233' title='bbox 928 2726 1001 2791; x_wconf 68' lang='lat' dir='ltr'>asp„</span> <span class='ocrx_word' id='word_1_234' title='bbox 1021 2729 1081 2777; x_wconf 84' lang='lat' dir='ltr'>licet</span> 
     </span>
     <span class='ocr_line' id='line_1_27' title="bbox 129 2796 1079 2863; baseline 0.001 -17"><span class='ocrx_word' id='word_1_235' title='bbox 129 2798 218 2846; x_wconf 82' lang='lat' dir='ltr'>careri</span> <span class='ocrx_word' id='word_1_236' title='bbox 238 2812 269 2845; x_wconf 88' lang='lat' dir='ltr'>ea</span> <span class='ocrx_word' id='word_1_237' title='bbox 289 2813 350 2847; x_wconf 83' lang='lat' dir='ltr'>vace</span> <span class='ocrx_word' id='word_1_238' title='bbox 367 2801 457 2860; x_wconf 83' lang='lat' dir='ltr'>possit.</span> <span class='ocrx_word' id='word_1_239' title='bbox 532 2796 553 2863; x_wconf 64' lang='grc'>2)</span> <span class='ocrx_word' id='word_1_240' title='bbox 573 2798 602 2847; x_wconf 85' lang='lat' dir='ltr'>etl</span> <span class='ocrx_word' id='word_1_241' title='bbox 623 2798 733 2861; x_wconf 83' lang='lat' dir='ltr'>aquiliam</span> <span class='ocrx_word' id='word_1_242' title='bbox 752 2796 782 2847; x_wconf 90' lang='lat' dir='ltr'>B.</span> <span class='ocrx_word' id='word_1_243' title='bbox 809 2799 838 2847; x_wconf 88' lang='lat' dir='ltr'>ad</span> <span class='ocrx_word' id='word_1_244' title='bbox 858 2798 944 2861; x_wconf 84' lang='lat' dir='ltr'>aquilia</span> <span class='ocrx_word' id='word_1_245' title='bbox 968 2797 1009 2845; x_wconf 88' lang='lat' dir='ltr'>Vi.</span> <span class='ocrx_word' id='word_1_246' title='bbox 1034 2798 1079 2847; x_wconf 86' lang='lat' dir='ltr'>Ve.</span> 
     </span>
     <span class='ocr_line' id='line_1_28' title="bbox 129 2865 1079 2932; baseline 0.003 -19"><span class='ocrx_word' id='word_1_247' title='bbox 129 2866 220 2929; x_wconf 77' lang='lat' dir='ltr'>Aquilia</span> <span class='ocrx_word' id='word_1_248' title='bbox 234 2867 292 2915; x_wconf 87' lang='lat' dir='ltr'>edd.</span> <span class='ocrx_word' id='word_1_249' title='bbox 306 2874 330 2916; x_wconf 85' lang='lat' dir='ltr'>et</span> <span class='ocrx_word' id='word_1_250' title='bbox 346 2867 405 2932; x_wconf 80' lang='lat' dir='ltr'>Dig.</span> <span class='ocrx_word' id='word_1_251' title='bbox 429 2868 482 2918; x_wconf 87' lang='lat' dir='ltr'>Sed</span> <span class='ocrx_word' id='word_1_252' title='bbox 495 2869 524 2918; x_wconf 88' lang='lat' dir='ltr'>ad</span> <span class='ocrx_word' id='word_1_253' title='bbox 538 2884 572 2918; x_wconf 81' lang='lat' dir='ltr'>ea</span> <span class='ocrx_word' id='word_1_254' title='bbox 586 2869 631 2917; x_wconf 87' lang='lat' dir='ltr'>nol.</span> <span class='ocrx_word' id='word_1_255' title='bbox 642 2869 751 2932; x_wconf 81' lang='lat' dir='ltr'>prodiit.</span> <span class='ocrx_word' id='word_1_256' title='bbox 802 2865 824 2932; x_wconf 70' lang='grc'>8)</span> <span class='ocrx_word' id='word_1_257' title='bbox 839 2867 864 2917; x_wconf 88' lang='grc' dir='ltr'><em>Ε</em></span> <span class='ocrx_word' id='word_1_258' title='bbox 877 2868 936 2932; x_wconf 76' lang='lat' dir='ltr'>asp.</span> <span class='ocrx_word' id='word_1_259' title='bbox 955 2865 1006 2916; x_wconf 88' lang='lat' dir='ltr'>Om.</span> <span class='ocrx_word' id='word_1_260' title='bbox 1022 2868 1079 2917; x_wconf 86' lang='lat' dir='ltr'>edd.</span> 
     </span>
     <span class='ocr_line' id='line_1_29' title="bbox 131 2934 1079 3003; baseline 0.004 -19"><span class='ocrx_word' id='word_1_261' title='bbox 131 2934 153 3000; x_wconf 84' lang='lat'>⁴)</span> <span class='ocrx_word' id='word_1_262' title='bbox 167 2944 222 2985; x_wconf 85' lang='lat' dir='ltr'>sunt</span> <span class='ocrx_word' id='word_1_263' title='bbox 238 2936 298 2985; x_wconf 85' lang='lat' dir='ltr'>Cdd.</span> <span class='ocrx_word' id='word_1_264' title='bbox 314 2939 372 2986; x_wconf 85' lang='lat' dir='ltr'>edd.</span> <span class='ocrx_word' id='word_1_265' title='bbox 428 2936 448 3001; x_wconf 70' lang='grc'>5)</span> <span class='ocrx_word' id='word_1_266' title='bbox 464 2941 522 2988; x_wconf 87' lang='lat' dir='ltr'>haec</span> <span class='ocrx_word' id='word_1_267' title='bbox 537 2954 579 2988; x_wconf 87' lang='lat' dir='ltr'>nec</span> <span class='ocrx_word' id='word_1_268' title='bbox 595 2938 639 3003; x_wconf 78' lang='lat' dir='ltr'>(ex</span> <span class='ocrx_word' id='word_1_269' title='bbox 653 2941 761 3002; x_wconf 84' lang='lat' dir='ltr'>repetito</span> <span class='ocrx_word' id='word_1_270' title='bbox 775 2940 820 2988; x_wconf 87' lang='lat' dir='ltr'>lrco</span> <span class='ocrx_word' id='word_1_271' title='bbox 834 2937 928 3003; x_wconf 80' lang='lat' dir='ltr'>ortum)</span> <span class='ocrx_word' id='word_1_272' title='bbox 944 2938 1006 2989; x_wconf 80' lang='lat' dir='ltr'>cdd.</span> <span class='ocrx_word' id='word_1_273' title='bbox 1021 2939 1079 2988; x_wconf 76' lang='lat' dir='ltr'>eda,</span> 
     </span>
     <span class='ocr_line' id='line_1_30' title="bbox 130 3005 1079 3074; baseline 0.003 -19"><span class='ocrx_word' id='word_1_274' title='bbox 130 3006 220 3056; x_wconf 81' lang='lat' dir='ltr'>Malim</span> <span class='ocrx_word' id='word_1_275' title='bbox 234 3007 286 3055; x_wconf 89' lang='lat' dir='ltr'>hoc.</span> <span class='ocrx_word' id='word_1_276' title='bbox 352 3005 373 3073; x_wconf 76' lang='lat'>⁰)</span> <span class='ocrx_word' id='word_1_277' title='bbox 388 3008 413 3056; x_wconf 91' lang='grc' dir='ltr'><em>Ε</em></span> <span class='ocrx_word' id='word_1_278' title='bbox 426 3009 485 3073; x_wconf 79' lang='lat' dir='ltr'>[lig.</span> <span class='ocrx_word' id='word_1_279' title='bbox 501 3010 579 3059; x_wconf 87' lang='lat' dir='ltr'>damni</span> <span class='ocrx_word' id='word_1_280' title='bbox 600 3010 661 3058; x_wconf 86' lang='lat' dir='ltr'>Cdd.</span> <span class='ocrx_word' id='word_1_281' title='bbox 681 3010 739 3058; x_wconf 88' lang='lat' dir='ltr'>edd.</span> <span class='ocrx_word' id='word_1_282' title='bbox 805 3006 825 3074; x_wconf 84' lang='lat'>⁷)</span> <span class='ocrx_word' id='word_1_283' title='bbox 839 3008 865 3057; x_wconf 99' lang='grc' dir='ltr'><em>Ε</em></span> <span class='ocrx_word' id='word_1_284' title='bbox 878 3008 937 3073; x_wconf 73' lang='lat' dir='ltr'>asp.</span> <span class='ocrx_word' id='word_1_285' title='bbox 955 3006 1005 3058; x_wconf 87' lang='lat' dir='ltr'>Om.</span> <span class='ocrx_word' id='word_1_286' title='bbox 1021 3008 1079 3058; x_wconf 81' lang='lat' dir='ltr'>edd.</span> 
     </span>
     <span class='ocr_line' id='line_1_31' title="bbox 131 3073 1079 3145; baseline 0.003 -20"><span class='ocrx_word' id='word_1_287' title='bbox 131 3073 151 3142; x_wconf 82' lang='lat'>⁸)</span> <span class='ocrx_word' id='word_1_288' title='bbox 168 3077 218 3138; x_wconf 85' lang='lat' dir='ltr'>lege</span> <span class='ocrx_word' id='word_1_289' title='bbox 234 3077 296 3126; x_wconf 83' lang='lat' dir='ltr'>Odd.</span> <span class='ocrx_word' id='word_1_290' title='bbox 316 3078 366 3138; x_wconf 91' lang='lat' dir='ltr'>lege</span> <span class='ocrx_word' id='word_1_291' title='bbox 381 3081 419 3139; x_wconf 86' lang='lat' dir='ltr'>ogi</span> <span class='ocrx_word' id='word_1_292' title='bbox 433 3080 490 3128; x_wconf 84' lang='lat' dir='ltr'>edd.</span> <span class='ocrx_word' id='word_1_293' title='bbox 555 3077 577 3144; x_wconf 71' lang='grc'>9)</span> <span class='ocrx_word' id='word_1_294' title='bbox 592 3081 634 3128; x_wconf 76' lang='lat' dir='ltr'>Aa</span> <span class='ocrx_word' id='word_1_295' title='bbox 649 3081 782 3145; x_wconf 75' lang='lat' dir='ltr'>legendum</span> <span class='ocrx_word' id='word_1_296' title='bbox 796 3097 813 3131; x_wconf 83' lang='lat' dir='ltr'>v</span> <span class='ocrx_word' id='word_1_297' title='bbox 827 3080 920 3142; x_wconf 87' lang='lat' dir='ltr'>regular</span> <span class='ocrx_word' id='word_1_298' title='bbox 933 3079 995 3128; x_wconf 83' lang='lat' dir='ltr'>sub?</span> <span class='ocrx_word' id='word_1_299' title='bbox 1016 3077 1079 3143; x_wconf 78' lang='lat' dir='ltr'>(seq.</span> 
     </span>
     <span class='ocr_line' id='line_1_32' title="bbox 129 3148 1081 3215; baseline 0.003 -19"><span class='ocrx_word' id='word_1_300' title='bbox 129 3163 185 3209; x_wconf 82' lang='lat' dir='ltr'>cap.</span> <span class='ocrx_word' id='word_1_301' title='bbox 198 3163 248 3209; x_wconf 89' lang='lat' dir='ltr'>pra</span> <span class='ocrx_word' id='word_1_302' title='bbox 263 3148 377 3209; x_wconf 88' lang='lat' dir='ltr'>singulari</span> <span class='ocrx_word' id='word_1_303' title='bbox 397 3149 424 3196; x_wconf 89' lang='lat' dir='ltr'><em>V</em></span> <span class='ocrx_word' id='word_1_304' title='bbox 422 3151 438 3197; x_wconf 84' lang='lat' dir='ltr'>i.</span> <span class='ocrx_word' id='word_1_305' title='bbox 453 3149 527 3199; x_wconf 81' lang='lat' dir='ltr'>labet</span> <span class='ocrx_word' id='word_1_306' title='bbox 541 3150 705 3215; x_wconf 82' lang='lat' dir='ltr'>singulorum).</span> <span class='ocrx_word' id='word_1_307' title='bbox 735 3150 828 3212; x_wconf 86' lang='lat' dir='ltr'>Mouet,</span> <span class='ocrx_word' id='word_1_308' title='bbox 842 3151 911 3214; x_wconf 80' lang='lat' dir='ltr'>quod</span> <span class='ocrx_word' id='word_1_309' title='bbox 925 3165 981 3200; x_wconf 88' lang='lat' dir='ltr'>cum</span> <span class='ocrx_word' id='word_1_310' title='bbox 995 3164 1081 3199; x_wconf 87' lang='lat' dir='ltr'>omnes</span> 
     </span>
     <span class='ocr_line' id='line_1_33' title="bbox 129 3217 1081 3286; baseline 0.006 -22"><span class='ocrx_word' id='word_1_311' title='bbox 129 3217 199 3275; x_wconf 77' lang='lat' dir='ltr'>libri,</span> <span class='ocrx_word' id='word_1_312' title='bbox 214 3233 277 3281; x_wconf 80' lang='lat' dir='ltr'>quos</span> <span class='ocrx_word' id='word_1_313' title='bbox 287 3218 346 3266; x_wconf 77' lang='lat' dir='ltr'>Lex</span> <span class='ocrx_word' id='word_1_314' title='bbox 356 3219 405 3266; x_wconf 85' lang='lat' dir='ltr'>Dei</span> <span class='ocrx_word' id='word_1_315' title='bbox 419 3221 489 3280; x_wconf 83' lang='lat' dir='ltr'>citat,</span> <span class='ocrx_word' id='word_1_316' title='bbox 505 3222 609 3269; x_wconf 82' lang='lat' dir='ltr'>aliunde</span> <span class='ocrx_word' id='word_1_317' title='bbox 624 3223 678 3270; x_wconf 80' lang='lat' dir='ltr'>noti</span> <span class='ocrx_word' id='word_1_318' title='bbox 687 3223 747 3279; x_wconf 81' lang='lat' dir='ltr'>sini,</span> <span class='ocrx_word' id='word_1_319' title='bbox 759 3221 847 3270; x_wconf 81' lang='lat' dir='ltr'>Paulli</span> <span class='ocrx_word' id='word_1_320' title='bbox 857 3221 922 3270; x_wconf 84' lang='lat' dir='ltr'>liber</span> <span class='ocrx_word' id='word_1_321' title='bbox 936 3222 1081 3286; x_wconf 76' lang='lat' dir='ltr'>singularis</span> 
     </span>
     <span class='ocr_line' id='line_1_34' title="bbox 129 3288 1080 3355; baseline 0.007 -21"><span class='ocrx_word' id='word_1_322' title='bbox 129 3288 161 3335; x_wconf 84' lang='lat' dir='ltr'>de</span> <span class='ocrx_word' id='word_1_323' title='bbox 175 3289 281 3336; x_wconf 81' lang='lat' dir='ltr'>iniuriis</span> <span class='ocrx_word' id='word_1_324' title='bbox 296 3290 442 3352; x_wconf 79' lang='lat' dir='ltr'>ignoratur,</span> <span class='ocrx_word' id='word_1_325' title='bbox 456 3297 480 3337; x_wconf 89' lang='lat' dir='ltr'>et</span> <span class='ocrx_word' id='word_1_326' title='bbox 494 3296 576 3337; x_wconf 86' lang='lat' dir='ltr'>tamen</span> <span class='ocrx_word' id='word_1_327' title='bbox 591 3306 625 3338; x_wconf 72' lang='lat' dir='ltr'>eac</span> <span class='ocrx_word' id='word_1_328' title='bbox 639 3306 677 3349; x_wconf 84' lang='lat' dir='ltr'>ea,</span> <span class='ocrx_word' id='word_1_329' title='bbox 692 3307 764 3355; x_wconf 84' lang='lat' dir='ltr'>quem</span> <span class='ocrx_word' id='word_1_330' title='bbox 776 3292 820 3342; x_wconf 79' lang='lat' dir='ltr'>die</span> <span class='ocrx_word' id='word_1_331' title='bbox 835 3295 906 3348; x_wconf 79' lang='lat' dir='ltr'>citat,</span> <span class='ocrx_word' id='word_1_332' title='bbox 920 3290 988 3341; x_wconf 83' lang='lat' dir='ltr'>libro</span> <span class='ocrx_word' id='word_1_333' title='bbox 998 3306 1042 3355; x_wconf 84' lang='lat' dir='ltr'>pr.</span> <span class='ocrx_word' id='word_1_334' title='bbox 1058 3290 1080 3341; x_wconf 92' lang='grc' dir='ltr'>Ι.</span> 
     </span>
     <span class='ocr_line' id='line_1_35' title="bbox 129 3356 1081 3425; baseline 0.005 -20"><span class='ocrx_word' id='word_1_335' title='bbox 129 3358 161 3405; x_wconf 88' lang='lat' dir='ltr'>de</span> <span class='ocrx_word' id='word_1_336' title='bbox 175 3359 254 3405; x_wconf 83' lang='lat' dir='ltr'>iniur.</span> <span class='ocrx_word' id='word_1_337' title='bbox 269 3356 301 3421; x_wconf 78' lang='lat' dir='ltr'>(t,</span> <span class='ocrx_word' id='word_1_338' title='bbox 315 3357 339 3423; x_wconf 83' lang='lat' dir='ltr'>s)</span> <span class='ocrx_word' id='word_1_339' title='bbox 352 3367 476 3421; x_wconf 88' lang='lat' dir='ltr'>sumptum</span> <span class='ocrx_word' id='word_1_340' title='bbox 495 3367 539 3407; x_wconf 87' lang='lat' dir='ltr'>est.</span> <span class='ocrx_word' id='word_1_341' title='bbox 568 3360 690 3418; x_wconf 82' lang='lat' dir='ltr'>Accedit,</span> <span class='ocrx_word' id='word_1_342' title='bbox 705 3363 773 3425; x_wconf 84' lang='lat' dir='ltr'>quod</span> <span class='ocrx_word' id='word_1_343' title='bbox 787 3365 825 3411; x_wconf 86' lang='lat' dir='ltr'>tit.</span> <span class='ocrx_word' id='word_1_344' title='bbox 840 3374 860 3413; x_wconf 82' lang='lat' dir='ltr'>a.</span> <span class='ocrx_word' id='word_1_345' title='bbox 876 3378 897 3411; x_wconf 90' lang='lat' dir='ltr'>c.</span> <span class='ocrx_word' id='word_1_346' title='bbox 913 3373 933 3411; x_wconf 79' lang='lat' dir='ltr'>s.</span> <span class='ocrx_word' id='word_1_347' title='bbox 950 3377 1001 3425; x_wconf 87' lang='lat' dir='ltr'>pro</span> <span class='ocrx_word' id='word_1_348' title='bbox 1021 3362 1081 3410; x_wconf 91' lang='lat' dir='ltr'>libro</span> 
     </span>
     <span class='ocr_line' id='line_1_36' title="bbox 129 3427 1082 3493; baseline 0.007 -19"><span class='ocrx_word' id='word_1_349' title='bbox 129 3427 262 3486; x_wconf 75' lang='lat' dir='ltr'>regularum</span> <span class='ocrx_word' id='word_1_350' title='bbox 281 3427 394 3488; x_wconf 85' lang='lat' dir='ltr'>singulari</span> <span class='ocrx_word' id='word_1_351' title='bbox 413 3427 487 3476; x_wconf 83' lang='lat' dir='ltr'>labet</span> <span class='ocrx_word' id='word_1_352' title='bbox 505 3429 566 3477; x_wconf 87' lang='lat' dir='ltr'>libro</span> <span class='ocrx_word' id='word_1_353' title='bbox 585 3430 698 3490; x_wconf 80' lang='lat' dir='ltr'>singulari</span> <span class='ocrx_word' id='word_1_354' title='bbox 718 3431 763 3481; x_wconf 78' lang='lat' dir='ltr'>Vc.</span> <span class='ocrx_word' id='word_1_355' title='bbox 784 3432 845 3481; x_wconf 87' lang='lat' dir='ltr'>liber</span> <span class='ocrx_word' id='word_1_356' title='bbox 863 3432 976 3493; x_wconf 82' lang='lat' dir='ltr'>singulari</span> <span class='ocrx_word' id='word_1_357' title='bbox 1001 3431 1042 3483; x_wconf 84' lang='lat' dir='ltr'>Vi.</span> <span class='ocrx_word' id='word_1_358' title='bbox 1058 3439 1082 3481; x_wconf 82' lang='lat' dir='ltr'>et</span> 
     </span>
     <span class='ocr_line' id='line_1_37' title="bbox 128 3497 1080 3567; baseline 0.007 -24"><span class='ocrx_word' id='word_1_359' title='bbox 128 3498 211 3545; x_wconf 84' lang='lat' dir='ltr'>simile</span> <span class='ocrx_word' id='word_1_360' title='bbox 226 3499 313 3545; x_wconf 85' lang='lat' dir='ltr'>uitium</span> <span class='ocrx_word' id='word_1_361' title='bbox 327 3504 365 3545; x_wconf 85' lang='lat' dir='ltr'>est</span> <span class='ocrx_word' id='word_1_362' title='bbox 380 3500 405 3545; x_wconf 84' lang='lat' dir='ltr'>in</span> <span class='ocrx_word' id='word_1_363' title='bbox 420 3497 450 3545; x_wconf 89' lang='lat' dir='ltr'>B.</span> <span class='ocrx_word' id='word_1_364' title='bbox 467 3500 614 3551; x_wconf 78' lang='lat' dir='ltr'>iit.1a.c.e.</span> <span class='ocrx_word' id='word_1_365' title='bbox 667 3498 699 3564; x_wconf 86' lang='lat'>¹⁰)</span> <span class='ocrx_word' id='word_1_366' title='bbox 716 3501 754 3563; x_wconf 75' lang='lat' dir='ltr'>Cf.</span> <span class='ocrx_word' id='word_1_367' title='bbox 766 3517 808 3564; x_wconf 84' lang='lat' dir='ltr'>pr.</span> <span class='ocrx_word' id='word_1_368' title='bbox 824 3502 846 3551; x_wconf 91' lang='lat' dir='ltr'>I.</span> <span class='ocrx_word' id='word_1_369' title='bbox 861 3503 894 3551; x_wconf 84' lang='lat' dir='ltr'>de</span> <span class='ocrx_word' id='word_1_370' title='bbox 908 3504 987 3551; x_wconf 83' lang='lat' dir='ltr'>iuiur.</span> <span class='ocrx_word' id='word_1_371' title='bbox 1003 3500 1034 3565; x_wconf 82' lang='lat'>(4,</span> <span class='ocrx_word' id='word_1_372' title='bbox 1048 3501 1080 3567; x_wconf 83' lang='lat' dir='ltr'>s).</span> 
     </span>
     <span class='ocr_line' id='line_1_38' title="bbox 133 3563 1081 3630; baseline 0.004 -16"><span class='ocrx_word' id='word_1_373' title='bbox 133 3563 165 3630; x_wconf 88' lang='lat'>¹¹)</span> <span class='ocrx_word' id='word_1_374' title='bbox 183 3566 222 3615; x_wconf 83' lang='lat' dir='ltr'>Ita</span> <span class='ocrx_word' id='word_1_375' title='bbox 235 3567 426 3616; x_wconf 77' lang='lat' dir='ltr'>Lacumaanus.</span> <span class='ocrx_word' id='word_1_376' title='bbox 442 3582 590 3616; x_wconf 89' lang='lat' dir='ltr'>communem</span> <span class='ocrx_word' id='word_1_377' title='bbox 605 3571 713 3618; x_wconf 88' lang='lat' dir='ltr'>omnibus</span> <span class='ocrx_word' id='word_1_378' title='bbox 728 3572 790 3619; x_wconf 89' lang='lat' dir='ltr'>enim</span> <span class='ocrx_word' id='word_1_379' title='bbox 805 3573 863 3620; x_wconf 91' lang='lat' dir='ltr'>iuris</span> <span class='ocrx_word' id='word_1_380' title='bbox 880 3572 941 3620; x_wconf 78' lang='lat' dir='ltr'>cad.</span> <span class='ocrx_word' id='word_1_381' title='bbox 957 3586 1081 3622; x_wconf 87' lang='lat' dir='ltr'>commune</span> 
     </span>
     <span class='ocr_line' id='line_1_39' title="bbox 129 3636 1082 3704; baseline 0.005 -20"><span class='ocrx_word' id='word_1_382' title='bbox 129 3651 214 3685; x_wconf 90' lang='lat' dir='ltr'>nomen</span> <span class='ocrx_word' id='word_1_383' title='bbox 236 3638 298 3685; x_wconf 86' lang='lat' dir='ltr'>enim</span> <span class='ocrx_word' id='word_1_384' title='bbox 321 3637 372 3684; x_wconf 86' lang='lat' dir='ltr'>cius</span> <span class='ocrx_word' id='word_1_385' title='bbox 390 3636 430 3685; x_wconf 89' lang='lat' dir='ltr'>Bt.</span> <span class='ocrx_word' id='word_1_386' title='bbox 455 3636 591 3687; x_wconf 85' lang='lat' dir='ltr'>Numerum</span> <span class='ocrx_word' id='word_1_387' title='bbox 610 3649 643 3696; x_wconf 74' lang='lat' dir='ltr'>s,</span> <span class='ocrx_word' id='word_1_388' title='bbox 665 3652 733 3702; x_wconf 85' lang='lat' dir='ltr'>quem</span> <span class='ocrx_word' id='word_1_389' title='bbox 754 3639 795 3688; x_wconf 85' lang='lat' dir='ltr'>Bt.</span> <span class='ocrx_word' id='word_1_390' title='bbox 817 3648 876 3690; x_wconf 85' lang='lat' dir='ltr'>aute</span> <span class='ocrx_word' id='word_1_391' title='bbox 896 3642 962 3690; x_wconf 87' lang='lat' dir='ltr'>Unde</span> <span class='ocrx_word' id='word_1_392' title='bbox 983 3649 1082 3704; x_wconf 82' lang='lat' dir='ltr'>apparet</span> 
     </span>
     <span class='ocr_line' id='line_1_40' title="bbox 124 3705 1081 3775; baseline 0.001 -18"><span class='ocrx_word' id='word_1_393' title='bbox 124 3714 258 3769; x_wconf 81' lang='lat' dir='ltr'>posuerat,</span> <span class='ocrx_word' id='word_1_394' title='bbox 274 3709 323 3756; x_wconf 85' lang='lat' dir='ltr'>iarn</span> <span class='ocrx_word' id='word_1_395' title='bbox 339 3714 398 3755; x_wconf 87' lang='lat' dir='ltr'>aute</span> <span class='ocrx_word' id='word_1_396' title='bbox 413 3705 540 3756; x_wconf 86' lang='lat' dir='ltr'>Commune</span> <span class='ocrx_word' id='word_1_397' title='bbox 555 3709 684 3757; x_wconf 85' lang='lat' dir='ltr'>transtuli.</span> <span class='ocrx_word' id='word_1_398' title='bbox 752 3706 784 3774; x_wconf 91' lang='lat'>¹¹)</span> <span class='ocrx_word' id='word_1_399' title='bbox 800 3711 869 3774; x_wconf 86' lang='lat' dir='ltr'>idque</span> <span class='ocrx_word' id='word_1_400' title='bbox 886 3712 947 3761; x_wconf 87' lang='lat' dir='ltr'>Cdd.</span> <span class='ocrx_word' id='word_1_401' title='bbox 963 3713 1021 3761; x_wconf 84' lang='lat' dir='ltr'>edd.</span> <span class='ocrx_word' id='word_1_402' title='bbox 1037 3726 1081 3775; x_wconf 86' lang='lat' dir='ltr'>que</span> 
     </span>
     <span class='ocr_line' id='line_1_41' title="bbox 128 3776 1083 3845; baseline 0.004 -21"><span class='ocrx_word' id='word_1_403' title='bbox 128 3792 163 3825; x_wconf 80' lang='lat' dir='ltr'>ea</span> <span class='ocrx_word' id='word_1_404' title='bbox 176 3778 242 3841; x_wconf 77' lang='lat' dir='ltr'>sipla</span> <span class='ocrx_word' id='word_1_405' title='bbox 257 3793 279 3840; x_wconf 91' lang='lat' dir='ltr'>q.</span> <span class='ocrx_word' id='word_1_406' title='bbox 296 3779 403 3841; x_wconf 82' lang='lat' dir='ltr'>sactum.</span> <span class='ocrx_word' id='word_1_407' title='bbox 432 3776 478 3826; x_wconf 85' lang='lat' dir='ltr'>Sic</span> <span class='ocrx_word' id='word_1_408' title='bbox 492 3792 584 3827; x_wconf 88' lang='lat' dir='ltr'>carere</span> <span class='ocrx_word' id='word_1_409' title='bbox 599 3791 733 3839; x_wconf 84' lang='lat' dir='ltr'>possumus</span> <span class='ocrx_word' id='word_1_410' title='bbox 751 3780 873 3830; x_wconf 85' lang='lat' dir='ltr'>vocabula</span> <span class='ocrx_word' id='word_1_411' title='bbox 894 3782 994 3844; x_wconf 78' lang='lat' dir='ltr'>aliquid,</span> <span class='ocrx_word' id='word_1_412' title='bbox 1014 3781 1083 3845; x_wconf 86' lang='lat' dir='ltr'>quod</span> 
     </span>
     <span class='ocr_line' id='line_1_42' title="bbox 129 3844 1080 3916; baseline 0.003 -22"><span class='ocrx_word' id='word_1_413' title='bbox 129 3846 233 3896; x_wconf 76' lang='lat' dir='ltr'>Lacum.</span> <span class='ocrx_word' id='word_1_414' title='bbox 250 3855 309 3896; x_wconf 82' lang='lat' dir='ltr'>ante</span> <span class='ocrx_word' id='word_1_415' title='bbox 324 3847 350 3894; x_wconf 88' lang='lat' dir='ltr'>lit</span> <span class='ocrx_word' id='word_1_416' title='bbox 366 3847 520 3896; x_wconf 84' lang='lat' dir='ltr'>intrudebat.</span> <span class='ocrx_word' id='word_1_417' title='bbox 587 3844 618 3909; x_wconf 66' lang='grc' dir='ltr'>ιδ)</span> <span class='ocrx_word' id='word_1_418' title='bbox 634 3848 713 3896; x_wconf 88' lang='lat' dir='ltr'>uerbis</span> <span class='ocrx_word' id='word_1_419' title='bbox 728 3847 763 3913; x_wconf 82' lang='lat' dir='ltr'>(in</span> <span class='ocrx_word' id='word_1_420' title='bbox 777 3851 856 3899; x_wconf 89' lang='lat' dir='ltr'>uerbis</span> <span class='ocrx_word' id='word_1_421' title='bbox 876 3850 928 3916; x_wconf 87' lang='lat' dir='ltr'>Vi.)</span> <span class='ocrx_word' id='word_1_422' title='bbox 946 3851 1007 3900; x_wconf 89' lang='lat' dir='ltr'>Cdd.</span> <span class='ocrx_word' id='word_1_423' title='bbox 1022 3851 1080 3899; x_wconf 88' lang='lat' dir='ltr'>edd.</span> 
     </span>
    </p>
   </div>
   <div class='ocr_carea' id='block_1_5' title="bbox 0 0 1201 4386">
    <p class='ocr_par' dir='ltr' id='par_1_6' title="bbox 0 0 1201 4386">
     <span class='ocr_line' id='line_1_43' title="bbox 0 0 1201 4386; baseline 0 0"><span class='ocrx_word' id='word_1_424' title='bbox 0 0 1201 4386; x_wconf 95' lang='lat' dir='ltr'> </span> 
     </span>
    </p>
   </div>
  </div>
 </body>
</html>
