2378 4386
170 1207 618 1338 sussuranensis
652 1263 836 1338 uournru
868 1263 1136 1343 vinicius.

238 1432 374 1485 Locorum
393 1448 426 1485 ex
445 1433 504 1485 iure
523 1430 599 1485 civili
611 1432 828 1485 anteiustiniano
842 1430 877 1483 ab
889 1430 999 1485 incerto
1013 1437 1134 1489 auctore
1146 1447 1187 1495 [su

171 1500 334 1567 incertoque
353 1500 404 1551 sub
423 1499 505 1552 titulo
524 1498 704 1552 collectorum
720 1498 861 1565 reliquias,
881 1513 954 1564 quae
968 1499 992 1574 tr
1065 1503 1135 1557 enta

171 1565 239 1618 iuris
250 1565 368 1619 Romani
379 1565 515 1618 Vaticana
527 1565 611 1634 vulgo
624 1565 811 1633 appellantur,
823 1564 957 1617 debemus
972 1581 1000 1618 m
1023 1569 1133 1622 ustriae

172 1631 275 1709 Angeli
292 1631 367 1696 Maii,
387 1632 435 1752 gui
455 1647 554 1708 essex
572 1631 749 1750 palimpsesti
767 1630 956 1707 bibliotlreoae
970 1631 1131 1712 llatieanae

172 1697 283 1761 codicis,
301 1714 375 1751 nune
410 1714 512 1752 assiam
530 1698 709 1751 colatronem
726 1701 896 1751 continentis
914 1698 1051 1752 rufenore
1064 1717 1132 1754 sors·

172 1766 257 1832 ptura
274 1763 348 1818 cruit
365 1780 493 1832 annoque
513 1770 578 1818 1823
596 1764 715 1830 Itomae,
734 1764 846 1818 Parisiis
870 1768 899 1818 et
917 1769 984 1818 1824
1002 1765 1132 1821 Beroliui

171 1832 278 1952 printrgrs
296 1830 402 1950 publissi
424 1831 589 1950 iurisffecit.
617 1831 749 1950 bclassiani
771 1831 944 1951 ⁰⁰{essrwm
968 1832 998 1884 iu
1017 1851 1133 1953 sumima

173 1913 815 2041 ‘tattultjttitttnttutt
828 1914 883 2043 tt
895 1914 1129 2084 Zigali&

197 2032 345 2099 ntiquioris
364 2046 429 2086 vcro
448 2033 602 2098 scripturae
620 2031 688 2086 t'olia
705 2032 761 2085 duo
779 2035 809 2085 et
826 2033 928 2101 viginti
946 2051 963 2085 a
998 2031 1129 2089 Theodo-

171 2098 279 2152 siauum
298 2097 442 2160 Codicem,
467 2097 522 2149 duo
547 2097 582 2150 ad
599 2097 692 2167 legem
710 2098 941 2166 Burgundionum
959 2099 1127 2165 Romanam,

171 2165 288 2235 triginta
304 2165 360 2217 tria
376 2164 413 2216 ad
429 2166 554 2216 nostrum
568 2180 637 2233 opus
656 2167 791 2234 spectant.
827 2165 907 2230 Quod
926 2166 1040 2233 quidem
1059 2165 1126 2220 olim

170 2232 200 2284 in
218 2231 313 2285 codice
331 2230 469 2297 quadrato
486 2230 641 2297 grandioris
663 2232 739 2285 modi
763 2232 896 2300 seriptum
918 2232 986 2298 fuit,
1009 2232 1128 2302 singulis

171 2297 314 2359 versibus,
339 2296 388 2362 qui
410 2297 510 2349 triceni
532 2296 592 2349 bini
613 2299 641 2350 in
660 2315 770 2367 quaque
791 2301 897 2376 pagina
919 2301 1027 2352 exarati
1051 2302 1128 2367 sunt,

173 2362 283 2416 litteras
301 2362 347 2415 vel
365 2364 444 2417 notas
462 2363 715 2431 complectentibus
733 2366 843 2419 circiter
855 2366 1065 2434 quinquaginta
1077 2367 1128 2422 sed

171 2431 201 2482 et
218 2429 253 2507 ad
271 2429 417 2498 sexaginta
434 2447 551 2484 numero
569 2432 683 2500 eiusque
702 2433 820 2497 formae,
842 2437 874 2486 ut
892 2431 996 2501 partim
1019 2449 1056 2487 cx
1073 2434 1128 2488 hae

170 2498 272 2566 partun
295 2513 329 2550 ex
347 2496 488 2565 frequenti
509 2500 639 2552 notarum
661 2517 712 2552 usu
735 2499 859 2552 codicem
884 2501 958 2553 certe
981 2515 1038 2552 non
1062 2504 1130 2569 post

172 2563 296 2618 seculum
315 2566 432 2625 sextum,
451 2565 566 2619 fortasse
586 2582 652 2619 vero
671 2568 700 2619 et
718 2566 806 2620 multo
825 2568 890 2619 ante
909 2566 1047 2633 seriptum
1066 2584 1127 2622 esse

170 2632 255 2700 periti
272 2630 464 2685 iudicaverint.
489 2632 578 2686 Huius
591 2649 656 2686 vero
669 2632 771 2687 codicis
783 2633 851 2687 folia
864 2632 987 2686 Cassiani
1005 2633 1062 2686 sori
1083 2636 1128 2687 tor

171 2699 262 2767 operis
279 2699 308 2751 iu
326 2716 391 2752 usus
408 2716 471 2753 suos
483 2698 524 2753 ita
535 2701 681 2764 convertit,
695 2701 727 2752 ut
744 2715 778 2752 ex
791 2699 907 2769 singulis
919 2699 1040 2768 geminis
1064 2702 1128 2754 oliis

171 2765 384 2819 cohaerentibus
396 2768 477 2819 terna
489 2768 519 2819 et
536 2767 650 2834 quidem
668 2768 734 2820 bina
752 2765 932 2820 cohaerentia
944 2767 973 2819 et
991 2765 1127 2821 deorsum

170 2831 333 2886 dissecando
351 2850 439 2885 unum
457 2833 612 2887 solitarium
625 2834 744 2887 faceret:
764 2850 820 2901 qua
831 2834 938 2887 ratione
951 2832 1059 2887 factum
1073 2838 1126 2901 est,

169 2901 202 2953 ut
220 2900 344 2953 medium
382 2900 493 2968 uodque
511 2900 609 2954 folium
627 2903 736 2969 partem
754 2903 864 2954 tautum
883 2903 911 2954 et
928 2900 1030 2968 prioris
1044 2903 1084 2969 (s)
1098 2905 1129 2956 st

169 2967 332 3034 posterioris
344 2918 404 3020 sochi
417 2967 456 3030 (b)
471 2968 634 3044 antiquioris
647 2967 801 3044 scripturae
820 2967 984 3044 contineret.
1003 2969 1033 3044 et
1051 2987 1127 3023 nunc

169 3033 281 3100 quotics
298 3033 421 3087 medium
439 3033 537 3087 folium
550 3036 640 3087 solum
652 3035 733 3088 nobis
745 3037 884 3087 servotum
898 3037 948 3098 est,
961 3033 990 3086 sd
1004 3052 1033 3086 iu
1047 3037 1125 3089 utra·

170 3116 224 3176 que
247 3101 351 3171 pagiua
372 3102 483 3155 tantum
506 3101 708 3178 trientemvel
733 3103 912 3178 postremum.
932 3099 978 3177 vel
992 3102 1126 3219 lprimum

168 3171 502 3309 {libellulus
517 3168 1126 3312 ululat-‘lt‘ullu*ttzlssstlnllmt

168 3301 288 3366 utraque
305 3315 410 3366 pegma
428 3302 529 3374 partun
546 3302 718 3368 postremum
737 3303 841 3378 purtim
855 3318 975 3368 primum
987 3306 1125 3369 praestet.

171 3363 302 3417 Ceterum
320 3365 415 3418 frustis
433 3369 507 3418 mter
524 3382 552 3419 se
565 3367 666 3419 iunctis
679 3367 796 3437 triginta
808 3384 855 3421 sex
867 3369 985 3437 paginas
997 3368 1126 3448 integras

170 3430 229 3483 anti
251 3430 336 3484 uioris
348 3430 450 3484 codicis
468 3432 616 3487 restituere
634 3433 727 3496 licuit;
746 3435 847 3503 quibus
866 3434 1004 3488 accedunt
1021 3436 1126 3506 viginti

168 3447 293 3560 mutilae,
312 3499 447 3562 quattuor
463 3498 612 3564 bessariae,
632 3500 755 3554 sedecim
773 3502 944 3555 trientariae.

237 3563 380 3617 Vetustior
406 3565 494 3618 codex
518 3568 748 3634 quaternionibus
770 3569 907 3629 constitit,
929 3583 1047 3635 quorum
1073 3587 1125 3622 uu·

168 3645 260 3684 merus
283 3631 312 3683 in
330 3632 384 3684 line
407 3632 541 3700 cuiusque
564 3650 581 3687 a
602 3634 715 3688 librario
738 3638 851 3688 notatus
874 3638 945 3699 erat3
969 3635 1071 3701 quibus
1090 3652 1125 3688 ex

243 3785 261 3854 ¹)
277 3789 339 3847 Quies
354 3798 377 3839 ct
391 3793 522 3841 autcriores
538 3794 642 3842 editores
657 3802 679 3842 el
695 3809 738 3842 nos
753 3795 856 3842 numeris
873 3794 974 3842 arabicis
990 3794 1018 3842 ad
1034 3795 1125 3855 margi-

168 3875 221 3909 nem
236 3861 321 3923 posilis
335 3862 531 3923 significavimus:
547 3865 653 3913 adiectus
668 3879 779 3913 numerus
795 3865 919 3913 unciustus
929 3864 1027 3926 paginas
1038 3878 1125 3927 super-

168 3931 236 3980 stilos
251 3939 365 3996 perpetua
380 3933 442 3981 serie
457 3933 608 3983 demonstrat.
