<?xml version="1.0" encoding="UTF-8"?>
<!DOCTYPE html PUBLIC "-//W3C//DTD XHTML 1.0 Transitional//EN"
    "http://www.w3.org/TR/xhtml1/DTD/xhtml1-transitional.dtd">
<html xmlns="http://www.w3.org/1999/xhtml" xml:lang="en" lang="en">
 <head>
  <title>
</title>
<meta http-equiv="Content-Type" content="text/html;charset=utf-8" />
  <meta name='ocr-system' content='tesseract 3.04.00' />
  <meta name='ocr-capabilities' content='ocr_page ocr_carea ocr_par ocr_line ocrx_word'/>
</head>
<body>
  <div class='ocr_page' id='page_1' title='image "./iurisprvdentiae00huscgoog_0830.png"; bbox 0 0 2378 4386; ppageno 0'>
   <div class='ocr_carea' id='block_1_1' title="bbox 314 559 1056 623">
    <p class='ocr_par' dir='ltr' id='par_1_1' title="bbox 314 559 1056 623">
     <span class='ocr_line' id='line_1_1' title="bbox 314 559 1056 623; baseline 0.015 -11"><span class='ocrx_word' id='word_1_1' title='bbox 314 578 351 612; x_wconf 76' lang='lat' dir='ltr'><strong>nn</strong></span> <span class='ocrx_word' id='word_1_2' title='bbox 368 577 561 614; x_wconf 77' lang='lat' dir='ltr'><strong>nosnmormns</strong></span> <span class='ocrx_word' id='word_1_3' title='bbox 578 577 614 613; x_wconf 77' lang='lat' dir='ltr'><strong>an</strong></span> <span class='ocrx_word' id='word_1_4' title='bbox 632 577 721 614; x_wconf 72' lang='lat' dir='ltr'><strong>nonu</strong></span> <span class='ocrx_word' id='word_1_5' title='bbox 739 577 852 615; x_wconf 70' lang='lat' dir='ltr'><strong>cornute</strong></span> <span class='ocrx_word' id='word_1_6' title='bbox 998 559 1056 623; x_wconf 77' lang='grc'><strong>791</strong></span> 
     </span>
    </p>
   </div>
   <div class='ocr_carea' id='block_1_2' title="bbox 61 707 1169 2117">
    <p class='ocr_par' dir='ltr' id='par_1_2' title="bbox 108 707 1062 948">
     <span class='ocr_line' id='line_1_2' title="bbox 108 707 1062 781; baseline -0.002 -16"><span class='ocrx_word' id='word_1_7' title='bbox 108 712 287 765; x_wconf 87' lang='lat' dir='ltr'><strong>instrumenta</strong></span> <span class='ocrx_word' id='word_1_8' title='bbox 302 707 454 764; x_wconf 86' lang='lat' dir='ltr'><strong>donationis</strong></span> <span class='ocrx_word' id='word_1_9' title='bbox 470 707 581 778; x_wconf 86' lang='lat' dir='ltr'><strong>lecerit,</strong></span> <span class='ocrx_word' id='word_1_10' title='bbox 604 724 638 764; x_wconf 86' lang='lat' dir='ltr'><strong>an</strong></span> <span class='ocrx_word' id='word_1_11' title='bbox 653 707 778 764; x_wconf 87' lang='lat' dir='ltr'><strong>uideatur</strong></span> <span class='ocrx_word' id='word_1_12' title='bbox 798 707 969 781; x_wconf 69' lang='lat' dir='ltr'><strong>professione</strong></span> <span class='ocrx_word' id='word_1_13' title='bbox 988 715 1062 764; x_wconf 86' lang='lat' dir='ltr'><strong>aeto·</strong></span> 
     </span>
     <span class='ocr_line' id='line_1_3' title="bbox 109 790 1061 865; baseline 0 -18"><span class='ocrx_word' id='word_1_14' title='bbox 109 808 168 848; x_wconf 93' lang='lat' dir='ltr'><strong>rum</strong></span> <span class='ocrx_word' id='word_1_15' title='bbox 191 792 312 865; x_wconf 87' lang='lat' dir='ltr'><strong>perlecta</strong></span> <span class='ocrx_word' id='word_1_16' title='bbox 333 807 393 847; x_wconf 91' lang='lat' dir='ltr'><strong>esse</strong></span> <span class='ocrx_word' id='word_1_17' title='bbox 408 790 536 848; x_wconf 88' lang='lat' dir='ltr'><strong>donatiot</strong></span> <span class='ocrx_word' id='word_1_18' title='bbox 563 790 714 864; x_wconf 81' lang='lat' dir='ltr'><strong>Respondi,</strong></span> <span class='ocrx_word' id='word_1_19' title='bbox 736 792 868 865; x_wconf 91' lang='lat' dir='ltr'><strong>sineque</strong></span> <span class='ocrx_word' id='word_1_20' title='bbox 891 791 1061 864; x_wconf 74' lang='lat' dir='ltr'><strong>mancipatio,</strong></span> 
     </span>
     <span class='ocr_line' id='line_1_4' title="bbox 109 874 1061 948; baseline 0.002 -16"><span class='ocrx_word' id='word_1_21' title='bbox 109 890 198 948; x_wconf 87' lang='lat' dir='ltr'><strong>neque</strong></span> <span class='ocrx_word' id='word_1_22' title='bbox 214 874 322 931; x_wconf 87' lang='lat' dir='ltr'><strong>traditio</strong></span> <span class='ocrx_word' id='word_1_23' title='bbox 337 882 430 932; x_wconf 87' lang='lat' dir='ltr'><strong>secuta</strong></span> <span class='ocrx_word' id='word_1_24' title='bbox 445 884 502 945; x_wconf 91' lang='lat' dir='ltr'><strong>est,</strong></span> <span class='ocrx_word' id='word_1_25' title='bbox 523 874 589 930; x_wconf 90' lang='lat' dir='ltr'><strong>solis</strong></span> <span class='ocrx_word' id='word_1_26' title='bbox 604 877 670 931; x_wconf 86' lang='lat' dir='ltr'><strong>actis</strong></span> <span class='ocrx_word' id='word_1_27' title='bbox 686 875 833 932; x_wconf 88' lang='lat' dir='ltr'><strong>dominium</strong></span> <span class='ocrx_word' id='word_1_28' title='bbox 854 890 909 932; x_wconf 92' lang='lat' dir='ltr'><strong>non</strong></span> <span class='ocrx_word' id='word_1_29' title='bbox 923 876 1061 934; x_wconf 78' lang='lat' dir='ltr'><strong>transisse.</strong></span> 
     </span>
    </p>

    <p class='ocr_par' dir='ltr' id='par_1_3' title="bbox 109 942 1169 1365">
     <span class='ocr_line' id='line_1_5' title="bbox 172 942 1169 1032; baseline 0.003 -16"><span class='ocrx_word' id='word_1_30' title='bbox 172 954 241 1016; x_wconf 77' lang='lat'><strong>269.</strong></span> <span class='ocrx_word' id='word_1_31' title='bbox 265 957 394 1031; x_wconf 82' lang='lat' dir='ltr'><strong>Ulpianus</strong></span> <span class='ocrx_word' id='word_1_32' title='bbox 409 956 478 1013; x_wconf 91' lang='lat' dir='ltr'><strong>libro</strong></span> <span class='ocrx_word' id='word_1_33' title='bbox 494 956 579 1017; x_wconf 77' lang='lat' dir='ltr'><strong>xlvi.</strong></span> <span class='ocrx_word' id='word_1_34' title='bbox 596 957 627 1013; x_wconf 90' lang='lat' dir='ltr'><strong>ad</strong></span> <span class='ocrx_word' id='word_1_35' title='bbox 643 956 780 1015; x_wconf 87' lang='lat' dir='ltr'><strong>Sabinum.</strong></span> <span class='ocrx_word' id='word_1_36' title='bbox 811 954 878 1028; x_wconf 86' lang='lat' dir='ltr'><strong>‘Ut,¹</strong></span> <span class='ocrx_word' id='word_1_37' title='bbox 897 958 970 1032; x_wconf 87' lang='lat' dir='ltr'><strong>quod</strong></span> <span class='ocrx_word' id='word_1_38' title='bbox 986 942 1169 1022; x_wconf 52' lang='lat' dir='ltr'><strong>uteo-affin.</strong></span> 
     </span>
     <span class='ocr_line' id='line_1_6' title="bbox 109 1026 1169 1112; baseline -0.001 -13"><span class='ocrx_word' id='word_1_39' title='bbox 109 1044 172 1099; x_wconf 92' lang='lat' dir='ltr'><strong>dum</strong></span> <span class='ocrx_word' id='word_1_40' title='bbox 187 1052 273 1098; x_wconf 87' lang='lat' dir='ltr'><strong>mater</strong></span> <span class='ocrx_word' id='word_1_41' title='bbox 288 1041 357 1097; x_wconf 83' lang='lat' dir='ltr'><strong>filiae</strong></span> <span class='ocrx_word' id='word_1_42' title='bbox 372 1041 459 1109; x_wconf 89' lang='lat' dir='ltr'><strong>dedit,</strong></span> <span class='ocrx_word' id='word_1_43' title='bbox 482 1057 537 1096; x_wconf 88' lang='lat' dir='ltr'><strong>uon</strong></span> <span class='ocrx_word' id='word_1_44' title='bbox 553 1040 677 1097; x_wconf 88' lang='lat' dir='ltr'><strong>uideatur</strong></span> <span class='ocrx_word' id='word_1_45' title='bbox 690 1042 831 1112; x_wconf 88' lang='lat' dir='ltr'><strong>donatum,</strong></span> <span class='ocrx_word' id='word_1_46' title='bbox 854 1050 881 1097; x_wconf 88' lang='lat' dir='ltr'><strong>et</strong></span> <span class='ocrx_word' id='word_1_47' title='bbox 896 1046 918 1098; x_wconf 90' lang='lat' dir='ltr'><strong>si</strong></span> <span class='ocrx_word' id='word_1_48' title='bbox 934 1042 1062 1099; x_wconf 89' lang='lat' dir='ltr'><strong>donatum</strong></span> <span class='ocrx_word' id='word_1_49' title='bbox 1073 1028 1106 1064; x_wconf 74' lang='lat'><strong>¹⁰</strong></span> <span class='ocrx_word' id='word_1_50' title='bbox 1116 1026 1169 1066; x_wconf 75' lang='lat'><strong>⁸¹⁸·</strong></span> 
     </span>
     <span class='ocr_line' id='line_1_7' title="bbox 109 1120 1062 1199; baseline 0.002 -16"><span class='ocrx_word' id='word_1_51' title='bbox 109 1129 154 1197; x_wconf 90' lang='lat' dir='ltr'><strong>sit,</strong></span> <span class='ocrx_word' id='word_1_52' title='bbox 169 1143 224 1183; x_wconf 87' lang='lat' dir='ltr'><strong>non</strong></span> <span class='ocrx_word' id='word_1_53' title='bbox 237 1124 333 1194; x_wconf 91' lang='lat' dir='ltr'><strong>ualeat,</strong></span> <span class='ocrx_word' id='word_1_54' title='bbox 349 1128 376 1181; x_wconf 92' lang='lat' dir='ltr'><strong>iu</strong></span> <span class='ocrx_word' id='word_1_55' title='bbox 391 1132 526 1198; x_wconf 74' lang='lat' dir='ltr'><strong>potestate</strong></span> <span class='ocrx_word' id='word_1_56' title='bbox 538 1123 590 1179; x_wconf 79' lang='lat' dir='ltr'><strong>utta</strong></span> <span class='ocrx_word' id='word_1_57' title='bbox 603 1126 750 1181; x_wconf 88' lang='lat' dir='ltr'><strong>constituta</strong></span> <span class='ocrx_word' id='word_1_58' title='bbox 765 1124 873 1198; x_wconf 75' lang='lat' dir='ltr'><strong>’patrlsz</strong></span> <span class='ocrx_word' id='word_1_59' title='bbox 891 1120 977 1182; x_wconf 85' lang='lat' dir='ltr'><strong>aliud²</strong></span> <span class='ocrx_word' id='word_1_60' title='bbox 992 1143 1062 1199; x_wconf 92' lang='lat' dir='ltr'><strong>esse,</strong></span> 
     </span>
     <span class='ocr_line' id='line_1_8' title="bbox 109 1207 1062 1282; baseline -0.001 -15"><span class='ocrx_word' id='word_1_61' title='bbox 109 1213 132 1267; x_wconf 89' lang='lat' dir='ltr'><strong>si</strong></span> <span class='ocrx_word' id='word_1_62' title='bbox 147 1211 238 1267; x_wconf 88' lang='lat' dir='ltr'><strong>dotem</strong></span> <span class='ocrx_word' id='word_1_63' title='bbox 250 1207 344 1265; x_wconf 63' lang='lat' dir='ltr'><strong>dedit!</strong></span> <span class='ocrx_word' id='word_1_64' title='bbox 368 1208 507 1282; x_wconf 89' lang='lat' dir='ltr'><strong>Ulpianus:</strong></span> <span class='ocrx_word' id='word_1_65' title='bbox 525 1207 645 1280; x_wconf 87' lang='lat' dir='ltr'><strong>Constat,</strong></span> <span class='ocrx_word' id='word_1_66' title='bbox 662 1210 734 1280; x_wconf 84' lang='lat' dir='ltr'><strong>quod</strong></span> <span class='ocrx_word' id='word_1_67' title='bbox 749 1208 878 1264; x_wconf 87' lang='lat' dir='ltr'><strong>utendum</strong></span> <span class='ocrx_word' id='word_1_68' title='bbox 891 1207 960 1266; x_wconf 88' lang='lat' dir='ltr'><strong>litiae</strong></span> <span class='ocrx_word' id='word_1_69' title='bbox 971 1208 1062 1266; x_wconf 89' lang='lat' dir='ltr'><strong>datum</strong></span> 
     </span>
     <span class='ocr_line' id='line_1_9' title="bbox 110 1285 1063 1365; baseline -0.003 -14"><span class='ocrx_word' id='word_1_70' title='bbox 110 1305 162 1365; x_wconf 90' lang='lat' dir='ltr'><strong>est,</strong></span> <span class='ocrx_word' id='word_1_71' title='bbox 185 1311 239 1350; x_wconf 93' lang='lat' dir='ltr'><strong>uon</strong></span> <span class='ocrx_word' id='word_1_72' title='bbox 262 1309 322 1349; x_wconf 87' lang='lat' dir='ltr'><strong>esse</strong></span> <span class='ocrx_word' id='word_1_73' title='bbox 344 1291 488 1358; x_wconf 88' lang='lat' dir='ltr'><strong>donatum;</strong></span> <span class='ocrx_word' id='word_1_74' title='bbox 511 1291 558 1347; x_wconf 91' lang='lat' dir='ltr'><strong>sed</strong></span> <span class='ocrx_word' id='word_1_75' title='bbox 579 1293 629 1348; x_wconf 90' lang='lat' dir='ltr'><strong>etsi</strong></span> <span class='ocrx_word' id='word_1_76' title='bbox 651 1290 762 1348; x_wconf 86' lang='lat' dir='ltr'><strong>&#39;donato</strong></span> <span class='ocrx_word' id='word_1_77' title='bbox 784 1285 847 1347; x_wconf 75' lang='lat' dir='ltr'><strong>res³</strong></span> <span class='ocrx_word' id='word_1_78' title='bbox 869 1303 955 1362; x_wconf 89' lang='lat' dir='ltr'><strong>esset,</strong></span> <span class='ocrx_word' id='word_1_79' title='bbox 978 1308 1063 1365; x_wconf 85' lang='lat' dir='ltr'><strong>aeque</strong></span> 
     </span>
    </p>

    <p class='ocr_par' dir='ltr' id='par_1_4' title="bbox 61 1374 1064 2117">
     <span class='ocr_line' id='line_1_10' title="bbox 61 1374 1063 1448; baseline -0.004 -13"><span class='ocrx_word' id='word_1_80' title='bbox 61 1378 219 1436; x_wconf 82' lang='lat' dir='ltr'><strong>oudonatio</strong></span> <span class='ocrx_word' id='word_1_81' title='bbox 247 1392 303 1432; x_wconf 90' lang='lat' dir='ltr'><strong>non</strong></span> <span class='ocrx_word' id='word_1_82' title='bbox 331 1376 433 1432; x_wconf 89' lang='lat' dir='ltr'><strong>ualeret</strong></span> <span class='ocrx_word' id='word_1_83' title='bbox 455 1378 482 1430; x_wconf 87' lang='lat' dir='ltr'><strong>in</strong></span> <span class='ocrx_word' id='word_1_84' title='bbox 505 1374 583 1430; x_wconf 82' lang='lat' dir='ltr'><strong>liliam</strong></span> <span class='ocrx_word' id='word_1_85' title='bbox 606 1374 727 1445; x_wconf 84' lang='lat' dir='ltr'><strong>conlata,</strong></span> <span class='ocrx_word' id='word_1_86' title='bbox 756 1392 825 1448; x_wconf 88' lang='lat' dir='ltr'><strong>quae</strong></span> <span class='ocrx_word' id='word_1_87' title='bbox 847 1377 874 1431; x_wconf 88' lang='lat' dir='ltr'><strong>in</strong></span> <span class='ocrx_word' id='word_1_88' title='bbox 896 1376 978 1448; x_wconf 89' lang='lat' dir='ltr'><strong>patris</strong></span> <span class='ocrx_word' id='word_1_89' title='bbox 1007 1385 1063 1432; x_wconf 85' lang='lat' dir='ltr'><strong>erat</strong></span> 
     </span>
     <span class='ocr_line' id='line_1_11' title="bbox 110 1453 1063 1535; baseline -0.004 -17"><span class='ocrx_word' id='word_1_90' title='bbox 110 1453 271 1535; x_wconf 84' lang='lat' dir='ltr'><strong>potestate.⁴</strong></span> <span class='ocrx_word' id='word_1_91' title='bbox 314 1460 394 1532; x_wconf 92' lang='lat' dir='ltr'><strong>plane</strong></span> <span class='ocrx_word' id='word_1_92' title='bbox 416 1460 439 1514; x_wconf 91' lang='lat' dir='ltr'><strong>si</strong></span> <span class='ocrx_word' id='word_1_93' title='bbox 461 1460 488 1513; x_wconf 87' lang='lat' dir='ltr'><strong>in</strong></span> <span class='ocrx_word' id='word_1_94' title='bbox 510 1459 601 1513; x_wconf 89' lang='lat' dir='ltr'><strong>dotem</strong></span> <span class='ocrx_word' id='word_1_95' title='bbox 624 1467 710 1513; x_wconf 84' lang='lat' dir='ltr'><strong>nrater</strong></span> <span class='ocrx_word' id='word_1_96' title='bbox 731 1457 800 1515; x_wconf 79' lang='lat' dir='ltr'><strong>litiae</strong></span> <span class='ocrx_word' id='word_1_97' title='bbox 822 1459 957 1528; x_wconf 88' lang='lat' dir='ltr'><strong>dedisset,</strong></span> <span class='ocrx_word' id='word_1_98' title='bbox 981 1459 1063 1530; x_wconf 90' lang='lat' dir='ltr'><strong>ualet,</strong></span> 
     </span>
     <span class='ocr_line' id='line_1_12' title="bbox 110 1537 1064 1618; baseline -0.002 -18"><span class='ocrx_word' id='word_1_99' title='bbox 110 1544 183 1618; x_wconf 88' lang='lat' dir='ltr'><strong>quod</strong></span> <span class='ocrx_word' id='word_1_100' title='bbox 196 1545 296 1599; x_wconf 85' lang='lat' dir='ltr'><strong>tanturn</strong></span> <span class='ocrx_word' id='word_1_101' title='bbox 308 1551 362 1598; x_wconf 88' lang='lat' dir='ltr'><strong>est:</strong></span> <span class='ocrx_word' id='word_1_102' title='bbox 375 1549 465 1614; x_wconf 86' lang='lat' dir='ltr'><strong>potest</strong></span> <span class='ocrx_word' id='word_1_103' title='bbox 478 1543 547 1598; x_wconf 88' lang='lat' dir='ltr'><strong>enim</strong></span> <span class='ocrx_word' id='word_1_104' title='bbox 559 1541 658 1598; x_wconf 90' lang='lat' dir='ltr'><strong>donare</strong></span> <span class='ocrx_word' id='word_1_105' title='bbox 669 1539 749 1612; x_wconf 84' lang='lat' dir='ltr'><strong>filiae,</strong></span> <span class='ocrx_word' id='word_1_106' title='bbox 762 1537 909 1615; x_wconf 72' lang='lat' dir='ltr'><strong>’quamutsi</strong></span> <span class='ocrx_word' id='word_1_107' title='bbox 920 1559 964 1598; x_wconf 85' lang='lat' dir='ltr'><strong>res</strong></span> <span class='ocrx_word' id='word_1_108' title='bbox 976 1543 1064 1598; x_wconf 88' lang='lat' dir='ltr'><strong>mariti</strong></span> 
     </span>
     <span class='ocr_line' id='line_1_13' title="bbox 111 1619 1064 1699; baseline -0.001 -17"><span class='ocrx_word' id='word_1_109' title='bbox 111 1628 192 1697; x_wconf 85' lang='lat' dir='ltr'><strong>lraut,</strong></span> <span class='ocrx_word' id='word_1_110' title='bbox 221 1619 317 1681; x_wconf 63' lang='lat' dir='ltr'><strong>&#39;cum‘</strong></span> <span class='ocrx_word' id='word_1_111' title='bbox 345 1626 506 1699; x_wconf 87' lang='lat' dir='ltr'><strong>quandoque</strong></span> <span class='ocrx_word' id='word_1_112' title='bbox 529 1624 581 1681; x_wconf 84' lang='lat' dir='ltr'><strong>trita</strong></span> <span class='ocrx_word' id='word_1_113' title='bbox 604 1624 647 1681; x_wconf 89' lang='lat' dir='ltr'><strong>uel</strong></span> <span class='ocrx_word' id='word_1_114' title='bbox 675 1626 748 1698; x_wconf 90' lang='lat' dir='ltr'><strong>sola,</strong></span> <span class='ocrx_word' id='word_1_115' title='bbox 775 1628 798 1682; x_wconf 90' lang='lat' dir='ltr'><strong>si</strong></span> <span class='ocrx_word' id='word_1_116' title='bbox 819 1628 886 1682; x_wconf 88' lang='lat' dir='ltr'><strong>iuris</strong></span> <span class='ocrx_word' id='word_1_117' title='bbox 908 1627 950 1682; x_wconf 91' lang='lat' dir='ltr'><strong>sui</strong></span> <span class='ocrx_word' id='word_1_118' title='bbox 972 1625 1064 1697; x_wconf 87' lang='lat' dir='ltr'><strong>tuerit,</strong></span> 
     </span>
     <span class='ocr_line' id='line_1_14' title="bbox 111 1705 1064 1782; baseline -0.001 -15"><span class='ocrx_word' id='word_1_119' title='bbox 111 1710 154 1768; x_wconf 91' lang='lat' dir='ltr'><strong>uel</strong></span> <span class='ocrx_word' id='word_1_120' title='bbox 172 1710 313 1766; x_wconf 90' lang='lat' dir='ltr'><strong>uoluntate</strong></span> <span class='ocrx_word' id='word_1_121' title='bbox 328 1706 397 1766; x_wconf 85' lang='lat' dir='ltr'><strong>filiae</strong></span> <span class='ocrx_word' id='word_1_122' title='bbox 412 1718 488 1782; x_wconf 91' lang='lat' dir='ltr'><strong>pater</strong></span> <span class='ocrx_word' id='word_1_123' title='bbox 503 1709 598 1767; x_wconf 86' lang='lat' dir='ltr'><strong>lrabeat</strong></span> <span class='ocrx_word' id='word_1_124' title='bbox 609 1710 649 1766; x_wconf 89' lang='lat' dir='ltr'><strong>rei</strong></span> <span class='ocrx_word' id='word_1_125' title='bbox 664 1711 774 1767; x_wconf 78' lang='lat' dir='ltr'><strong>uxoriae</strong></span> <span class='ocrx_word' id='word_1_126' title='bbox 787 1705 944 1767; x_wconf 76' lang='lat' dir='ltr'><strong>actionemt</strong></span> <span class='ocrx_word' id='word_1_127' title='bbox 969 1709 1064 1766; x_wconf 86' lang='lat' dir='ltr'><strong>llerito</strong></span> 
     </span>
     <span class='ocr_line' id='line_1_15' title="bbox 110 1788 1063 1868; baseline -0.002 -17"><span class='ocrx_word' id='word_1_128' title='bbox 110 1797 195 1868; x_wconf 82' lang='lat' dir='ltr'><strong>igitur</strong></span> <span class='ocrx_word' id='word_1_129' title='bbox 208 1791 322 1849; x_wconf 90' lang='lat' dir='ltr'><strong>Sabinus</strong></span> <span class='ocrx_word' id='word_1_130' title='bbox 338 1795 386 1864; x_wconf 87' lang='lat' dir='ltr'><strong>ait,</strong></span> <span class='ocrx_word' id='word_1_131' title='bbox 403 1794 425 1848; x_wconf 85' lang='lat' dir='ltr'><strong>si</strong></span> <span class='ocrx_word' id='word_1_132' title='bbox 441 1795 524 1850; x_wconf 89' lang='lat' dir='ltr'><strong>insola</strong></span> <span class='ocrx_word' id='word_1_133' title='bbox 541 1809 624 1849; x_wconf 79' lang='lat' dir='ltr'><strong>onore</strong></span> <span class='ocrx_word' id='word_1_134' title='bbox 640 1792 682 1848; x_wconf 87' lang='lat' dir='ltr'><strong>uel</strong></span> <span class='ocrx_word' id='word_1_135' title='bbox 698 1795 781 1851; x_wconf 86' lang='lat' dir='ltr'><strong>inuita</strong></span> <span class='ocrx_word' id='word_1_136' title='bbox 796 1788 915 1852; x_wconf 85' lang='lat' dir='ltr'><strong>&#39;marito⁷</strong></span> <span class='ocrx_word' id='word_1_137' title='bbox 930 1796 958 1850; x_wconf 91' lang='lat' dir='ltr'><strong>in</strong></span> <span class='ocrx_word' id='word_1_138' title='bbox 973 1793 1063 1850; x_wconf 90' lang='lat' dir='ltr'><strong>dotem</strong></span> 
     </span>
     <span class='ocr_line' id='line_1_16' title="bbox 111 1876 1064 1948; baseline -0.001 -14"><span class='ocrx_word' id='word_1_139' title='bbox 111 1878 195 1948; x_wconf 85' lang='lat' dir='ltr'><strong>dedit,</strong></span> <span class='ocrx_word' id='word_1_140' title='bbox 209 1892 266 1933; x_wconf 91' lang='lat' dir='ltr'><strong>rem</strong></span> <span class='ocrx_word' id='word_1_141' title='bbox 282 1877 369 1932; x_wconf 87' lang='lat' dir='ltr'><strong>mariti</strong></span> <span class='ocrx_word' id='word_1_142' title='bbox 382 1891 437 1932; x_wconf 90' lang='lat' dir='ltr'><strong>non</strong></span> <span class='ocrx_word' id='word_1_143' title='bbox 452 1892 512 1932; x_wconf 87' lang='lat' dir='ltr'><strong>esse</strong></span> <span class='ocrx_word' id='word_1_144' title='bbox 527 1879 633 1946; x_wconf 84' lang='lat' dir='ltr'><strong>lactant,</strong></span> <span class='ocrx_word' id='word_1_145' title='bbox 653 1884 681 1932; x_wconf 86' lang='lat' dir='ltr'><strong>et</strong></span> <span class='ocrx_word' id='word_1_146' title='bbox 696 1876 757 1935; x_wconf 91' lang='lat' dir='ltr'><strong>ideo</strong></span> <span class='ocrx_word' id='word_1_147' title='bbox 772 1877 901 1934; x_wconf 86' lang='lat' dir='ltr'><strong>uindicari</strong></span> <span class='ocrx_word' id='word_1_148' title='bbox 918 1876 949 1932; x_wconf 89' lang='lat' dir='ltr'><strong>ab</strong></span> <span class='ocrx_word' id='word_1_149' title='bbox 964 1877 1064 1933; x_wconf 88' lang='lat' dir='ltr'><strong>herede</strong></span> 
     </span>
     <span class='ocr_line' id='line_1_17' title="bbox 112 1958 1064 2034; baseline -0.001 -17"><span class='ocrx_word' id='word_1_150' title='bbox 112 1960 232 2019; x_wconf 87' lang='lat' dir='ltr'><strong>mulieris</strong></span> <span class='ocrx_word' id='word_1_151' title='bbox 242 1977 332 2033; x_wconf 86' lang='lat' dir='ltr'><strong>posse.</strong></span> <span class='ocrx_word' id='word_1_152' title='bbox 363 1958 482 2032; x_wconf 73' lang='lat' dir='ltr'><strong>quodiei)</strong></span> <span class='ocrx_word' id='word_1_153' title='bbox 498 1963 601 2017; x_wconf 87' lang='lat' dir='ltr'><strong>sciente</strong></span> <span class='ocrx_word' id='word_1_154' title='bbox 611 1977 642 2015; x_wconf 90' lang='lat' dir='ltr'><strong>ea</strong></span> <span class='ocrx_word' id='word_1_155' title='bbox 656 1959 710 2018; x_wconf 84' lang='lat' dir='ltr'><strong>troo</strong></span> <span class='ocrx_word' id='word_1_156' title='bbox 723 1961 822 2018; x_wconf 87' lang='lat' dir='ltr'><strong>laetum</strong></span> <span class='ocrx_word' id='word_1_157' title='bbox 834 1962 878 2030; x_wconf 87' lang='lat' dir='ltr'><strong>sit,</strong></span> <span class='ocrx_word' id='word_1_158' title='bbox 894 1975 1064 2034; x_wconf 86' lang='lat' dir='ltr'><strong>consequens</strong></span> 
     </span>
     <span class='ocr_line' id='line_1_18' title="bbox 111 2043 991 2117; baseline -0.001 -15"><span class='ocrx_word' id='word_1_159' title='bbox 111 2046 163 2102; x_wconf 88' lang='lat' dir='ltr'><strong>erit</strong></span> <span class='ocrx_word' id='word_1_160' title='bbox 177 2046 277 2114; x_wconf 86' lang='lat' dir='ltr'><strong>dicere,</strong></span> <span class='ocrx_word' id='word_1_161' title='bbox 293 2045 320 2099; x_wconf 93' lang='lat' dir='ltr'><strong>in</strong></span> <span class='ocrx_word' id='word_1_162' title='bbox 335 2043 426 2099; x_wconf 91' lang='lat' dir='ltr'><strong>dotem</strong></span> <span class='ocrx_word' id='word_1_163' title='bbox 442 2059 603 2099; x_wconf 88' lang='lat' dir='ltr'><strong>conuersum</strong></span> <span class='ocrx_word' id='word_1_164' title='bbox 618 2059 678 2100; x_wconf 90' lang='lat' dir='ltr'><strong>esse</strong></span> <span class='ocrx_word' id='word_1_165' title='bbox 693 2043 729 2116; x_wconf 88' lang='lat' dir='ltr'><strong>id,</strong></span> <span class='ocrx_word' id='word_1_166' title='bbox 746 2044 819 2117; x_wconf 90' lang='lat' dir='ltr'><strong>quod</strong></span> <span class='ocrx_word' id='word_1_167' title='bbox 834 2044 925 2101; x_wconf 91' lang='lat' dir='ltr'><strong>datum</strong></span> <span class='ocrx_word' id='word_1_168' title='bbox 941 2053 991 2102; x_wconf 88' lang='lat' dir='ltr'><strong>est.</strong></span> 
     </span>
    </p>
   </div>
   <div class='ocr_carea' id='block_1_3' title="bbox 174 2119 1172 2202">
    <p class='ocr_par' dir='ltr' id='par_1_5' title="bbox 174 2119 1172 2202">
     <span class='ocr_line' id='line_1_19' title="bbox 174 2119 1172 2202; baseline -0.008 -13"><span class='ocrx_word' id='word_1_169' title='bbox 174 2125 242 2192; x_wconf 76' lang='lat'><strong>2⁷0.</strong></span> <span class='ocrx_word' id='word_1_170' title='bbox 272 2131 394 2202; x_wconf 67' lang='lat' dir='ltr'><strong>[Hermon.</strong></span> <span class='ocrx_word' id='word_1_171' title='bbox 410 2133 445 2181; x_wconf 88' lang='lat' dir='ltr'><strong>tit.</strong></span> <span class='ocrx_word' id='word_1_172' title='bbox 461 2133 490 2181; x_wconf 91' lang='lat' dir='ltr'><strong>de</strong></span> <span class='ocrx_word' id='word_1_173' title='bbox 506 2121 709 2200; x_wconf 53' lang='lat' dir='ltr'><strong>donationibus?</strong></span> <span class='ocrx_word' id='word_1_174' title='bbox 753 2129 809 2184; x_wconf 81' lang='lat' dir='ltr'><strong>utut</strong></span> <span class='ocrx_word' id='word_1_175' title='bbox 832 2127 1012 2184; x_wconf 71' lang='lat' dir='ltr'><strong>Diocletianus</strong></span> <span class='ocrx_word' id='word_1_176' title='bbox 1037 2119 1172 2200; x_wconf 54' lang='lat' dir='ltr'><strong>etss&#39;pmsss&#39;p</strong></span> 
     </span>
    </p>
   </div>
   <div class='ocr_carea' id='block_1_4' title="bbox 112 2205 1154 2537">
    <p class='ocr_par' dir='ltr' id='par_1_6' title="bbox 112 2205 1154 2537">
     <span class='ocr_line' id='line_1_20' title="bbox 112 2205 1154 2288; baseline 0 -19"><span class='ocrx_word' id='word_1_177' title='bbox 112 2214 285 2272; x_wconf 85' lang='lat' dir='ltr'><strong>Constantius</strong></span> <span class='ocrx_word' id='word_1_178' title='bbox 292 2215 420 2272; x_wconf 85' lang='lat' dir='ltr'><strong>Caeciliae</strong></span> <span class='ocrx_word' id='word_1_179' title='bbox 427 2215 602 2288; x_wconf 81' lang='lat' dir='ltr'><strong>Anagrlanae.</strong></span> <span class='ocrx_word' id='word_1_180' title='bbox 617 2210 845 2269; x_wconf 86' lang='lat' dir='ltr'><strong>Sidonationibus</strong></span> <span class='ocrx_word' id='word_1_181' title='bbox 853 2206 883 2268; x_wconf 91' lang='lat' dir='ltr'><strong>in</strong></span> <span class='ocrx_word' id='word_1_182' title='bbox 893 2228 971 2268; x_wconf 88' lang='lat' dir='ltr'><strong>unam</strong></span> <span class='ocrx_word' id='word_1_183' title='bbox 985 2210 1065 2269; x_wconf 87' lang='lat' dir='ltr'><strong>illlam</strong></span> <span class='ocrx_word' id='word_1_184' title='bbox 1076 2205 1154 2244; x_wconf 60' lang='lat' dir='ltr'><strong>”m</strong></span> 
     </span>
     <span class='ocr_line' id='line_1_21' title="bbox 112 2295 1064 2372; baseline -0.002 -18"><span class='ocrx_word' id='word_1_185' title='bbox 112 2297 238 2368; x_wconf 84' lang='lat' dir='ltr'><strong>conlatis,</strong></span> <span class='ocrx_word' id='word_1_186' title='bbox 261 2308 352 2372; x_wconf 88' lang='lat' dir='ltr'><strong>quarta</strong></span> <span class='ocrx_word' id='word_1_187' title='bbox 368 2315 424 2355; x_wconf 91' lang='lat' dir='ltr'><strong>non</strong></span> <span class='ocrx_word' id='word_1_188' title='bbox 438 2305 553 2368; x_wconf 88' lang='lat' dir='ltr'><strong>retenta,</strong></span> <span class='ocrx_word' id='word_1_189' title='bbox 570 2299 759 2370; x_wconf 85' lang='lat' dir='ltr'><strong>patrimonium</strong></span> <span class='ocrx_word' id='word_1_190' title='bbox 774 2297 933 2354; x_wconf 77' lang='lat' dir='ltr'><strong>exhaustum</strong></span> <span class='ocrx_word' id='word_1_191' title='bbox 948 2298 975 2352; x_wconf 89' lang='lat' dir='ltr'><strong>in</strong></span> <span class='ocrx_word' id='word_1_192' title='bbox 992 2295 1064 2352; x_wconf 87' lang='lat' dir='ltr'><strong>lrau·</strong></span> 
     </span>
     <span class='ocr_line' id='line_1_22' title="bbox 112 2375 1065 2454; baseline 0.002 -19"><span class='ocrx_word' id='word_1_193' title='bbox 112 2380 172 2435; x_wconf 90' lang='lat' dir='ltr'><strong>dem</strong></span> <span class='ocrx_word' id='word_1_194' title='bbox 188 2389 341 2437; x_wconf 87' lang='lat' dir='ltr'><strong>ceterorum</strong></span> <span class='ocrx_word' id='word_1_195' title='bbox 357 2375 492 2437; x_wconf 83' lang='lat' dir='ltr'><strong>filiorum⁹</strong></span> <span class='ocrx_word' id='word_1_196' title='bbox 515 2380 661 2454; x_wconf 82' lang='lat' dir='ltr'><strong>probetur,</strong></span> <span class='ocrx_word' id='word_1_197' title='bbox 684 2381 731 2435; x_wconf 88' lang='lat' dir='ltr'><strong>tras</strong></span> <span class='ocrx_word' id='word_1_198' title='bbox 746 2380 862 2436; x_wconf 82' lang='lat' dir='ltr'><strong>rescindi</strong></span> <span class='ocrx_word' id='word_1_199' title='bbox 876 2380 910 2435; x_wconf 86' lang='lat' dir='ltr'><strong>ad</strong></span> <span class='ocrx_word' id='word_1_200' title='bbox 924 2382 1011 2437; x_wconf 88' lang='lat' dir='ltr'><strong>instar</strong></span> <span class='ocrx_word' id='word_1_201' title='bbox 1024 2382 1065 2437; x_wconf 90' lang='lat' dir='ltr'><strong>in·</strong></span> 
     </span>
     <span class='ocr_line' id='line_1_23' title="bbox 113 2461 1065 2537; baseline 0.001 -18"><span class='ocrx_word' id='word_1_202' title='bbox 113 2461 228 2520; x_wconf 82' lang='lat' dir='ltr'><strong>olfiotosl</strong></span> <span class='ocrx_word' id='word_1_203' title='bbox 253 2466 414 2534; x_wconf 86' lang='lat' dir='ltr'><strong>testamenti,</strong></span> <span class='ocrx_word' id='word_1_204' title='bbox 438 2465 523 2520; x_wconf 86' lang='lat' dir='ltr'><strong>saeris</strong></span> <span class='ocrx_word' id='word_1_205' title='bbox 538 2462 778 2520; x_wconf 86' lang='lat' dir='ltr'><strong>constitutionibus</strong></span> <span class='ocrx_word' id='word_1_206' title='bbox 793 2473 936 2537; x_wconf 89' lang='lat' dir='ltr'><strong>parentum</strong></span> <span class='ocrx_word' id='word_1_207' title='bbox 956 2473 1065 2521; x_wconf 90' lang='lat' dir='ltr'><strong>nostro·</strong></span> 
     </span>
    </p>
   </div>
   <div class='ocr_carea' id='block_1_5' title="bbox 108 2644 1067 3961">
    <p class='ocr_par' dir='ltr' id='par_1_7' title="bbox 108 2644 1067 3961">
     <span class='ocr_line' id='line_1_24' title="bbox 189 2644 1065 2713; baseline 0.001 -16"><span class='ocrx_word' id='word_1_208' title='bbox 189 2646 208 2713; x_wconf 83' lang='lat'><strong>¹)</strong></span> <span class='ocrx_word' id='word_1_209' title='bbox 223 2651 240 2698; x_wconf 87' lang='lat' dir='ltr'><strong>l.</strong></span> <span class='ocrx_word' id='word_1_210' title='bbox 254 2664 276 2699; x_wconf 87' lang='lat' dir='ltr'><strong>e.</strong></span> <span class='ocrx_word' id='word_1_211' title='bbox 292 2656 355 2707; x_wconf 83' lang='lat' dir='ltr'><strong>utut,</strong></span> <span class='ocrx_word' id='word_1_212' title='bbox 371 2664 522 2713; x_wconf 81' lang='lat' dir='ltr'><strong>quenquam.</strong></span> <span class='ocrx_word' id='word_1_213' title='bbox 575 2644 595 2713; x_wconf 74' lang='lat'><strong>¹)</strong></span> <span class='ocrx_word' id='word_1_214' title='bbox 610 2648 693 2711; x_wconf 88' lang='lat' dir='ltr'><strong>patris.</strong></span> <span class='ocrx_word' id='word_1_215' title='bbox 713 2647 780 2697; x_wconf 83' lang='lat' dir='ltr'><strong>liiud</strong></span> <span class='ocrx_word' id='word_1_216' title='bbox 794 2649 852 2697; x_wconf 82' lang='lat' dir='ltr'><strong>edd.</strong></span> <span class='ocrx_word' id='word_1_217' title='bbox 903 2644 955 2712; x_wconf 83' lang='lat' dir='ltr'><strong>¹)e&#39;.</strong></span> <span class='ocrx_word' id='word_1_218' title='bbox 972 2663 993 2701; x_wconf 87' lang='lat' dir='ltr'><strong>e.</strong></span> <span class='ocrx_word' id='word_1_219' title='bbox 1007 2651 1065 2712; x_wconf 82' lang='lat' dir='ltr'><strong>ipen</strong></span> 
     </span>
     <span class='ocr_line' id='line_1_25' title="bbox 112 2717 1066 2781; baseline 0.001 -14"><span class='ocrx_word' id='word_1_220' title='bbox 112 2735 168 2777; x_wconf 82' lang='lat' dir='ltr'><strong>ree,</strong></span> <span class='ocrx_word' id='word_1_221' title='bbox 183 2734 233 2768; x_wconf 90' lang='lat' dir='ltr'><strong>non</strong></span> <span class='ocrx_word' id='word_1_222' title='bbox 248 2734 317 2768; x_wconf 83' lang='lat' dir='ltr'><strong>nens.</strong></span> <span class='ocrx_word' id='word_1_223' title='bbox 333 2719 447 2768; x_wconf 78' lang='lat' dir='ltr'><strong>donatum</strong></span> <span class='ocrx_word' id='word_1_224' title='bbox 465 2735 500 2768; x_wconf 78' lang='lat' dir='ltr'><strong>ex</strong></span> <span class='ocrx_word' id='word_1_225' title='bbox 514 2717 578 2768; x_wconf 85' lang='lat' dir='ltr'><strong>Mai.</strong></span> <span class='ocrx_word' id='word_1_226' title='bbox 598 2721 631 2781; x_wconf 66' lang='grc' dir='ltr'><strong>φ’.</strong></span> <span class='ocrx_word' id='word_1_227' title='bbox 646 2718 704 2767; x_wconf 81' lang='lat' dir='ltr'><strong>edd.</strong></span> <span class='ocrx_word' id='word_1_228' title='bbox 719 2718 812 2767; x_wconf 81' lang='lat' dir='ltr'><strong>Holleo.</strong></span> <span class='ocrx_word' id='word_1_229' title='bbox 832 2717 946 2767; x_wconf 82' lang='lat' dir='ltr'><strong>Illonnnte.</strong></span> <span class='ocrx_word' id='word_1_230' title='bbox 966 2718 1066 2769; x_wconf 81' lang='lat' dir='ltr'><strong>donetur</strong></span> 
     </span>
     <span class='ocr_line' id='line_1_26' title="bbox 118 2787 1065 2855; baseline 0 -17"><span class='ocrx_word' id='word_1_231' title='bbox 118 2789 176 2838; x_wconf 86' lang='lat' dir='ltr'><strong>Vnt.</strong></span> <span class='ocrx_word' id='word_1_232' title='bbox 193 2791 231 2852; x_wconf 83' lang='lat' dir='ltr'><strong>(ut</strong></span> <span class='ocrx_word' id='word_1_233' title='bbox 242 2790 423 2854; x_wconf 79' lang='lat' dir='ltr'><strong>penninondnni</strong></span> <span class='ocrx_word' id='word_1_234' title='bbox 436 2792 471 2838; x_wconf 82' lang='lat' dir='ltr'><strong>sit</strong></span> <span class='ocrx_word' id='word_1_235' title='bbox 483 2803 592 2853; x_wconf 79' lang='lat' dir='ltr'><strong>nequens</strong></span> <span class='ocrx_word' id='word_1_236' title='bbox 605 2804 640 2847; x_wconf 82' lang='lat' dir='ltr'><strong>es,</strong></span> <span class='ocrx_word' id='word_1_237' title='bbox 654 2795 700 2838; x_wconf 85' lang='lat' dir='ltr'><strong>ont</strong></span> <span class='ocrx_word' id='word_1_238' title='bbox 713 2803 787 2851; x_wconf 83' lang='lat' dir='ltr'><strong>rpro</strong></span> <span class='ocrx_word' id='word_1_239' title='bbox 798 2795 858 2837; x_wconf 85' lang='lat' dir='ltr'><strong>noto</strong></span> <span class='ocrx_word' id='word_1_240' title='bbox 867 2787 1065 2855; x_wconf 82' lang='lat' dir='ltr'><strong>accipiendum).</strong></span> 
     </span>
     <span class='ocr_line' id='line_1_27' title="bbox 114 2857 1065 2924; baseline 0 -15"><span class='ocrx_word' id='word_1_241' title='bbox 114 2857 136 2924; x_wconf 84' lang='lat'><strong>⁴)</strong></span> <span class='ocrx_word' id='word_1_242' title='bbox 149 2858 250 2909; x_wconf 77' lang='lat' dir='ltr'><strong>Senot:</strong></span> <span class='ocrx_word' id='word_1_243' title='bbox 265 2860 321 2908; x_wconf 87' lang='lat' dir='ltr'><strong>iiie:</strong></span> <span class='ocrx_word' id='word_1_244' title='bbox 336 2859 410 2909; x_wconf 85' lang='lat' dir='ltr'><strong>linter</strong></span> <span class='ocrx_word' id='word_1_245' title='bbox 424 2861 471 2908; x_wconf 82' lang='lat' dir='ltr'><strong>irtio</strong></span> <span class='ocrx_word' id='word_1_246' title='bbox 487 2861 510 2908; x_wconf 92' lang='lat' dir='ltr'><strong>io</strong></span> <span class='ocrx_word' id='word_1_247' title='bbox 525 2866 641 2923; x_wconf 82' lang='lat' dir='ltr'><strong>potestate</strong></span> <span class='ocrx_word' id='word_1_248' title='bbox 656 2858 734 2921; x_wconf 85' lang='lat' dir='ltr'><strong>posito</strong></span> <span class='ocrx_word' id='word_1_249' title='bbox 749 2859 858 2907; x_wconf 86' lang='lat' dir='ltr'><strong>donando</strong></span> <span class='ocrx_word' id='word_1_250' title='bbox 872 2858 931 2907; x_wconf 87' lang='lat' dir='ltr'><strong>nihil</strong></span> <span class='ocrx_word' id='word_1_251' title='bbox 946 2859 993 2920; x_wconf 79' lang='lat' dir='ltr'><strong>agit</strong></span> <span class='ocrx_word' id='word_1_252' title='bbox 1026 2858 1065 2923; x_wconf 75' lang='lat' dir='ltr'><strong>Cf.</strong></span> 
     </span>
     <span class='ocr_line' id='line_1_28' title="bbox 114 2924 1065 2994; baseline 0.002 -17"><span class='ocrx_word' id='word_1_253' title='bbox 114 2928 145 2979; x_wconf 76' lang='lat' dir='ltr'><strong>L.</strong></span> <span class='ocrx_word' id='word_1_254' title='bbox 160 2941 181 2981; x_wconf 81' lang='lat' dir='ltr'><strong>e.</strong></span> <span class='ocrx_word' id='word_1_255' title='bbox 196 2931 254 2991; x_wconf 72' lang='lat' dir='ltr'><strong>§.n</strong></span> <span class='ocrx_word' id='word_1_256' title='bbox 270 2928 300 2977; x_wconf 85' lang='lat' dir='ltr'><strong>L.</strong></span> <span class='ocrx_word' id='word_1_257' title='bbox 315 2940 349 2981; x_wconf 75' lang='lat' dir='ltr'><strong>et.</strong></span> <span class='ocrx_word' id='word_1_258' title='bbox 364 2931 388 2991; x_wconf 65' lang='lat'><strong>§-</strong></span> <span class='ocrx_word' id='word_1_259' title='bbox 404 2941 436 2980; x_wconf 86' lang='lat' dir='ltr'><strong>te.</strong></span> <span class='ocrx_word' id='word_1_260' title='bbox 456 2929 607 2980; x_wconf 65' lang='lat' dir='ltr'><strong>unedone.</strong></span> <span class='ocrx_word' id='word_1_261' title='bbox 623 2931 669 2978; x_wconf 83' lang='lat' dir='ltr'><strong>ine.</strong></span> <span class='ocrx_word' id='word_1_262' title='bbox 684 2931 733 2977; x_wconf 85' lang='lat' dir='ltr'><strong>vir.</strong></span> <span class='ocrx_word' id='word_1_263' title='bbox 748 2926 796 2986; x_wconf 73' lang='lat' dir='ltr'><strong>ine,</strong></span> <span class='ocrx_word' id='word_1_264' title='bbox 812 2927 842 2992; x_wconf 87' lang='lat' dir='ltr'><strong>t).</strong></span> <span class='ocrx_word' id='word_1_265' title='bbox 923 2924 944 2994; x_wconf 76' lang='lat'><strong>⁶)</strong></span> <span class='ocrx_word' id='word_1_266' title='bbox 959 2943 1012 2977; x_wconf 89' lang='lat' dir='ltr'><strong>cum</strong></span> <span class='ocrx_word' id='word_1_267' title='bbox 1026 2943 1065 2979; x_wconf 84' lang='lat' dir='ltr'><strong>res</strong></span> 
     </span>
     <span class='ocr_line' id='line_1_29' title="bbox 113 2997 1065 3064; baseline 0.001 -15"><span class='ocrx_word' id='word_1_268' title='bbox 113 3001 192 3049; x_wconf 88' lang='lat' dir='ltr'><strong>mariti</strong></span> <span class='ocrx_word' id='word_1_269' title='bbox 206 3007 231 3049; x_wconf 86' lang='lat' dir='ltr'><strong>et</strong></span> <span class='ocrx_word' id='word_1_270' title='bbox 244 3000 352 3063; x_wconf 84' lang='lat' dir='ltr'><strong>quemuis</strong></span> <span class='ocrx_word' id='word_1_271' title='bbox 366 3000 506 3064; x_wconf 86' lang='lat' dir='ltr'><strong>quandoque</strong></span> <span class='ocrx_word' id='word_1_272' title='bbox 526 2999 584 3049; x_wconf 85' lang='lat' dir='ltr'><strong>Vnt.</strong></span> <span class='ocrx_word' id='word_1_273' title='bbox 599 3000 656 3048; x_wconf 77' lang='lat' dir='ltr'><strong>edri.</strong></span> <span class='ocrx_word' id='word_1_274' title='bbox 668 3006 776 3062; x_wconf 82' lang='lat' dir='ltr'><strong>praeter</strong></span> <span class='ocrx_word' id='word_1_275' title='bbox 790 3013 857 3048; x_wconf 85' lang='lat' dir='ltr'><strong>mene</strong></span> <span class='ocrx_word' id='word_1_276' title='bbox 872 3011 890 3049; x_wconf 91' lang='lat'><strong>1.</strong></span> <span class='ocrx_word' id='word_1_277' title='bbox 907 3009 941 3054; x_wconf 69' lang='grc'><strong>9.,</strong></span> <span class='ocrx_word' id='word_1_278' title='bbox 956 2997 1000 3048; x_wconf 80' lang='lat' dir='ltr'><strong>ubi</strong></span> <span class='ocrx_word' id='word_1_279' title='bbox 1014 3015 1065 3064; x_wconf 83' lang='lat' dir='ltr'><strong>pro</strong></span> 
     </span>
     <span class='ocr_line' id='line_1_30' title="bbox 113 3068 1066 3136; baseline 0.001 -17"><span class='ocrx_word' id='word_1_280' title='bbox 113 3071 221 3136; x_wconf 86' lang='lat' dir='ltr'><strong>quamuis</strong></span> <span class='ocrx_word' id='word_1_281' title='bbox 230 3085 371 3134; x_wconf 82' lang='lat' dir='ltr'><strong>posueram</strong></span> <span class='ocrx_word' id='word_1_282' title='bbox 385 3071 504 3134; x_wconf 88' lang='lat' dir='ltr'><strong>quoniam.</strong></span> <span class='ocrx_word' id='word_1_283' title='bbox 529 3068 582 3119; x_wconf 84' lang='lat' dir='ltr'><strong>Sed</strong></span> <span class='ocrx_word' id='word_1_284' title='bbox 594 3085 628 3119; x_wconf 77' lang='lat' dir='ltr'><strong>ex</strong></span> <span class='ocrx_word' id='word_1_285' title='bbox 642 3076 723 3118; x_wconf 85' lang='lat' dir='ltr'><strong>mente</strong></span> <span class='ocrx_word' id='word_1_286' title='bbox 736 3068 841 3131; x_wconf 81' lang='lat' dir='ltr'><strong>Ulpiani</strong></span> <span class='ocrx_word' id='word_1_287' title='bbox 849 3069 1010 3132; x_wconf 73' lang='lat' dir='ltr'><strong>manifestum</strong></span> <span class='ocrx_word' id='word_1_288' title='bbox 1019 3077 1066 3128; x_wconf 80' lang='lat' dir='ltr'><strong>eat,</strong></span> 
     </span>
     <span class='ocr_line' id='line_1_31' title="bbox 112 3141 1067 3205; baseline 0 -15"><span class='ocrx_word' id='word_1_289' title='bbox 112 3155 167 3191; x_wconf 86' lang='lat' dir='ltr'><strong>cnm</strong></span> <span class='ocrx_word' id='word_1_290' title='bbox 186 3148 211 3190; x_wconf 82' lang='lat' dir='ltr'><strong>ei</strong></span> <span class='ocrx_word' id='word_1_291' title='bbox 224 3142 333 3205; x_wconf 84' lang='lat' dir='ltr'><strong>quamuis</strong></span> <span class='ocrx_word' id='word_1_292' title='bbox 349 3143 375 3189; x_wconf 87' lang='lat' dir='ltr'><strong>in</strong></span> <span class='ocrx_word' id='word_1_293' title='bbox 395 3141 453 3190; x_wconf 82' lang='lat' dir='ltr'><strong>Vnt.</strong></span> <span class='ocrx_word' id='word_1_294' title='bbox 468 3143 550 3191; x_wconf 82' lang='lat' dir='ltr'><strong>locum</strong></span> <span class='ocrx_word' id='word_1_295' title='bbox 570 3142 638 3190; x_wconf 83' lang='lat' dir='ltr'><strong>inter</strong></span> <span class='ocrx_word' id='word_1_296' title='bbox 655 3155 683 3189; x_wconf 87' lang='lat' dir='ltr'><strong>se</strong></span> <span class='ocrx_word' id='word_1_297' title='bbox 697 3147 873 3196; x_wconf 81' lang='lat' dir='ltr'><strong>commutasse,</strong></span> <span class='ocrx_word' id='word_1_298' title='bbox 893 3141 979 3203; x_wconf 80' lang='lat' dir='ltr'><strong>itaque</strong></span> <span class='ocrx_word' id='word_1_299' title='bbox 998 3155 1067 3191; x_wconf 87' lang='lat' dir='ltr'><strong>nune</strong></span> 
     </span>
     <span class='ocr_line' id='line_1_32' title="bbox 112 3208 1065 3276; baseline -0.001 -15"><span class='ocrx_word' id='word_1_300' title='bbox 112 3214 228 3263; x_wconf 79' lang='lat' dir='ltr'><strong>correxi.</strong></span> <span class='ocrx_word' id='word_1_301' title='bbox 303 3208 379 3276; x_wconf 74' lang='lat' dir='ltr'><strong><em>⁶)Cs.</em></strong></span> <span class='ocrx_word' id='word_1_302' title='bbox 395 3211 426 3260; x_wconf 86' lang='lat' dir='ltr'><strong>L.</strong></span> <span class='ocrx_word' id='word_1_303' title='bbox 442 3224 461 3263; x_wconf 82' lang='lat' dir='ltr'><strong>t.</strong></span> <span class='ocrx_word' id='word_1_304' title='bbox 488 3209 779 3276; x_wconf 77' lang='lat' dir='ltr'><strong>C.eot.nrotr.(o,1e).</strong></span> <span class='ocrx_word' id='word_1_305' title='bbox 853 3208 874 3275; x_wconf 63' lang='grc' dir='ltr'><strong>ἵ)</strong></span> <span class='ocrx_word' id='word_1_306' title='bbox 889 3212 987 3259; x_wconf 85' lang='lat' dir='ltr'><strong>maritus</strong></span> <span class='ocrx_word' id='word_1_307' title='bbox 1007 3209 1065 3260; x_wconf 79' lang='lat' dir='ltr'><strong>Vei.</strong></span> 
     </span>
     <span class='ocr_line' id='line_1_33' title="bbox 113 3279 1066 3346; baseline 0.001 -16"><span class='ocrx_word' id='word_1_308' title='bbox 113 3290 192 3332; x_wconf 83' lang='lat' dir='ltr'><strong>mater</strong></span> <span class='ocrx_word' id='word_1_309' title='bbox 206 3283 237 3331; x_wconf 83' lang='lat' dir='ltr'><strong>de</strong></span> <span class='ocrx_word' id='word_1_310' title='bbox 252 3280 349 3331; x_wconf 80' lang='lat' dir='ltr'><strong>Bianti</strong></span> <span class='ocrx_word' id='word_1_311' title='bbox 362 3285 395 3346; x_wconf 76' lang='lat' dir='ltr'><strong>ej.</strong></span> <span class='ocrx_word' id='word_1_312' title='bbox 409 3283 467 3331; x_wconf 84' lang='lat' dir='ltr'><strong>edd.</strong></span> <span class='ocrx_word' id='word_1_313' title='bbox 483 3282 576 3333; x_wconf 82' lang='lat' dir='ltr'><strong>Ilottno.</strong></span> <span class='ocrx_word' id='word_1_314' title='bbox 587 3282 700 3332; x_wconf 84' lang='lat' dir='ltr'><strong>Momme.</strong></span> <span class='ocrx_word' id='word_1_315' title='bbox 724 3279 778 3330; x_wconf 83' lang='lat' dir='ltr'><strong>Sed</strong></span> <span class='ocrx_word' id='word_1_316' title='bbox 790 3288 851 3330; x_wconf 86' lang='lat' dir='ltr'><strong>tune</strong></span> <span class='ocrx_word' id='word_1_317' title='bbox 865 3288 942 3330; x_wconf 84' lang='lat' dir='ltr'><strong>onten</strong></span> <span class='ocrx_word' id='word_1_318' title='bbox 955 3281 1002 3331; x_wconf 76' lang='lat' dir='ltr'><strong>utta</strong></span> <span class='ocrx_word' id='word_1_319' title='bbox 1014 3296 1066 3346; x_wconf 84' lang='lat' dir='ltr'><strong>pro</strong></span> 
     </span>
     <span class='ocr_line' id='line_1_34' title="bbox 113 3351 1066 3423; baseline 0.001 -22"><span class='ocrx_word' id='word_1_320' title='bbox 113 3366 186 3401; x_wconf 86' lang='lat' dir='ltr'><strong>uxore</strong></span> <span class='ocrx_word' id='word_1_321' title='bbox 200 3353 335 3402; x_wconf 82' lang='lat' dir='ltr'><strong>dicendum</strong></span> <span class='ocrx_word' id='word_1_322' title='bbox 347 3354 450 3423; x_wconf 67' lang='lat' dir='ltr'><strong>selesei.</strong></span> <span class='ocrx_word' id='word_1_323' title='bbox 465 3352 575 3418; x_wconf 87' lang='lat' dir='ltr'><strong>(maritus</strong></span> <span class='ocrx_word' id='word_1_324' title='bbox 589 3355 605 3403; x_wconf 84' lang='lat' dir='ltr'><strong>i.</strong></span> <span class='ocrx_word' id='word_1_325' title='bbox 621 3353 643 3404; x_wconf 89' lang='lat' dir='ltr'><strong>d.</strong></span> <span class='ocrx_word' id='word_1_326' title='bbox 659 3353 724 3416; x_wconf 84' lang='lat' dir='ltr'><strong>oepit</strong></span> <span class='ocrx_word' id='word_1_327' title='bbox 738 3352 776 3401; x_wconf 83' lang='lat' dir='ltr'><strong>ed.</strong></span> <span class='ocrx_word' id='word_1_328' title='bbox 792 3351 906 3402; x_wconf 78' lang='lat' dir='ltr'><strong>Monimo.</strong></span> <span class='ocrx_word' id='word_1_329' title='bbox 921 3351 993 3417; x_wconf 86' lang='lat' dir='ltr'><strong>min.)</strong></span> <span class='ocrx_word' id='word_1_330' title='bbox 1022 3352 1066 3402; x_wconf 81' lang='lat' dir='ltr'><strong>Ce-</strong></span> 
     </span>
     <span class='ocr_line' id='line_1_35' title="bbox 112 3423 1066 3487; baseline 0 -15"><span class='ocrx_word' id='word_1_331' title='bbox 112 3431 195 3472; x_wconf 82' lang='lat' dir='ltr'><strong>terum</strong></span> <span class='ocrx_word' id='word_1_332' title='bbox 216 3425 330 3487; x_wconf 64' lang='lat' dir='ltr'><strong>intellige</strong></span> <span class='ocrx_word' id='word_1_333' title='bbox 352 3430 456 3472; x_wconf 83' lang='lat' dir='ltr'><strong>matrem</strong></span> <span class='ocrx_word' id='word_1_334' title='bbox 477 3431 505 3472; x_wconf 84' lang='lat' dir='ltr'><strong>nt</strong></span> <span class='ocrx_word' id='word_1_335' title='bbox 525 3425 596 3485; x_wconf 74' lang='lat' dir='ltr'><strong>filine</strong></span> <span class='ocrx_word' id='word_1_336' title='bbox 617 3423 771 3473; x_wconf 84' lang='lat' dir='ltr'><strong>donaturam</strong></span> <span class='ocrx_word' id='word_1_337' title='bbox 792 3424 809 3471; x_wconf 83' lang='lat' dir='ltr'><strong>i.</strong></span> <span class='ocrx_word' id='word_1_338' title='bbox 832 3438 852 3472; x_wconf 87' lang='lat' dir='ltr'><strong>e.</strong></span> <span class='ocrx_word' id='word_1_339' title='bbox 871 3423 944 3485; x_wconf 78' lang='lat' dir='ltr'><strong>filiae</strong></span> <span class='ocrx_word' id='word_1_340' title='bbox 966 3424 1066 3472; x_wconf 80' lang='lat' dir='ltr'><strong>nomine</strong></span> 
     </span>
     <span class='ocr_line' id='line_1_36' title="bbox 112 3492 1067 3556; baseline 0.001 -16"><span class='ocrx_word' id='word_1_341' title='bbox 112 3495 206 3541; x_wconf 82' lang='lat' dir='ltr'><strong>morito</strong></span> <span class='ocrx_word' id='word_1_342' title='bbox 221 3493 321 3541; x_wconf 73' lang='lat' dir='ltr'><strong>dedisse</strong></span> <span class='ocrx_word' id='word_1_343' title='bbox 336 3492 381 3555; x_wconf 81' lang='lat' dir='ltr'><em>(cs.</em></span> <span class='ocrx_word' id='word_1_344' title='bbox 393 3493 424 3542; x_wconf 84' lang='lat' dir='ltr'><strong>L.</strong></span> <span class='ocrx_word' id='word_1_345' title='bbox 436 3504 468 3543; x_wconf 85' lang='lat' dir='ltr'><strong>rt.</strong></span> <span class='ocrx_word' id='word_1_346' title='bbox 486 3494 511 3542; x_wconf 78' lang='lat'><strong>0.</strong></span> <span class='ocrx_word' id='word_1_347' title='bbox 526 3493 557 3542; x_wconf 84' lang='lat' dir='ltr'><strong>de</strong></span> <span class='ocrx_word' id='word_1_348' title='bbox 572 3495 657 3543; x_wconf 81' lang='lat' dir='ltr'><strong>cottae.</strong></span> <span class='ocrx_word' id='word_1_349' title='bbox 671 3504 691 3549; x_wconf 84' lang='lat' dir='ltr'><strong>e,</strong></span> <span class='ocrx_word' id='word_1_350' title='bbox 704 3492 749 3555; x_wconf 74' lang='lat' dir='ltr'><strong>eo),</strong></span> <span class='ocrx_word' id='word_1_351' title='bbox 764 3507 814 3556; x_wconf 87' lang='lat' dir='ltr'><strong>qun</strong></span> <span class='ocrx_word' id='word_1_352' title='bbox 829 3507 879 3542; x_wconf 86' lang='lat' dir='ltr'><strong>non</strong></span> <span class='ocrx_word' id='word_1_353' title='bbox 894 3495 1067 3542; x_wconf 79' lang='lat' dir='ltr'><strong>consentiente</strong></span> 
     </span>
     <span class='ocr_line' id='line_1_37' title="bbox 113 3561 1067 3625; baseline 0.002 -16"><span class='ocrx_word' id='word_1_354' title='bbox 113 3564 185 3611; x_wconf 84' lang='lat' dir='ltr'><strong>nullo</strong></span> <span class='ocrx_word' id='word_1_355' title='bbox 199 3561 305 3612; x_wconf 81' lang='lat' dir='ltr'><strong>donatio</strong></span> <span class='ocrx_word' id='word_1_356' title='bbox 319 3571 371 3617; x_wconf 76' lang='lat' dir='ltr'><strong>eet:</strong></span> <span class='ocrx_word' id='word_1_357' title='bbox 385 3578 443 3611; x_wconf 78' lang='lat' dir='ltr'><strong>none</strong></span> <span class='ocrx_word' id='word_1_358' title='bbox 457 3565 481 3612; x_wconf 87' lang='lat' dir='ltr'><strong>ei</strong></span> <span class='ocrx_word' id='word_1_359' title='bbox 494 3577 540 3611; x_wconf 84' lang='lat' dir='ltr'><strong>ano</strong></span> <span class='ocrx_word' id='word_1_360' title='bbox 555 3565 661 3619; x_wconf 87' lang='lat' dir='ltr'><strong>nornine,</strong></span> <span class='ocrx_word' id='word_1_361' title='bbox 676 3563 757 3610; x_wconf 85' lang='lat' dir='ltr'><strong>dotem</strong></span> <span class='ocrx_word' id='word_1_362' title='bbox 771 3570 918 3625; x_wconf 84' lang='lat' dir='ltr'><strong>recepturo,</strong></span> <span class='ocrx_word' id='word_1_363' title='bbox 932 3570 961 3611; x_wconf 83' lang='lat' dir='ltr'><strong>nt</strong></span> <span class='ocrx_word' id='word_1_364' title='bbox 973 3565 1067 3612; x_wconf 85' lang='lat' dir='ltr'><strong>morito</strong></span> 
     </span>
     <span class='ocr_line' id='line_1_38' title="bbox 113 3631 1067 3697; baseline 0.002 -16"><span class='ocrx_word' id='word_1_365' title='bbox 113 3633 236 3690; x_wconf 84' lang='lat' dir='ltr'><strong>donaret,</strong></span> <span class='ocrx_word' id='word_1_366' title='bbox 251 3647 301 3682; x_wconf 86' lang='lat' dir='ltr'><strong>non</strong></span> <span class='ocrx_word' id='word_1_367' title='bbox 316 3633 390 3683; x_wconf 84' lang='lat' dir='ltr'><strong>uideo</strong></span> <span class='ocrx_word' id='word_1_368' title='bbox 405 3634 465 3696; x_wconf 81' lang='lat' dir='ltr'><strong>quin</strong></span> <span class='ocrx_word' id='word_1_369' title='bbox 481 3632 569 3680; x_wconf 81' lang='lat' dir='ltr'><strong>meriti</strong></span> <span class='ocrx_word' id='word_1_370' title='bbox 583 3634 639 3693; x_wconf 70' lang='lat' dir='ltr'><strong>slat.</strong></span> <span class='ocrx_word' id='word_1_371' title='bbox 659 3631 690 3680; x_wconf 84' lang='lat' dir='ltr'><strong>L.</strong></span> <span class='ocrx_word' id='word_1_372' title='bbox 705 3643 739 3681; x_wconf 79' lang='lat' dir='ltr'><strong>ee.</strong></span> <span class='ocrx_word' id='word_1_373' title='bbox 760 3631 790 3679; x_wconf 87' lang='lat' dir='ltr'><strong>D.</strong></span> <span class='ocrx_word' id='word_1_374' title='bbox 806 3633 838 3681; x_wconf 86' lang='lat' dir='ltr'><strong>de</strong></span> <span class='ocrx_word' id='word_1_375' title='bbox 852 3633 902 3679; x_wconf 76' lang='lat' dir='ltr'><strong>iar,</strong></span> <span class='ocrx_word' id='word_1_376' title='bbox 917 3632 969 3680; x_wconf 83' lang='lat' dir='ltr'><strong>dot.</strong></span> <span class='ocrx_word' id='word_1_377' title='bbox 984 3632 1029 3697; x_wconf 77' lang='lat' dir='ltr'><strong>(ne,</strong></span> <span class='ocrx_word' id='word_1_378' title='bbox 1043 3631 1067 3695; x_wconf 78' lang='lat' dir='ltr'><strong>t)</strong></span> 
     </span>
     <span class='ocr_line' id='line_1_39' title="bbox 108 3699 1066 3766; baseline -0.001 -15"><span class='ocrx_word' id='word_1_379' title='bbox 108 3717 222 3766; x_wconf 84' lang='lat' dir='ltr'><strong>prorene</strong></span> <span class='ocrx_word' id='word_1_380' title='bbox 236 3705 315 3751; x_wconf 82' lang='lat' dir='ltr'><strong>otium</strong></span> <span class='ocrx_word' id='word_1_381' title='bbox 329 3717 416 3752; x_wconf 85' lang='lat' dir='ltr'><strong>cneum</strong></span> <span class='ocrx_word' id='word_1_382' title='bbox 430 3708 532 3750; x_wconf 82' lang='lat' dir='ltr'><strong>tractui.</strong></span> <span class='ocrx_word' id='word_1_383' title='bbox 584 3699 606 3763; x_wconf 83' lang='lat'><strong>⁸)</strong></span> <span class='ocrx_word' id='word_1_384' title='bbox 622 3699 659 3763; x_wconf 78' lang='lat' dir='ltr'><strong>Cf.</strong></span> <span class='ocrx_word' id='word_1_385' title='bbox 675 3699 784 3748; x_wconf 85' lang='lat' dir='ltr'><strong>Hoenet.</strong></span> <span class='ocrx_word' id='word_1_386' title='bbox 798 3700 834 3749; x_wconf 83' lang='lat' dir='ltr'><strong>nd</strong></span> <span class='ocrx_word' id='word_1_387' title='bbox 847 3700 935 3749; x_wconf 87' lang='lat' dir='ltr'><strong>Herm.</strong></span> <span class='ocrx_word' id='word_1_388' title='bbox 952 3701 978 3750; x_wconf 82' lang='lat'><strong>0.</strong></span> <span class='ocrx_word' id='word_1_389' title='bbox 989 3717 1017 3763; x_wconf 85' lang='lat' dir='ltr'><strong>p.</strong></span> <span class='ocrx_word' id='word_1_390' title='bbox 1032 3713 1066 3750; x_wconf 80' lang='lat' dir='ltr'><strong>tt.</strong></span> 
     </span>
     <span class='ocr_line' id='line_1_40' title="bbox 113 3768 1066 3834; baseline -0.004 -14"><span class='ocrx_word' id='word_1_391' title='bbox 113 3773 196 3821; x_wconf 81' lang='lat' dir='ltr'><strong>Dore</strong></span> <span class='ocrx_word' id='word_1_392' title='bbox 211 3771 243 3820; x_wconf 84' lang='lat' dir='ltr'><strong>L.</strong></span> <span class='ocrx_word' id='word_1_393' title='bbox 258 3783 292 3823; x_wconf 79' lang='lat' dir='ltr'><strong>et.</strong></span> <span class='ocrx_word' id='word_1_394' title='bbox 307 3775 330 3834; x_wconf 67' lang='grc' dir='ltr'><strong>ξ.</strong></span> <span class='ocrx_word' id='word_1_395' title='bbox 345 3785 365 3824; x_wconf 83' lang='lat' dir='ltr'><strong>e.</strong></span> <span class='ocrx_word' id='word_1_396' title='bbox 386 3772 739 3834; x_wconf 72' lang='lat' dir='ltr'><strong>1).detep.a.§§.rar.rer.</strong></span> <span class='ocrx_word' id='word_1_397' title='bbox 768 3768 815 3818; x_wconf 75' lang='lat' dir='ltr'><strong>dtr.</strong></span> <span class='ocrx_word' id='word_1_398' title='bbox 833 3770 858 3819; x_wconf 79' lang='grc' dir='ltr'><strong>θ.</strong></span> <span class='ocrx_word' id='word_1_399' title='bbox 874 3771 991 3832; x_wconf 78' lang='lat' dir='ltr'><strong>deinoff.</strong></span> <span class='ocrx_word' id='word_1_400' title='bbox 1006 3771 1066 3817; x_wconf 83' lang='lat' dir='ltr'><strong>don.</strong></span> 
     </span>
     <span class='ocr_line' id='line_1_41' title="bbox 112 3837 1067 3906; baseline -0.005 -15"><span class='ocrx_word' id='word_1_401' title='bbox 112 3844 144 3904; x_wconf 79' lang='lat'><strong>(³,</strong></span> <span class='ocrx_word' id='word_1_402' title='bbox 159 3841 203 3906; x_wconf 69' lang='lat' dir='ltr'><strong>ee).</strong></span> <span class='ocrx_word' id='word_1_403' title='bbox 268 3839 335 3906; x_wconf 76' lang='lat' dir='ltr'><strong>⁹)In</strong></span> <span class='ocrx_word' id='word_1_404' title='bbox 350 3840 441 3905; x_wconf 80' lang='lat' dir='ltr'><strong>quibus</strong></span> <span class='ocrx_word' id='word_1_405' title='bbox 457 3839 570 3889; x_wconf 81' lang='lat' dir='ltr'><strong>Caecilio</strong></span> <span class='ocrx_word' id='word_1_406' title='bbox 585 3841 742 3905; x_wconf 73' lang='lat' dir='ltr'><strong>Anopre&#39;uno</strong></span> <span class='ocrx_word' id='word_1_407' title='bbox 757 3840 858 3888; x_wconf 83' lang='lat' dir='ltr'><strong>uidetur</strong></span> <span class='ocrx_word' id='word_1_408' title='bbox 873 3840 971 3901; x_wconf 53' lang='lat' dir='ltr'><strong>sudosa·</strong></span> <span class='ocrx_word' id='word_1_409' title='bbox 989 3837 1024 3899; x_wconf 79' lang='lat' dir='ltr'><strong>cs.</strong></span> <span class='ocrx_word' id='word_1_410' title='bbox 1044 3853 1067 3887; x_wconf 86' lang='lat' dir='ltr'><strong>o.</strong></span> 
     </span>
     <span class='ocr_line' id='line_1_42' title="bbox 113 3911 277 3961; baseline -0.006 -1"><span class='ocrx_word' id='word_1_411' title='bbox 113 3925 184 3960; x_wconf 90' lang='lat' dir='ltr'><strong>unam</strong></span> <span class='ocrx_word' id='word_1_412' title='bbox 198 3911 277 3961; x_wconf 85' lang='lat' dir='ltr'><strong>tiliam.</strong></span> 
     </span>
    </p>
   </div>
   <div class='ocr_carea' id='block_1_6' title="bbox 0 0 1202 4386">
    <p class='ocr_par' dir='ltr' id='par_1_8' title="bbox 0 0 1202 4386">
     <span class='ocr_line' id='line_1_43' title="bbox 0 0 1202 4386; baseline 0 0"><span class='ocrx_word' id='word_1_413' title='bbox 0 0 1202 4386; x_wconf 95' lang='lat' dir='ltr'><strong> </strong></span> 
     </span>
    </p>
   </div>
  </div>
 </body>
</html>
