2378 4386
169 568 232 626 126
513 571 644 609 usumve
663 572 779 608 ssnrrsvs.

167 732 209 745 -
224 654 381 852 Gellffll.
398 697 425 768 S.
441 696 471 754 8.
489 695 529 752 Ci.
546 695 660 752 Macroh.
677 695 732 754 Sat.
749 695 776 765 3,
793 694 822 751 3.
842 694 933 768 (supra
947 697 976 750 in
991 695 1050 751 Ser.
1067 695 1128 752 Sul·

168 785 239 859 picio
256 783 272 838 l
298 821 327 837 ..

520 911 776 970 liemorialium.

229 1027 272 1087 14.
296 1028 350 1086 Sed
365 1028 480 1085 Sabinus
495 1028 627 1084 Masurius
642 1030 669 1083 in
686 1030 771 1102 primo
787 1029 993 1100 memorialium,
1015 1040 1128 1089 secutus

167 1114 298 1189 quosdam
314 1114 442 1169 historiae
456 1114 615 1186 scriptores,
638 1116 733 1169 domm
749 1112 898 1169 Larentiam
919 1114 1025 1170 Romuli
1040 1118 1127 1171 nutri·

167 1214 225 1254 cem
247 1197 331 1253 luisse
353 1196 439 1251 dicit·
459 1194 530 1268 ‘lla’,
545 1198 643 1271 lnquit,
659 1193 770 1253 ‘mulier
784 1213 817 1253 ex
836 1197 977 1254 duodecim
994 1198 1055 1254 fillis
1073 1215 1128 1254 ma·

165 1282 240 1337 rihus
255 1296 338 1337 unum
353 1288 442 1336 morte
452 1282 548 1336 amisit.
586 1280 614 1335 ln
629 1280 701 1337 illius
716 1280 806 1337 locum
822 1280 951 1338 Romulus
967 1285 1051 1338 Accae
1066 1298 1128 1338 sese

166 1364 250 1422 lilium
272 1364 346 1420 dedit
368 1380 452 1437 seque
474 1373 502 1420 et
523 1373 629 1420 eeteros
645 1365 702 1419 eius
719 1362 788 1419 filios
804 1365 899 1421 iratres
915 1366 1018 1421 aruales
1034 1365 1126 1437 appel-

169 1449 247 1507 lauit.
275 1447 314 1504 Ex
334 1464 367 1504 eo
387 1455 511 1520 tempore
526 1447 672 1520 collegium
687 1450 785 1503 mansit
800 1448 914 1504 fratrum
929 1449 1060 1505 arualium
1076 1465 1125 1503 nu-

166 1551 242 1591 mero
265 1532 417 1602 duodecim,
439 1533 515 1587 euius
537 1532 680 1587 sacerdotii
702 1532 807 1605 insigne
823 1541 866 1588 est
880 1535 969 1606 spicea
983 1547 1084 1587 corona
1098 1539 1126 1586 et

168 1618 242 1675 albae
259 1615 381 1672 iululae’.
396 1645 438 1654 —
453 1614 520 1670 Geli.
538 1613 556 1670 7
574 1612 623 1689 (6),
641 1615 669 1672 7.
686 1615 714 1686 S.
731 1615 758 1672 8.

228 1696 267 1756 lo.
292 1699 377 1755 Huius
399 1692 568 1754 'commenti¹
593 1697 642 1768 (se.
659 1697 782 1753 Herculis
798 1699 911 1755 Victoris
927 1698 1002 1769 dicti)
1020 1713 1126 1754 causam

166 1783 299 1840 Masurius
321 1782 435 1838 Sabinus
461 1780 645 1837 memoralium
673 1781 742 1836 libro
764 1782 884 1837 secundo
907 1782 985 1838 aliter
1006 1783 1126 1856 exponit.

168 1867 308 1937 ‘dascusa
330 1867 428 1938 inquit,
451 1862 589 1920 ‘Octauius
605 1864 755 1920 Herennius
770 1866 854 1937 prima
870 1864 1051 1920 ‘adolescentia
1067 1864 1127 1921 tihi·

167 1968 228 2022 een,
250 1957 394 2023 postquam
410 1949 474 2003 artis
489 1947 600 2002 distisus
615 1963 679 2002 suae
694 1955 747 2014 est,
762 1948 880 2001 instituit
896 1958 1084 2016 mercaturam,
1100 1957 1128 2002 et

166 2034 234 2090 bene
253 2050 284 2088 re
303 2040 383 2105 gesta
403 2030 532 2087 decimam
548 2029 655 2086 Herculi
671 2030 831 2103 prolonauit.
862 2028 959 2085 Postea
975 2045 1034 2085 cum
1051 2033 1126 2085 naui-

167 2132 235 2192 gans
251 2116 303 2172 hoc
317 2116 388 2171 idem
403 2123 507 2188 ageret,
523 2130 537 2169 a
552 2112 734 2186 praedonibus
749 2113 960 2185 circumuentus,
979 2114 1126 2169 fortissime
1133 2116 1177 2165 [61]

166 2200 330 2275 repugneuit
345 2206 372 2254 et
387 2200 475 2254 uictor
490 2199 610 2253 recessit.
639 2196 716 2252 llunc
729 2198 757 2252 in
774 2198 874 2252 somnis
888 2196 1126 2267 herculesdocuit,

165 2301 215 2341 sua
238 2298 319 2356 opera
340 2289 486 2337 seruatum.
519 2280 568 2336 Cui
582 2280 707 2336 Octauius
726 2282 870 2353 impetrato
890 2296 904 2335 a
927 2280 1127 2354 magistratibus

166 2367 228 2424 loco
243 2366 336 2421 aedem
352 2366 467 2419 sacrauit
481 2372 509 2420 et
524 2366 643 2438 signum,
658 2364 848 2435 victoremque
864 2364 960 2420 litteris
976 2366 1066 2422 incisis
1082 2383 1128 2438 ap·

165 2449 286 2523 pellauit.
314 2448 391 2504 lledit
406 2464 472 2520 ergo
489 2448 629 2521 epitheton
643 2447 706 2518 deo,
728 2464 783 2520 quo
804 2456 831 2503 et
846 2457 1036 2521 argumentum
1053 2458 1126 2504 uete-

165 2548 226 2589 rum
248 2533 422 2588 uletorlarum
444 2531 567 2588 Herculis
589 2540 617 2588 et
638 2533 857 2588 commemoratio
880 2548 967 2588 nouae
988 2533 1126 2602 historiae,

166 2632 235 2690 quae
255 2617 359 2672 recenti
378 2614 499 2672 llomano
523 2632 599 2672 sacro
620 2631 726 2671 causam
749 2615 834 2684 dedit,
857 2615 1064 2673 contineretur'.
1085 2645 1127 2657 —-

166 2698 284 2759 llacroh.
299 2698 355 2756 Sat.
372 2698 402 2771 3,
419 2699 447 2756 6.
463 2699 492 2771 S.
511 2700 559 2758 11.

227 2779 267 2841 lt.
296 2783 363 2840 item
383 2782 454 2839 aliud
474 2782 558 2839 relert
572 2781 687 2839 Sabinus
702 2781 833 2837 hlasurius
854 2784 881 2838 ln
897 2785 1011 2856 septimo
1026 2799 1127 2838 memo·

166 2868 226 2924 riali
241 2883 336 2924 seuere
351 2867 461 2923 iactum.
492 2864 659 2936 ‘Censores'‚
675 2866 775 2937 iuquit,
792 2864 914 2922 ‘Publius
931 2867 1020 2940 Scipio
1035 2865 1127 2921 Nasica

166 2959 195 3007 et
210 2949 312 3006 llarcus
323 2944 457 3023 Popilius²
472 2965 533 3006 cum
545 2949 667 3021 equitum
677 2964 787 3004 censum
800 2958 921 3022 agerent,
936 2967 1036 3023 equum
1048 2952 1126 3004 nimis

165 3035 315 3106 strigosum
337 3041 365 3088 et
386 3034 455 3089 male
478 3032 607 3103 habitum,
630 3032 677 3087 sed
699 3034 819 3105 equitem
841 3035 898 3088 eius
919 3035 1083 3089 uberrimum
1099 3041 1128 3087 et

166 3115 362 3174 habitissimum
379 3117 517 3185 uiderunt,
534 3126 562 3172 et
573 3113 683 3186 “eur’',
701 3116 836 3188 inquiunt,
851 3116 913 3171 “ita
925 3126 976 3187 est,
989 3124 1019 3171 ut
1035 3124 1065 3171 tu
1081 3117 1127 3186 sis,

167 3217 246 3276 quam
268 3217 354 3274 equus
376 3198 540 3256 curatior’'i
569 3196 760 3269 “Quoniam”‚
783 3201 881 3272 inquit,
897 3196 974 3273 “ego
991 3216 1032 3255 mc
1049 3216 1127 3271 curo,

166 3301 265 3358 equum
277 3284 378 3340 Statius
393 3283 469 3340 nihili
484 3282 614 3342 seruos’'.
644 3283 734 3338 Visum
755 3291 798 3337 cst
813 3299 906 3355 parum
923 3299 984 3338 esse
997 3299 1126 3339 reuerens

166 3384 325 3441 responsum
348 3367 504 3440 relatusque
527 3369 555 3424 in
577 3369 705 3439 aerarios,
728 3373 760 3421 ut
780 3383 839 3422 mos
862 3365 927 3422 est'.
950 3398 991 3407 -
1012 3365 1081 3423 Geli.
1096 3365 1126 3437 4,

229 3528 269 3588 17.
293 3533 424 3589 Masurius
439 3543 530 3590 autem
546 3533 659 3590 Sabinus
681 3535 708 3588 iu
724 3533 864 3589 undecimo
881 3533 1011 3590 librorum
1027 3550 1129 3590 memo·

166 3616 274 3673 rialium
297 3617 406 3671 ciuicam
430 3633 558 3673 coronam
581 3625 638 3673 tum
661 3616 719 3672 dari
734 3615 840 3672 solitam
856 3617 931 3686 dicit,
953 3635 1013 3674 eum
1029 3619 1061 3682 is,
1084 3620 1130 3690 qui

168 3702 256 3758 ciuem
284 3707 453 3769 seruauerat,
481 3698 577 3756 eodem
604 3711 726 3773 tempore
754 3700 833 3755 etiam
861 3700 967 3756 hostem
995 3701 1130 3758 occiderat

243 3876 264 3946 ¹)
278 3878 426 3941 cognomenti
441 3877 518 3928 Solu.
534 3881 566 3942 qi.
577 3877 711 3942 probabili
770 3875 792 3942 ¹)
806 3893 831 3927 o.
851 3897 874 3928 u.
890 3891 937 3932 not.
