2378 4386
228 511 332 548 nourrn
350 511 457 547 scruas
474 495 508 562 (i)
527 510 624 547 rmus.
642 512 677 547 ns
695 511 757 547 ivus
775 510 852 548 ritca.
950 493 1011 557 641

65 635 139 699 scit.¹
157 650 162 706 ι
178 640 274 714 quodsi
289 640 350 714 plus
365 642 476 697 semisse
489 639 594 704 Caeisar
607 642 718 715 accepit,
741 642 769 696 iu
784 639 821 714 id,
844 640 917 715 quod
930 639 992 715 pius
1008 643 1014 707 Ι

66 734 118 797 est,
134 727 211 781 etiam
227 725 331 781 Caesari
347 723 486 781 adcrescit.
506 729 510 788 i

112 805 172 866 ⁸12.
195 808 319 865 Libertae
331 807 460 878 Caesaris,
476 818 529 864 tam
542 815 546 871 Ι
560 810 767 865 manumissione
783 822 861 881 quam
876 807 1015 866 ‘beneficio
1025 827 1051 869 ts

66 886 285 949 contiunctionis²
307 892 427 963 eiicctae,
444 907 448 952 i
465 893 487 946 si
511 900 623 947 testatae
638 892 779 959 decedant,
796 896 800 958 Ι
817 892 971 966 dimidium,
993 895 1016 949 si

65 979 232 1046 intestaitae,
256 985 342 1033 totum
358 973 423 1032 fisco
440 968 624 1035 uiniciicatur.³
666 991 729 1030 sane
745 977 829 1047 patris
845 986 873 1032 et
888 982 893 1044 Ι
910 979 1016 1051 patroni
1026 996 1052 1035 so

68 1062 218 1134 ignorantis
236 1067 241 1128 i
257 1061 298 1115 ius
314 1075 369 1114 non
384 1052 550 1121 minuitur.⁴i

10 1150 55 1197 54³1
129 1141 173 1200 is.
196 1143 297 1199 ducilis
313 1143 444 1211 Caesaris,
467 1157 535 1212 quae
549 1143 569 1198 ir
584 1141 693 1201 litberos
709 1140 848 1213 habuerit,
870 1145 897 1199 iu
915 1151 1122 1205 anime-secoli).

66 1247 129 1284 rum
143 1221 333 1284 tiberim-ami
563 1242 588 1280 v.
605 1224 696 1281 2—6.
928 1220 956 1283 Ι6

129 1307 187 1370 13·.
212 1305 322 1366 ⁷Latini
334 1310 468 1366 Caesaris
482 1310 578 1364 liberti
591 1324 766 1380 quanquam,
783 1307 789 1374 Ι
804 1325 867 1365 cum
883 1309 1018 1366 decedant

66 1403 98 1451 ut
108 1398 197 1464 serui,
208 1404 313 1450 sotrum
322 1392 391 1446 bona
401 1396 473 1463 fisco
484 1390 673 1459 atiritdicantur,
685 1400 777 1447 tamen
787 1408 826 1448 ex
836 1396 1016 1457 contractus!

67 1495 146 1535 eausa
169 1476 235 1532 fisco
257 1477 405 1547 acquirere
427 1489 462 1530 ea
480 1476 484 1536 Ι
501 1467 642 1547 'propter8
664 1489 717 1531 non
740 1484 856 1548 possunt
878 1479 931 1532 uisi
949 1491 1017 1548 poe·

67 1579 142 1623 naar,
160 1575 238 1631 quam
254 1561 355 1630 alileno
366 1559 480 1630 priuato
492 1565 636 1614 contractu
649 1558 717 1615 inito
734 1562 738 1628 Ι
754 1561 826 1615 iuter
839 1575 870 1616 se
885 1563 956 1632 fisco
970 1562 1018 1616 sti·

67 1642 226 1717 pulsatori

129 1723 174 1783 14.
203 1718 324 1782 ⁹iiorum
347 1724 495 1797 bonorum,
522 1740 597 1799 quae
620 1732 625 1789 Ι
648 1728 683 1783 ad
703 1725 798 1783 fiscum
820 1729 956 1800 pertinere
979 1728 1053 1783 dits

67 1820 184 1882 cunttur,
199 1813 225 1866 si
238 1813 424 1866 controuersia
438 1819 590 1882 moueatur,
614 1808 619 1880 Ι
642 1818 704 1867 aitte
724 1813 883 1867 senteutiam
906 1827 956 1867 nec
971 1811 1018 1868 ob·

67 1893 183 1968 siginari
196 1909 249 1951 nec
263 1892 378 1950 describi
394 1903 439 1950 aut
454 1895 627 1967 inicorporari
642 1904 768 1967 possunt.
797 1894 866 1951 idem
882 1902 1055 1958 seriuatur20

66 1972 133 2034 'et¹⁰
154 1994 214 2034 sum
230 1995 244 2032 a
260 1979 392 2035 sententia
408 1980 566 2051 prouocatio
581 1979 773 2051 interponitur.
791 1982 796 2046 Ι
1048 1976 1051 1980 ’

142 2154 161 2222 ¹)
176 2155 313 2221 Singulari
331 2156 400 2211 eius,
420 2162 447 2204 ut
461 2157 566 2218 opinor,
585 2158 650 2205 iure.
681 2156 718 2219 Cf.
735 2157 798 2222 Lea.
815 2155 885 2206 Ram.
900 2155 982 2221 Bura.
997 2168 1017 2208 s.

69 2226 128 2291 ibiq.
144 2226 225 2275 Baria.
250 2225 315 2275 Nam
326 2227 446 2288 priuatus
456 2233 584 2288 patronus
593 2242 649 2275 curn
660 2242 711 2289 per
721 2228 803 2289 filiam
813 2226 899 2276 liberti
913 2227 1021 2277 minoris

69 2299 217 2346 centenaria
231 2295 263 2345 ab
277 2296 420 2345 hereditate
433 2298 489 2345 eius
502 2296 698 2353 excluderetur,
713 2312 793 2347 causa
811 2313 862 2347 nan
880 2305 951 2356 erat,
972 2313 1020 2348 cur

66 2369 123 2431 fllia
135 2368 280 2430 praeterita
294 2382 344 2416 non
359 2373 384 2416 el
397 2368 449 2428 ipsi
458 2374 560 2429 partem
574 2367 728 2415 detruderet.
759 2368 797 2430 Cf.
811 2367 867 2416 Gai.
878 2379 899 2426 s,
910 2381 956 2419 ist.
981 2368 1020 2417 De

68 2439 171 2487 semisse
192 2437 312 2486 Caesaris
330 2437 364 2498 cs.
383 2434 452 2485 Suet.
472 2439 489 2488 ι,
509 2453 531 2486 c.
597 2433 618 2502 ἵ)
640 2437 824 2500 Interpretatia
845 2453 896 2486 non
915 2446 965 2487 tarn
985 2454 1020 2487 ea

72 2507 153 2557 Tacit.
168 2506 201 2556 Α.
216 2518 249 2564 ts,
264 2519 297 2558 ts.
313 2513 337 2555 ei
352 2506 462 2564 Paule,
477 2508 540 2568 iu}
563 2519 592 2564 s,
607 2522 681 2570 quam
694 2522 729 2555 esc
743 2507 774 2554 L.
789 2519 809 2557 s.
828 2507 872 2555 aa.
889 2507 914 2555 C.
926 2509 962 2556 ad
970 2507 1018 2556 SC.

71 2578 159 2626 Claud.
175 2576 210 2641 (t,
226 2576 261 2641 tt)
272 2577 398 2640 petenda:
416 2578 483 2626 unde
501 2578 632 2633 docemur,
651 2579 800 2640 ingenuam,
819 2592 883 2639 quae
900 2577 1019 2626 Caesaris

68 2663 142 2698 seruo
161 2663 189 2697 se
209 2650 344 2703 iunxerat,
365 2647 441 2695 etiam
460 2649 590 2711 ignorant,
612 2649 717 2710 antiqua
739 2649 795 2695 iure
815 2661 915 2708 semper
934 2646 1020 2711 (quasi

69 2720 242 2768 consentiente
262 2716 302 2783 eo)
323 2717 439 2766 libertam
459 2720 514 2766 eius
535 2717 650 2778 effectam
671 2730 733 2764 esse.
757 2731 838 2779 quare
859 2718 935 2764 etiam
955 2732 1019 2779 pro-

69 2788 155 2837 banda
169 2795 207 2837 est
221 2787 270 2836 Kr.
285 2790 333 2850 ci:
351 2797 398 2836 tam
418 2788 609 2854 manumissionis
628 2787 744 2834 beneiicio
758 2800 828 2848 quam
843 2788 1017 2835 coniunctione.

72 2854 92 2922 ⁸)
107 2857 166 2907 Hac
180 2874 277 2921 quoque
286 2860 417 2922 sin9u1ari
427 2859 491 2906 iure.
517 2857 581 2905 Nam
591 2872 626 2905 eae
639 2859 694 2921 leae
704 2856 790 2919 Papia
801 2858 902 2918 priuati
911 2861 1019 2919 patroni

69 2927 163 2977 liberta
176 2936 297 2992 quattuor
315 2929 454 2977 liberorum
467 2930 524 2976 iure
540 2929 682 2976 testamenti
697 2928 837 2989 factionem
853 2927 1018 2977 nancisceba-

70 3006 121 3056 tur,
136 3000 173 3047 ita
188 3006 215 3047 ut
229 3000 313 3047 uirilis
324 3013 389 3061 pars
400 3013 451 3062 pro
466 3013 570 3047 numero
579 2997 717 3046 liberorum
730 2998 895 3059 superstitum
906 3005 1019 3060 pomona
1028 3002 1056 3051 0

69 3069 213 3119 deberetur.
238 3069 294 3118 Gai.
309 3081 330 3130 s,
344 3081 378 3119 ιι.
411 3069 481 3118 Unde
498 3070 630 3130 suspicor,
651 3068 771 3117 Caesaris
785 3066 925 3116 libertabus
944 3071 1020 3117 etiam

69 3142 125 3189 sine
139 3139 279 3189 liberarum
293 3142 350 3188 iure
364 3141 456 3189 testari
469 3141 586 3200 licuisse,
608 3146 635 3187 ut
649 3146 732 3187 tanuen
746 3137 884 3187 liberarum
899 3141 940 3187 ius
954 3140 1020 3188 nibil

70 3211 97 3258 in
114 3210 234 3260 Caesaris
249 3212 356 3273 patroni
370 3211 427 3258 iure
441 3217 557 3258 mutaret.
623 3207 644 3274 ⁴)
661 3209 698 3271 Cf.
715 3208 790 3258 Paul.
805 3219 826 3266 s,
840 3211 888 3259 21⁸.
908 3211 947 3271 ἐξ.
963 3221 983 3260 ι.
998 3223 1018 3262 s.

71 3277 92 3343 5)
116 3280 175 3328 Vid.
196 3280 323 3330 Columell.
342 3281 374 3329 de
388 3297 410 3329 r.
426 3296 449 3330 r.
469 3293 493 3342 1,
507 3292 528 3330 s.
547 3281 571 3340 §-
586 3292 619 3330 ts.
638 3286 708 3329 recte
725 3295 742 3328 α
762 3279 886 3343 Rudorfio
906 3283 1018 3332 allatum.

69 3349 208 3413 Suspicari
222 3352 289 3407 licei,
304 3353 415 3414 quinque
429 3350 518 3399 liberis
530 3350 649 3399 Caesaris
663 3352 773 3400 ancilias
787 3352 883 3400 similia
898 3353 959 3400 iura
973 3351 1019 3400 ad·

69 3429 142 3483 eptas
151 3436 214 3477 esse,
224 3428 300 3484 atque
310 3428 431 3484 quattuor
440 3420 529 3469 liberis
538 3436 553 3468 a
565 3422 678 3482 priuatis
687 3423 863 3472 manumissae.
906 3417 928 3486 ⁶)
938 3421 969 3469 In
979 3422 1020 3471 dis

69 3491 185 3541 uersibus
199 3492 262 3541 baec
277 3493 392 3554 paucula
407 3498 503 3538 tantum
518 3493 583 3539 lecta
597 3498 670 3539 sunt:
688 3490 774 3554 (s)=t1=t1
785 3506 851 3542 n....
867 3489 900 3556 (t)
911 3507 1018 3544 caes...

69 3559 102 3625 (5)
117 3575 281 3612 sorem...
302 3560 335 3626 (a)
353 3561 609 3611 similinus...
671 3557 691 3621 τ)
706 3560 792 3609 Huius
805 3562 833 3622 §i
846 3563 1019 3612 restituendae

69 3646 104 3680 ec
119 3629 176 3681 Cf&
192 3634 337 3694 periculum
349 3632 412 3695 feci,
427 3646 482 3678 curn
496 3630 553 3678 edd.
569 3641 589 3680 1.
604 3640 624 3679 ι,
639 3636 754 3678 extrema
764 3638 869 3692 tantum,
883 3632 915 3680 de
930 3631 1020 3695 quibus

69 3702 104 3763 cs.
120 3703 151 3750 L.
168 3715 178 3752 1
189 3717 233 3764 pr.
254 3702 285 3750 D.
301 3703 333 3752 de
347 3704 404 3750 iure
415 3702 474 3763 fisci
488 3698 532 3764 (to,
548 3697 592 3764 tt),
606 3714 686 3763 eaque
699 3701 782 3749 minus
795 3709 865 3750 recte
879 3704 1019 3764 suppleuis·
1079 3704 1085 3716 ⁸

68 3787 127 3821 sem.
166 3770 187 3836 ⁸)
198 3772 264 3822 Nota
275 3780 316 3836 ppt
329 3773 453 3834 scriptum
465 3771 548 3833 fuisse
560 3771 644 3830 posui.
670 3769 724 3819 Pro
735 3785 786 3834 acq.
798 3772 825 3820 in
837 3769 893 3820 01'.
908 3779 946 3820 est
955 3786 1019 3834 aea.

70 3838 91 3904 ⁹)
113 3842 171 3890 Vici.
182 3845 297 3905 praefat.
352 3839 384 3906 ¹⁰)
397 3856 432 3889 ex
447 3837 504 3888 Cir.
523 3839 621 3888 addidi.

126 3934 227 3965 IVBISPB.
241 3933 324 3966 Attuli,
336 3933 387 3962 tstln
403 3931 442 3959 11>-
472 3930 493 3960 V.
778 3915 810 3961 41
