2378 4386
171 517 236 582 304
470 532 532 569 em
549 532 650 569 ntsrnr.
668 512 718 568 ΙΙΙ.
737 519 846 570 76-79.

172 693 230 733 rein
245 675 400 732 testamenti
416 674 533 732 faciundi
547 676 589 730 ius
605 673 764 731 concedere.
793 669 841 730 ti.
859 673 957 730 Eorum
973 691 1040 730 uero
1056 672 1138 747 bons,

171 762 234 833 qui,
254 760 279 815 si
299 775 354 815 non
375 761 403 815 in
424 759 516 831 siiquo
539 760 606 815 uitio
631 766 738 830 essent,
762 759 918 814 manumissi
945 759 1030 815 iuturi
1050 757 1139 817 Latini

172 851 274 913 essent,
297 843 412 917 proinde
429 843 588 900 tribuuntur
602 844 734 916 petronis,
757 860 787 899 sc
802 843 825 897 si
840 843 925 898 Latini
941 843 1136 900 decessissent:

172 944 224 985 nec
238 945 281 984 me
295 930 446 1001 praeterit,
465 929 602 985 nonsatis
618 928 645 983 in
661 943 692 983 ee
707 943 736 982 re
751 926 821 1001 legis
837 927 951 983 latorem
968 927 1136 985 uoluntatem

173 1029 248 1069 suern
264 1011 355 1068 uerbis
371 1015 548 1086 expressisse.

236 1092 281 1156 77.
304 1096 447 1153 Videamus
463 1106 553 1153 eutem
570 1105 597 1153 et
618 1095 651 1152 de
667 1111 698 1151 ea
713 1097 900 1165 successione,
923 1112 996 1168 quae
1011 1098 1089 1154 nobis
1105 1115 1139 1155 ex

173 1183 311 1255 emptione
332 1180 465 1238 bonorum
491 1183 630 1255 competit.
671 1177 717 1238 78.
741 1180 812 1236 Boua
834 1189 923 1236 eutem
947 1192 1068 1238 ueneunt
1090 1190 1137 1238 aut

174 1269 300 1323 uiuorum
317 1274 558 1322 autmortuorum:
583 1266 717 1334 uiuorum,
741 1264 818 1321 uelut
834 1281 938 1333 eorum,
963 1269 1010 1338 qui
1031 1266 1137 1323 frauda·

172 1352 254 1408 tionis
276 1366 355 1407 causa
375 1350 482 1407 lutitant
502 1366 552 1406 nec
572 1348 697 1405 absentes
718 1348 917 1418 defenduntur3
943 1352 1008 1406 item
1029 1368 1136 1420 eorum,

173 1437 220 1510 qui
236 1451 268 1491 ex
284 1435 344 1508 iege
361 1434 424 1491 iulia
440 1437 518 1492 bonis
534 1433 651 1508 cedunt,
667 1435 732 1490 item
747 1434 927 1490 iudicatorum
940 1444 1003 1507 post
1019 1445 1137 1510 ternpus,

172 1520 244 1596 quod
262 1521 300 1575 eis
315 1520 413 1593 partim
425 1520 487 1594 lege
500 1536 547 1576 ιιι
559 1518 708 1574 tabularum
726 1520 824 1592 partim
845 1517 934 1575 edicto
954 1522 1087 1591 praetoris
1105 1519 1137 1575 ad

171 1603 365 1679 expediendam
385 1605 526 1679 pecuniam
549 1602 687 1659 tribuitur.
725 1612 895 1660 mortuorum
915 1602 983 1659 bona
1005 1613 1137 1677 ueneunt,

173 1688 250 1745 uelut
264 1704 370 1759 eorum,
386 1689 484 1763 quibus
500 1697 604 1744 certum
620 1697 666 1768 est
674 1703 762 1760 neque
774 1686 888 1744 bereuies
901 1705 989 1761 tneque
1001 1688 1136 1745 bonorum

107 1780 163 1833 148.
173 1789 348 1848 possessores
364 1789 452 1846 neque
468 1772 553 1828 ulium
567 1771 649 1827 etium
669 1767 673 1845 Ι
693 1773 794 1829 iustum
809 1789 996 1829 successorem
1011 1775 1136 1830 existere.

171 1853 220 1916 79.
236 1854 300 1932 (Et)
313 1859 337 1912 si
348 1856 456 1931 quidem
473 1858 529 1911 uiui
541 1855 612 1912 bona
623 1866 747 1927 ueneant,
766 1860 842 1915 iubet
854 1873 886 1911 ea
898 1867 1008 1930 praetor
1020 1874 1068 1931 per
1080 1858 1139 1914 dies

173 1944 319 2000 continuos
339 1960 403 1998 xxx
424 1940 558 2015 possideri
578 1949 608 1997 et
627 1941 768 2014 proscribi,
792 1944 815 1997 si
832 1956 898 1996 uero
921 1944 1032 2013 mortui,
1054 1935 1134 2015 ’per¹
1147 1949 1179 2001 [ἢ

173 2027 232 2083 dies
246 2043 304 2096 xv;
325 2033 420 2099 postea
438 2024 515 2082 iubet
535 2027 682 2083 conuenire
703 2027 851 2083 creditores
872 2034 899 2080 et
915 2041 946 2079 en
968 2042 1000 2080 eo
1022 2043 1137 2082 numero

174 2113 335 2185 magistrum
351 2112 444 2180 creari,
465 2109 492 2165 id
508 2119 550 2165 est
565 2127 635 2175 euin,
654 2127 703 2185 per
720 2127 798 2185 quern
814 2108 883 2164 bons
899 2119 1028 2165 uencent:
1044 2112 1138 2182 itaque

174 2198 197 2252 si
212 2198 271 2253 uiui
285 2195 355 2251 bona
371 2204 496 2265 ueueaut,
515 2194 552 2251 'in
567 2195 663 2252 dicbus
678 2191 718 2272 (Χ
727 2199 817 2268 iepem
838 2192 976 2250 bonorum
1010 2195 1136 2250 uenden-

179 2282 278 2336 aarum
299 2271 383 2356 fieiri²
399 2280 490 2352 iubet,
506 2282 528 2335 si
544 2283 654 2352 mortui,
677 2282 703 2336 in
718 2278 822 2336 'diebus
840 2271 887 2332 7³.
917 2272 977 2353 (dic
1007 2272 1138 2335 ῑιιιιιὶειιι4

246 2416 265 2482 ¹)
281 2420 326 2470 Eae
346 2421 436 2472 Gb'scb·
457 2426 489 2487 ci.
506 2440 574 2474 nunc
594 2427 670 2473 etiarn
688 2424 727 2472 ed.
742 2420 815 2472 Stoa.
835 2428 891 2486 post
911 2421 935 2471 0.
957 2428 1059 2471 ceierae
1078 2421 1136 2471 eda.

173 2486 195 2558 ¹)
210 2491 255 2540 Ex
269 2509 323 2543 mea
339 2497 371 2558 φ’.
386 2490 524 2560 (‘Nexum’
537 2511 565 2559 p.
580 2494 630 2559 tis)
644 2496 756 2543 restitui.
788 2492 841 2542 Nec
856 2499 923 2541 maio
937 2494 1089 2541 sententiaro
1102 2507 1137 2541 ex

177 2559 235 2623 11³2,
254 2565 282 2613 in
301 2580 350 2629 quo
369 2563 510 2631 (referente
524 2568 576 2615 iam
590 2564 713 2629 Kritpero
728 2564 790 2613 ierit.
811 2563 944 2613 Versocbe
954 2580 982 2627 p.
999 2563 1047 2627 lit)
1062 2570 1099 2612 est
1113 2564 1137 2611 iu

172 2635 273 2685 diebusn
289 2637 349 2694 ueri,
364 2638 433 2699 qaod
447 2639 605 2700 interpretor
621 2638 660 2686 uei
674 2637 781 2700 corripe
800 2636 824 2684 in
845 2635 908 2684 dieb.
923 2634 958 2699 (n.
974 2636 988 2683 Ι.
1005 2633 1039 2699 b.)
1056 2634 1138 2683 uberi

171 2728 206 2750 =
219 2702 397 2771 ποιήσασθαι
411 2709 487 2770 legem
500 2708 616 2756 bonorum
631 2707 809 2757 vendendorum
828 2705 952 2769 Pheopi,
972 2720 1021 2770 quo
1037 2707 1137 2754 iniuria

168 2778 348 2843 iioccibabito‚
369 2778 478 2844 Kritper
496 2778 578 2828 scribi
595 2781 650 2828 vuit
668 2781 691 2827 in
711 2778 796 2826 diebus
810 2792 828 2826 x
845 2778 962 2826 bonarum
976 2776 1137 2825 venditionem

171 2849 231 2900 sseri.
260 2850 313 2899 Sed
330 2865 409 2915 aspre
426 2849 507 2898 Gaius
526 2850 632 2899 eandem
647 2865 699 2898 reni
716 2849 888 2898 diversimode
903 2849 1065 2913 significasse
1080 2861 1135 2896 cre·

170 2920 251 2980 ditur,
262 2922 374 2983 primum
389 2919 474 2968 verbis
489 2921 606 2969 bonorum
621 2920 780 2969 venditionem
797 2920 857 2981 sscri,
868 2926 961 2982 postea
975 2919 1036 2967 bona
1047 2917 1133 2966 adiici.

172 2986 194 3054 ³)
209 2991 232 3038 in
243 2989 341 3038 dimidio
352 2991 437 3039 diebus
453 2987 504 3038 Vns,
530 2990 609 3040 Omisi
618 3008 640 3041 u.
652 2990 759 3052 dimidio,
770 2991 841 3055 qaod
850 2992 896 3039 oix
908 2989 1034 3039 ticianum
1043 3003 1057 3037 e
1066 3002 1135 3036 mar-

168 3060 231 3125 pine
251 3061 392 3123 inrepsisse
411 3063 438 3109 in
457 3064 540 3125 ipsam
558 3065 701 3112 orationem
721 3062 837 3117 videtum
858 3077 888 3111 eo
907 3062 973 3111 enim
991 3064 1135 3116 corrector,

171 3138 199 3178 ut
216 3138 293 3192 puto,
312 3134 447 3181 nonsatis
465 3133 730 3183 itabens'adscribere
750 3148 777 3194 u,
798 3148 863 3196 quae
883 3139 942 3182 nota
962 3130 1034 3178 uarie
1049 3129 1136 3192 accipi

166 3208 281 3264 poterat,
295 3204 446 3267 sipnificare
456 3206 545 3263 voluit,
560 3203 694 3253 dimidium
704 3205 760 3252 eius
773 3204 873 3252 numeri
887 3203 996 3259 dierum,
1010 3201 1055 3265 qui
1064 3206 1136 3249 ante-

171 3280 297 3332 cesserat,
313 3275 460 3337 ponendum
474 3289 544 3329 esse,·
563 3276 664 3324 scilicet
679 3274 763 3322 diebus
781 3273 908 3324 librarius
922 3272 1059 3337 archetypi
1073 3273 1138 3321 male

166 3358 219 3406 pra
235 3343 297 3394 dieb.
313 3347 494 3409 ascripserat.
524 3344 590 3394 lida.
607 3359 626 3396 t.
642 3357 663 3396 e.
677 3346 849 3408 scripseram:
863 3343 950 3393 diebus
963 3358 989 3406 v,
1009 3358 1025 3391 a
1040 3341 1137 3407 quibus.

170 3412 224 3463 Sed
236 3430 285 3464 sua
298 3423 388 3480 sponte
403 3417 571 3482 intellegitur,
590 3417 736 3466 uicesimum
751 3418 790 3465 oei
804 3417 929 3465 decimum
944 3415 1019 3474 diem,
1041 3415 1086 3478 qui
1099 3427 1138 3462 se·

171 3487 268 3550 quitur,
283 3487 314 3537 ab
329 3489 431 3537 exactis
445 3491 468 3532 Χ
481 3490 520 3536 oei
537 3491 557 3532 V
567 3487 658 3537 diebus
677 3487 863 3537 numerandum
879 3501 942 3535 esse.
975 3487 997 3535 si
1012 3485 1099 3534 mortui
1114 3484 1137 3532 in

171 3557 278 3610 dimidio.
316 3558 403 3607 Diebus
419 3558 498 3622 itaque
512 3573 548 3607 esc
562 3561 594 3621 qi.
610 3558 659 3607 Kr.
675 3559 714 3607 ed.
725 3556 798 3608 Stod.
832 3556 880 3607 Ubi
893 3556 1139 3621 duplecitequeuix

167 3629 240 3690 ferri
250 3637 349 3693 potesta
360 3631 438 3692 prius
452 3636 522 3679 recte
540 3627 621 3679 Gaias
630 3630 732 3694 posuit,
748 3630 809 3693 quia
825 3635 930 3678 creatas
944 3629 1076 3693 mapisier,
1088 3641 1138 3689 per

170 3715 242 3762 quern
261 3700 327 3749 bona
346 3707 468 3761 veneant,
487 3700 621 3751 desiderat
639 3703 718 3766 lepern
737 3699 760 3749 b.
776 3717 798 3748 o.
874 3696 896 3764 ⁴)
912 3700 981 3765 itae*
1000 3699 1029 3747 V
1029 3695 1049 3730 'i
1070 3696 1139 3761 quod

243 3820 269 3892 ξ.
285 3825 326 3874 tt.
348 3823 385 3886 Cf.
406 3836 431 3888 t,
451 3836 485 3875 98.
505 3840 549 3887 pr.
564 3824 587 3873 I.
602 3825 634 3874 de
647 3840 716 3875 succ.
736 3823 800 3874 subl.
822 3821 858 3887 (s,
873 3822 918 3887 tt).
956 3823 994 3872 De
1013 3822 1138 3885 privatim

169 3893 245 3955 sacta
259 3893 405 3943 venditione
421 3894 545 3944 bonorum
560 3895 591 3945 L.
607 3908 641 3949 st.
661 3897 684 3958 ξ.
699 3906 720 3946 t.
747 3894 779 3946 D.
798 3894 830 3944 de
847 3893 921 3944 conii
937 3893 1021 3943 indeb.
1041 3892 1091 3957 (ts,
1105 3892 1137 3957 o).
