2378 4386
370 567 433 605 oar1
453 569 553 606 trtsrrr.
573 552 594 605 I.
613 557 722 608 oo-ot.
972 555 1030 620 187

65 729 116 769 uus
131 711 232 782 edicto,
249 709 322 783 quod
342 715 486 785 proposuit
501 712 535 768 de
550 713 603 784 bis,
626 715 673 786 qni
692 712 741 768 sibi
763 713 909 787 liberisque
926 715 982 769 suis
998 713 1030 769 ab

65 814 95 853 eo
111 798 249 853 ciuitatem
268 796 413 851 Romanam
429 796 574 869 petebant,
596 796 768 870 significauit.
807 797 875 854 ‘uec
889 816 932 855 ine
954 815 1030 872 prae·

65 880 149 946 terit',
171 884 222 951 ait,
245 879 410 935 ‘Galatarum
429 890 538 954 gentem
554 881 675 954 credere,
691 885 717 938 in
734 891 869 955 potestate
886 893 1029 956 parentum

64 966 162 1022 liberos
189 958 288 1020 esse'.¹
346 958 396 1020 56.
425 965 533 1021 'Iustus
567 975 664 1023 autem
696 971 815 1037 nuptias
844 973 1029 1025 eontraaeisse

11 1055 53 1111 pan
64 1052 228 1124 liberosque
243 1053 280 1105 iis
291 1057 465 1121 procreatas
478 1054 508 1104 in
522 1058 666 1120 potestate
686 1052 795 1107 trabere
810 1056 890 1108 ciues
905 1053 1031 1109 Romani

62 1140 102 1193 ita
117 1127 350 1208 inteltepuntur‚²
366 1135 388 1188 si
401 1135 473 1189 ciues
485 1133 617 1189 Romanas
631 1150 730 1190 uxores
741 1135 877 1207 duxerint,
890 1137 934 1192 uei
947 1140 1027 1194 etiam

63 1220 169 1276 Latinas
189 1220 398 1293 peregrinasne,
425 1234 486 1274 cum
513 1217 612 1290 quibus
641 1219 788 1275 conubium
812 1220 941 1276 habeant:
967 1238 1027 1278 cum

64 1307 135 1360 enim
151 1303 296 1360 conubium
311 1300 459 1374 incinctae,
478 1311 508 1357 ut
523 1302 600 1358 liberi
616 1304 700 1377 patris
713 1304 898 1360 condicionem
913 1323 1028 1379 sequan-

63 1398 118 1460 tur,
134 1389 237 1457 euenit,
254 1395 284 1442 ut
299 1403 353 1442 non
368 1384 485 1463 (sotum)
496 1389 569 1443 ciues
581 1387 692 1443 Romani
706 1386 771 1442 itant
787 1398 829 1442 set
844 1383 896 1463 (et)
909 1390 936 1443 in
952 1399 1028 1462 pote·

63 1483 131 1529 state
154 1471 240 1546 patris
262 1472 325 1526 sint.
363 1466 407 1529 67.
429 1472 503 1527 Unde
526 1480 553 1528 et
576 1473 711 1527 ueteranis
734 1471 893 1544 quibusdam
916 1474 1029 1529 concedi

63 1558 133 1614 soiet
149 1555 343 1631 principatibus
359 1555 601 1612 constitutionibus
624 1555 769 1612 conubium
785 1572 845 1611 cum
870 1557 911 1611 his
926 1556 1027 1614 Latinis

61 1643 262 1716 peregrinisue,
283 1656 348 1712 quas
364 1642 463 1713 primas
479 1649 541 1714 post
557 1642 713 1696 missionem
729 1656 827 1696 uxores
843 1640 984 1710 duxerint3
1001 1652 1029 1698 et

62 1729 106 1800 qui
126 1743 158 1782 ex
174 1741 208 1780 eo
224 1725 393 1781 matrimonio
410 1734 567 1791 nascuntur,
588 1735 616 1780 et
632 1728 706 1781 ciues
722 1725 832 1781 Romani
852 1733 879 1779 et
900 1726 926 1780 in
950 1736 1026 1799 pote·

61 1819 157 1867 statem
173 1817 316 1884 parentum
333 1807 410 1866 tium.
447 1805 508 1866 67⁸.
533 1810 610 1866 ’Cum
626 1811 780 1866 seruilibus
802 1827 873 1865 uera
894 1815 1027 1881 personis

60 1911 95 1951 ne
116 1898 240 1968 nuptiae
254 1895 367 1966 quietem
384 1902 459 1950 sunt.
496 1891 544 1951 ott.
569 1896 696 1951 Sennea
710 1898 819 1952 liberas
835 1911 932 1951 omnes
946 1898 1027 1952 nobis

61 1995 170 2036 uxores
197 1981 307 2035 ducere
327 1972 432 2036 licet:³
454 1996 514 2034 nam
538 1996 552 2034 a
575 1978 743 2052 quarundam
766 1982 868 2052 nuptiis
891 1979 1027 2037 abstinere

60 2063 200 2120 debemus.
237 2060 287 2123 tto.
310 2062 385 2119 iuter
400 2079 444 2118 eas
466 2066 535 2118 enim
559 2080 700 2137 personas,
718 2081 786 2138 quae
802 2074 944 2137 parentum
960 2064 1025 2121 libe·

59 2164 188 2205 rorumue
210 2147 300 2203 locum
323 2149 394 2204 inter
408 2164 438 2203 se
454 2150 589 2220 optinent,
611 2150 722 2221 nuptiae
745 2150 868 2206 contrabi
884 2165 940 2204 non
961 2167 1024 2222 pos·

59 2226 151 2302 sunt‚⁴
166 2247 216 2287 nec
230 2233 301 2288 inter
315 2249 360 2288 eas
376 2233 522 2288 conubium
535 2242 587 2301 est,
604 2234 680 2289 uelut
696 2236 767 2290 inter
782 2244 885 2307 patrem
900 2239 929 2290 ct
943 2233 1023 2290 tiliam

59 2316 104 2371 uei
127 2316 200 2371 inter
219 2325 330 2372 matrem
353 2325 380 2372 et
403 2318 486 2372 tilium
509 2317 553 2372 uel
576 2319 647 2373 inter
668 2335 748 2374 auum
764 2327 792 2399 et
811 2328 936 2391 neptem;
958 2320 1023 2376 etsi
1069 2320 1079 2338 ⁶

60 2400 129 2456 taies
141 2415 273 2473 personae
294 2403 364 2457 inter
385 2418 414 2457 se
436 2402 560 2465 coierint,
584 2402 697 2458 notarius
715 2402 719 2480 Ι
737 2413 764 2459 et
780 2405 896 2460 incestas
913 2406 1021 2479 nuptias
1037 2409 1075 2456 16.

132 2567 153 2633 1)
170 2570 231 2620 Cum
245 2572 272 2619 in
289 2570 356 2636 0(et
376 2570 401 2618 V
400 2568 431 2636 βἴ)
444 2573 478 2619 sit
492 2571 550 2618 diui
560 2570 672 2619 Hadriani
687 2578 711 2619 et
724 2574 903 2635 superscripta
918 2588 930 2620 c
945 2587 1024 2634 super

58 2643 172 2691 ultimam
191 2643 304 2692 litteram
323 2659 345 2690 u.
361 2643 516 2704 significauit,
536 2642 603 2688 iilud
616 2642 730 2689 retinens
746 2641 860 2689 Potenar
875 2643 930 2690 eds
948 2643 1024 2702 signi-

58 2713 148 2762 ticetur
161 2715 216 2762 sie:
230 2727 292 2774 „nec
308 2728 344 2761 rue
361 2715 485 2776 praeterit,
501 2711 777 2763 Galatarum....esse“.
809 2712 855 2759 sed
873 2727 929 2760 cum
948 2713 1024 2759 etiam

54 2791 116 2846 post
135 2785 252 2847 praeterit
271 2785 358 2832 tittera
379 2800 422 2833 aa
442 2784 553 2833 librario
565 2784 652 2846 posita
667 2784 709 2842 sit,
731 2796 790 2830 mox
805 2784 869 2831 neate
884 2788 1023 2844 expuncta,

59 2869 117 2903 cum
128 2855 215 2916 potius
229 2855 247 2902 it
257 2862 319 2918 post
332 2870 387 2903 eain
401 2855 565 2918 repetendum
580 2861 653 2912 esset,
669 2855 767 2901 mutim:
786 2853 939 2914 significauit
969 2848 1023 2902 ‘nec

58 2939 96 2973 me
106 2921 243 2989 praeterit'‚
258 2926 292 2974 ait
307 2922 465 2975 ‘Galatarum’
483 2934 530 2975 etc.
555 2940 620 2989 quae
633 2925 733 2989 quidem
744 2932 879 2974 corrector
886 2940 1024 2988 perperam

57 2998 150 3046 nacula
159 2995 237 3062 mum)
247 2997 339 3045 addita
349 3013 405 3045 eum
415 2998 559 3058 significauit
569 2998 728 3061 coniungere
737 2997 826 3054 votuit,
838 3012 924 3046 ueram
934 2997 1023 3054 tabem,

58 3075 190 3131 quaeerat
205 3070 232 3115 in
242 3065 306 3132 a(it)‚
321 3069 411 3117 tollere
426 3068 526 3118 oblitus.
566 3063 587 3133 ²)
604 3067 723 3116 Restitui.
742 3067 802 3130 Ipse
815 3067 941 3117 librarius
951 3072 1024 3118 lacu·

57 3154 114 3187 nam
128 3139 233 3187 uidetur
242 3140 405 3202 significasse
414 3140 479 3188 duos
489 3153 578 3187 uersus
588 3154 683 3189 uacuos
693 3141 848 3203 relinquens.
888 3135 908 3204 ³)
921 3140 1024 3189 literatus

57 3209 165 3259 duorum
180 3224 298 3258 versuum
312 3211 431 3259 lacunam
442 3226 458 3258 a
468 3209 580 3259 librario
594 3212 719 3267 relictam,
736 3218 763 3259 ut
776 3213 927 3259 sententiam
940 3213 1022 3276 etpot-

54 3281 293 3342 ficarem,rep1eai.
322 3280 354 3328 In
369 3281 410 3329 itis
427 3280 507 3329 Gaius
523 3282 609 3344 primo
627 3283 684 3331 Ioco
700 3284 832 3330 seruitium
848 3297 1022 3344 personarum

56 3353 205 3401 mentionem
220 3367 271 3400 nan
286 3351 381 3400 habere
390 3367 441 3401 non
451 3354 546 3415 potuit.
573 3351 610 3414 Cf.
618 3360 726 3415 praeter
741 3355 779 3414 ἓξ.
791 3366 810 3402 1.
822 3365 855 3404 ιο.
875 3353 896 3400 I.
908 3353 940 3402 de
950 3360 1021 3415 nupt.

57 3417 88 3484 (1,
101 3423 137 3486 10)
162 3421 217 3484 tltp.
233 3432 254 3478 t,
269 3435 291 3471 t.
305 3434 336 3478 5.,
351 3425 426 3472 euius
441 3425 594 3472 auctoritati
607 3425 669 3485 plus
688 3423 851 3472 tribuendum
865 3424 927 3487 luit,
947 3439 1022 3488 quam

57 3489 118 3557 'Bpii
132 3494 160 3541 in
174 3492 215 3541 ed.
231 3503 260 3555 5.,
276 3495 363 3541 atiena
377 3494 441 3542 naec
451 3510 467 3542 a
480 3493 582 3542 Gaiana
592 3497 801 3543 commentatione
813 3508 867 3544 esse
876 3495 1021 3543 statuentis.

59 3562 119 3613 Post
132 3564 247 3627 spatium
262 3559 412 3613 ‘Sciendum
426 3572 509 3613 autem
524 3572 561 3613 est
576 3579 626 3613 non
641 3580 726 3613 omnes
736 3565 809 3613 trabis
820 3579 917 3614 uxorea
926 3564 1021 3613 ducere

57 3632 145 3685 licere’
163 3635 203 3684 ed.
218 3633 266 3698 Bp,
323 3633 344 3699 ⁴)
360 3634 500 3684 &uiderit
514 3634 538 3683 It.
552 3637 568 3682 t.
584 3635 647 3698 quia.

123 3783 150 3855 ξ.
168 3787 211 3835 te.
233 3785 272 3848 Cf.
291 3784 346 3848 tttp.
362 3797 383 3842 t,
398 3797 410 3834 t
424 3801 476 3848 sep.
570 3822 575 3830 .
591 3787 634 3834 ot.
656 3784 694 3846 Cf.
709 3784 811 3832 tabutas
825 3783 947 3831 honestae
962 3782 1021 3829 ntis·

57 3858 149 3916 nonis,
169 3871 235 3921 quae
253 3857 339 3905 adbuc
358 3863 470 3904 exstant.
566 3851 592 3921 §.
613 3856 654 3903 58.
675 3856 708 3903 59
725 3876 757 3895 ==
772 3856 795 3913 ξ.
816 3865 836 3901 1.
859 3853 878 3900 Ι,
898 3852 929 3898 de
948 3856 1019 3911 nupt.

56 3923 84 3991 (a,
98 3928 144 3995 ro).
171 3922 211 3990 Cf.
230 3926 286 3991 Utp.
301 3939 321 3985 5,
336 3940 357 3980 c.
384 3926 459 3974 Paul.
475 3938 496 3983 a,
512 3937 545 3976 re.
565 3927 587 3985 ξ.
603 3937 624 3976 o.
646 3924 735 3973 Cottae.
751 3935 771 3984 o,
786 3934 807 3971 a.
828 3923 850 3981 ξ.
866 3934 886 3971 ι,
