2378 4386
328 639 363 675 nr
382 636 575 676 noannoersrs
594 640 627 675 nr
643 640 877 677 rnocrsaroerers.
1019 626 1079 691 811

128 779 216 825 torern
242 784 293 843 pro
314 770 456 843 cognitore
478 768 579 843 placuit
607 766 714 842 baberi,
742 769 850 827 domino
872 786 951 827 eausa
973 772 1081 846 cognita

128 852 237 909 dabitur
251 860 278 909 99
293 854 320 908 99
336 868 396 908 eum
411 850 520 910 iudicati
536 854 614 910 actio.

190 931 260 994 332.
286 929 466 992 ¹Procurator
493 935 625 1003 absentis,
654 939 700 1008 qui
722 952 772 1010 pro
799 937 909 993 domino
942 937 1081 996 uinculum

130 1019 304 1095 obligationis
325 1020 455 1092 suscepit,
476 1036 545 1075 onus
567 1020 625 1075 eius
646 1018 746 1076 trustra
767 1030 888 1089 recusat;
911 1029 938 1077 et
956 1021 1016 1078 ideo
1031 1037 1082 1079 nec

128 1103 235 1160 iudicati
258 1105 328 1159 actio
351 1110 414 1176 post
437 1102 642 1158 condemnatum
665 1112 868 1176 procuratorem
890 1106 918 1161 ln
943 1103 1080 1162 dominum

126 1187 216 1256 datur,
232 1194 278 1242 aut
293 1186 475 1260 procuratori,
492 1187 538 1259 qul
554 1187 629 1254 ulelt,
645 1185 804 1259 denegatur.

190 1266 260 1328 333.
293 1268 350 1331 lib.
378 1267 430 1325 llV.
460 1269 692 1341 Responsorunr.
721 1268 846 1326 absentis
876 1279 1080 1344 procuratorem
1094 1255 1175 1336 {⁴2¹9

127 1354 259 1412 satisdare
275 1351 374 1409 debere
390 1352 422 1409 de
439 1361 497 1409 rato
515 1351 645 1421 babendo,
659 1360 731 1409 recte
743 1368 904 1426 responsum
916 1361 967 1411 est.
989 1354 1080 1411 multis
1097 1341 1161 1380 ³⁸⁸⁹

129 1440 198 1494 enim
214 1434 320 1494 casibus
339 1435 524 1508 ignorantibus
545 1434 622 1491 nobis
645 1434 797 1492 mandatum
817 1437 888 1494 solui
908 1445 1013 1510 potest,
1036 1436 1081 1495 uel

128 1531 224 1589 morte,
249 1518 292 1574 uel
314 1528 442 1575 reuocato
466 1519 598 1577 mandato.
629 1517 694 1575 Cum
714 1528 802 1575 autem
819 1529 922 1576 certum
937 1528 990 1591 est,
1007 1536 1080 1577 man·

127 1603 218 1658 datum
231 1616 415 1678 perseuerare,
429 1602 455 1658 ld
467 1611 586 1678 esurum
598 1617 725 1676 praesens
736 1612 779 1660 est
790 1603 925 1676 dontinus,
936 1595 1080 1660 ’dationis'

127 1686 273 1742 necessitas
288 1694 384 1743 cessat.
402 1679 406 1764 )

283 1762 422 1874 8[llesurrt
432 1770 547 1834 popinae
561 1774 606 1817 aar
619 1774 741 1831 quattuor
754 1776 800 1817 aut
815 1765 892 1836 9999]

189 1832 304 1899 334..3
324 1841 431 1898 ..Ρ99
448 1849 669 1913 procuratorem
688 1843 794 1898 dicitur
824 1847 898 1899 aetio
918 1844 1033 1914 quaeri,
1054 1840 1186 1912 saltubbo]

127 1927 174 1981 uel
189 1927 321 1981 maritum
329 1927 506 1995 postulanda
520 1925 592 1980 dolls
608 1927 716 1981 nomine
730 1925 837 1992 eillciat,
850 1933 882 1981 ut
896 1930 941 1984 rei
954 1930 1078 1985 naariae
1090 1916 1186 2020 bg„

128 2012 204 2065 aetia
226 2009 379 2065 heredibus
400 2012 527 2065 mulieris
550 2016 692 2079 conpetat,
703 2003 716 2042 ⁴
740 2009 782 2064 uel
805 2025 965 2083 sponsorem
986 2025 1078 2066 reuer·
1099 2022 1175 2062 99999

127 2087 207 2149 999993
224 2108 239 2148 e
253 2096 408 2162 9999999999
421 2095 462 2150 999
475 2096 653 2163 9999999999,
672 2094 719 2149 999
730 2108 804 2165 opus
818 2110 922 2151 nouum
939 2093 1079 2150 facientem

127 2175 278 2251 probilnat,
300 2184 330 2233 ut
351 2177 419 2233 999999
438 2177 590 2233 9999999999
605 2181 647 2233 999
665 2180 769 2233 liceat:
789 2193 854 2233 cum
867 2181 895 2232 99
905 2176 1003 2247 surena
1018 2192 1080 2235 9999

126 2263 238 2317 nomine
252 2259 446 2333 deprehendat,
467 2275 521 2316 non
544 2258 611 2315 turu
631 2262 742 2333 quidem
769 2264 889 2331 9999999,
912 2262 965 2318 sed
985 2267 1080 2318 tamen

81 2355 117 2403 99]
125 2345 203 2416 furti
223 2343 371 2413 marrisesb'
390 2345 459 2400 midi
479 2343 602 2415 adquirat
630 2346 778 2400 9999999999
807 2360 861 2399 999
883 2345 990 2417 nobum,
1011 2348 1079 2419 quia

125 2428 238 2500 furtum
254 2433 362 2481 tantum
375 2427 454 2498 furti
467 2431 597 2483 99999999
617 2429 774 2496 uindicant;
795 2427 923 2499 lulianus,
938 2438 966 2485 et
980 2429 1004 2484 si
1019 2444 1079 2486 meo

126 2512 274 2579 creditori,
290 2509 386 2565 oblata
402 2512 572 2581 9999999999
588 2513 728 2581 99999999,
741 2519 912 2582 9999999999
926 2510 1078 2581 denuntiet,

126 2610 162 2651 99
175 2594 309 2665 fiduciam
321 2594 477 2662 distrabat,
488 2595 541 2651 doe
556 2594 636 2650 999999
646 2594 715 2649 milri
723 2609 782 2667 per
793 2609 857 2650 99999
868 2592 981 2650 fiduciae
995 2595 1077 2650 99999-

127 2693 188 2733 nem
203 2679 307 2750 puoeri
321 2670 388 2733 9993
416 2676 474 2735 Sed
495 2680 593 2733 uerius
613 2685 722 2733 tantum
737 2681 783 2735 ius
797 2685 925 2735 nostrum
944 2691 1002 2748 per
1016 2693 1079 2734 99999

127 2762 285 2829 retinemus,
303 2759 380 2816 uelut
403 2763 425 2816 si
449 2763 581 2817 9999999999
603 2762 677 2817 dotis
699 2764 811 2818 9999999
831 2764 967 2833 postulet,
990 2763 1035 2818 uel
1054 2765 1081 2818 si

201 2989 221 3056 1)
237 2992 297 3040 Cum
311 2994 334 3053 ξ.
348 3002 396 3044 999.
411 2993 557 3042 9999999999
570 2990 603 3041 L.
616 3002 651 3042 et.
671 2991 703 3039 D.
718 2992 749 3041 de
762 3006 870 3055 9999999.
881 2991 912 3056 (9,
922 2990 954 3057 9).
1002 2985 1023 3057 ¹)
1037 2990 1079 3042 Ita

131 3062 162 3111 V.
182 3062 342 3110 satisdationis
356 3078 391 3111 99
405 3061 506 3111 Kelleri
526 3064 558 3124 99.
574 3060 717 3111 9991199999.
741 3059 794 3110 Sed
807 3063 865 3110 satis
879 3077 914 3110 99
928 3062 1078 3111 9999999999-

125 3132 193 3183 tibus
208 3133 323 3196 intellepi
332 3139 424 3195 potest.
455 3133 493 3195 Cf.
510 3132 585 3180 Paul.
600 3130 626 3180 S.
644 3130 673 3180 R.
688 3142 709 3188 9,
725 3144 744 3182 s.
760 3132 783 3192 d.
799 3142 819 3182 9.
835 3130 866 3179 L.
881 3143 915 3183 99.
930 3133 953 3193 d.
968 3143 988 3182 9.
1004 3131 1035 3179 D.
1047 3132 1078 3181 de

121 3218 230 3268 9999999.
251 3201 286 3266 (9,
305 3202 336 3266 9).
361 3196 402 3253 L·
412 3213 432 3252 9.
457 3205 479 3264 5.
500 3215 519 3254 ι.
543 3202 576 3252 D.
595 3203 640 3266 qui
658 3202 748 3253 satisd.
769 3202 805 3267 (9,
824 3201 855 3265 9).
879 3227 913 3238 -
938 3201 977 3250 De
995 3216 1024 3251 re
1043 3202 1079 3264 cf.

128 3273 185 3322 tini.
205 3286 232 3328 9,
251 3284 285 3324 aa.
305 3284 338 3324 99.
365 3272 475 3324 Cannis.
495 3283 517 3325 9.
535 3271 567 3322 L.
582 3284 616 3324 ss.
635 3274 659 3334 9.
675 3285 694 3322 ι.
719 3271 751 3321 99.
766 3272 798 3321 aie
814 3286 922 3335 procur.
945 3270 981 3335 (9,
995 3272 1025 3335 9).
1046 3271 1078 3320 L.

125 3354 151 3394 99
161 3359 205 3406 pr.
221 3343 252 3391 D.
268 3343 299 3393 de
314 3344 404 3393 minor.
421 3345 453 3409 (a,
467 3341 498 3408 9)
519 3340 550 3392 L.
565 3355 585 3394 9.
605 3344 628 3404 9.
644 3353 664 3392 9.
685 3341 716 3391 D.
733 3345 801 3391 utin
813 3356 883 3406 9999.
898 3340 944 3408 (99,
958 3340 990 3407 a).
1010 3341 1042 3393 L.
1058 3355 1078 3392 1.

127 3413 153 3462 C.
168 3414 200 3462 aie
210 3428 318 3477 procur.
333 3412 364 3477 (9,
379 3414 423 3477 99).
475 3410 496 3478 3)
512 3411 630 3463 1999999999.
647 3413 685 3476 Cf.
696 3412 728 3461 L.
739 3422 771 3463 99.
792 3412 824 3462 D.
839 3413 872 3461 de
881 3427 990 3476 9999999.
1005 3411 1037 3478 (9,
1046 3410 1078 3477 9).

126 3483 157 3530 L.
173 3495 206 3534 sa.
221 3485 245 3544 §-
260 3495 280 3534 9.
297 3483 328 3531 D.
344 3484 376 3532 de
390 3498 461 3532 usur.
477 3483 522 3548 (99,
537 3483 567 3547 9).
583 3484 615 3533 L.
631 3496 664 3534 ar.
683 3483 715 3531 D.
732 3483 764 3532 de
778 3498 818 3547 99.
833 3497 889 3532 noo.
905 3486 976 3531 nunt.
992 3481 1036 3548 (99,
1047 3482 1077 3548 9).

126 3552 157 3600 L.
173 3562 238 3615 999
258 3551 290 3605 D.
306 3554 451 3618 quodoia.
467 3552 790 3617 99999(99,99).-..1999
811 3553 842 3601 D.
859 3553 978 3603 desolat
990 3554 1035 3617 (99
1045 3552 1079 3617 9)

125 3620 147 3685 ⁴)
164 3621 249 3683 0999
252 3632 306 3672 ..99
322 3633 368 3674 ent.
434 3619 504 3686 3)99.
516 3629 576 3684 9999
590 3621 727 3680 biennium,
742 3638 776 3671 99
790 3638 838 3686 pao
853 3622 1061 3686 spoponderat·
1051 3637 1078 3670 99

125 3692 238 3749 Italiam,
234 3622 297 3740 §ubi
308 3707 358 3754 999
372 3695 451 3757 999999
463 3690 567 3739 Furiam
582 3691 634 3739 nisi
648 3693 747 3740 interea
761 3699 900 3741 conuentus
913 3699 978 3750 erat,
992 3694 1078 3741 statim

124 3761 294 3811 liberabatur.
316 3761 372 3810 Gai.
387 3772 408 3819 9,
423 3772 470 3811 999.
530 3756 648 3824 ’)Ρ99999
662 3762 737 3809 etiam
753 3763 789 3810 ita
803 3763 896 3826 9999999·
906 3776 990 3823 99999,
1006 3769 1033 3810 ut
1047 3762 1079 3810 de

124 3833 319 3882 denuntiatione
334 3833 436 3880 mulieri
451 3831 538 3892 saeta,
554 3845 585 3878 ne
599 3844 673 3879 seruo
688 3845 741 3880 9999
755 3845 783 3879 99
791 3832 887 3895 9999999
902 3828 1077 3894 (99999919

124 3912 145 3956 9,
160 3901 214 3951 993.
234 3902 256 3962 d.
271 3901 304 3964 a.)
318 3900 388 3950 etde
403 3901 596 3950 denuntiatione
614 3898 741 3950 creditori
756 3901 831 3962 saeta
846 3900 964 3949 Iulianus
978 3901 1079 3948 locutus

124 3973 173 4026 sit,-
186 3970 233 4019 sed
246 3969 278 4019 de
292 3971 394 4019 actione
408 3975 505 4020 tanturn
519 3971 636 4034 quaesita
650 3976 719 4020 totus
732 3970 804 4020 loeus
818 3984 896 4034 apere
910 3968 1019 4018 videtur.
