2378 4386
173 554 236 619 662
337 570 398 606 noa.
416 570 450 605 rar
466 568 529 603 nort.
548 568 638 604 annau
656 567 764 604 contar.
783 548 829 603 IV.
851 555 891 603 ll.
912 554 953 602 12.

173 704 231 759 elus
253 700 444 756 honestissime
459 697 541 754 calori
563 700 742 771 permittitur:
766 707 796 753 ut
818 713 872 753 non
895 698 970 768 qnasi
992 695 1129 753 homicida

174 787 302 858 puniatur
316 784 411 855 capite,
428 781 472 837 uel
487 782 686 855 deportatione,
701 782 748 836 sed
766 780 897 854 usquead
914 780 1021 835 erilium
1037 796 1130 853 poena

172 870 229 925 eius
244 861 403 923 statuatur.¹

235 949 301 1023 llap.
325 950 367 1006 lll.
409 948 498 1005 ldem
521 951 575 1006 sic:
614 949 665 1004 ‘lle
687 950 824 1022 mancipiis
846 948 970 1004 'adulteri
993 947 1036 1004 uel
1061 966 1129 1006 uso·

172 1030 239 1105 ris,2
269 1035 365 1090 marito
393 1033 436 1089 uel
464 1040 541 1107 patre
568 1042 725 1103 accusante,
753 1035 936 1105 quaestionem
966 1031 1127 1106 habendam,

171 1118 259 1194 palam
274 1109 352 1174 ‘est.³
381 1116 434 1174 Sed
449 1133 482 1173 an
497 1117 567 1173 idem
583 1126 710 1172 eutrarreo
723 1118 871 1173 accusatori
887 1118 1005 1189 permitti
1017 1116 1127 1189 debeat,

171 1200 300 1277 quaero)
334 1200 496 1275 Respondit:
516 1208 609 1275 potest
624 1200 709 1257 uideri
726 1217 755 1256 ea
769 1202 837 1255 ratio
854 1199 935 1255 luisse
950 1201 1125 1272 permittendi

171 1288 231 1344 istis
254 1287 377 1360 personis
400 1285 432 1341 de
454 1287 540 1341 seruis
563 1287 747 1358 quaestionem
774 1283 886 1348 habore.
917 1293 946 1338 ut
969 1283 1129 1358 diligentius

172 1371 303 1428 'dolorem
327 1371 407 1426 animi
423 1370 480 1439 sni,
503 1371 567 1425 item
583 1370 704 1424 iniuriam
720 1368 806 1424 laesae
821 1360 944 1437 ιιοιιιιιε,4
966 1385 1020 1424 non
1039 1377 1128 1425 trans-

172 1456 258 1512 latitie
273 1462 511 1528 persequerentur.
548 1452 599 1508 Sed
618 1454 741 1527 qnoniam
758 1469 811 1507 non
832 1452 907 1508 iaeile
930 1451 982 1506 tale
997 1452 1128 1510 delictum

172 1542 231 1596 aine
253 1539 402 1594 ministerio
424 1552 566 1593 seruorum
589 1536 692 1592 admitti
708 1536 838 1592 creditum
854 1544 905 1607 est,
929 1537 997 1591 ratio
1014 1552 1047 1592 eo
1064 1554 1128 1611 per·

172 1623 257 1692 duxit,
281 1631 310 1677 ut
327 1623 406 1676 etiam
429 1630 557 1676 extraneo
579 1631 720 1676 accusante
743 1622 872 1694 rarancipia
893 1621 1044 1693 quaestioni
1070 1630 1125 1678 tor·

172 1713 325 1775 mentorum
341 1703 529 1760 subicerentur
543 1719 557 1758 a
571 1696 728 1759 ιιιιιιείιιιιε.5

237 1788 303 1862 liap.
319 1788 373 1844 llll.
409 1786 534 1842 Paulus
557 1785 647 1842 libro
670 1791 923 1843 sententiarum
946 1784 1184 1863 (secuncundum.

173 1873 234 1931 sulr
263 1871 370 1929 titulo
394 1870 432 1927 de
460 1869 654 1926 adulteriis.
697 1868 722 1926 1.
747 1864 884 1943 6’(ίίιριίε
906 1875 1031 1928 secundo
1053 1876 1128 1947 lepis

171 1959 266 2016 Iuliae
294 1957 330 2012 de
358 1946 536 2023 adulteriisl⁷
562 1954 727 2026 permittitur
754 1949 890 2032 '(patri)⁷
920 1964 972 2010 tarn
994 1955 1126 2029 adoptiuo

173 2058 252 2116 quam
275 2038 399 2106 naturali,
422 2037 571 2092 adulterum
587 2053 647 2092 euna
670 2036 724 2093 itia
746 2035 962 2113 ’cnirrscunque'¹
983 2040 1126 2112 dignitatis

173 2126 245 2181 dorni
267 2139 331 2177 suae
356 2121 397 2175 uel
418 2122 511 2192 generi
526 2123 567 2174 sul
583 2120 778 2192 deprehensum
801 2117 857 2177 'sua
873 2118 966 2178 nranu⁹
990 2122 1123 2179 occidere.

172 2205 202 2265 2.
229 2200 457 2260 ¹⁰l'iliusfamilias
479 2204 592 2276 paterni
611 2204 690 2259 liliam
710 2208 735 2261 in
752 2207 883 2262 adulterio
906 2206 1126 2280 deprehenderit,

174 2289 263 2346 uerbis
279 2287 386 2360 quidem
402 2287 470 2359 legis
485 2304 569 2360 prope
585 2296 636 2359 ost,
660 2298 689 2344 ut
711 2306 764 2345 non
787 2293 874 2362 possit
896 2290 1032 2347 occidere:
1055 2290 1127 2364 ’per-

172 2373 242 2429 mitti
266 2381 353 2426 tamen
376 2371 455 2426 etiam
478 2373 502 2426 ei
524 2366 648 2441 debet‚¹¹
673 2383 701 2429 ut
724 2376 834 2430 occidat.
878 2370 907 2430 3.
934 2368 1075 2430 12Μειιιιιε
1098 2378 1126 2431 in

173 2455 305 2512 adulterio
321 2454 504 2527 deprehensos
519 2472 574 2511 non
589 2456 668 2527 alios,
691 2474 771 2529 qnam
787 2450 925 2513 iniames¹³
948 2466 975 2513 et
997 2475 1055 2535 eos,
1078 2463 1126 2531 qui

172 2555 288 2615 corpore
310 2547 453 2612 quaestum
476 2534 618 2628 [ιιειιιιιι,Η
640 2557 736 2597 seruos
757 2543 836 2596 etiam
859 2550 886 2596 et
904 2539 1045 2617 ’llibertoa
1068 2550 1127 2599 tum

172 2711 231 2760 dum
245 2708 293 2774 eat)
309 2708 446 2757 dubitantur
460 2709 614 2759 insanabilia
628 2710 733 2758 librarii
746 2711 857 2758 stultitia
871 2712 955 2758 textui
969 2712 1088 2760 inseruit.

176 2778 195 2846 ¹)
212 2780 250 2843 Cf.
266 2779 339 2842 infra
354 2794 376 2828 ε.
390 2790 424 2829 tt.
439 2781 462 2840 §.
477 2792 497 2829 4.
518 2780 549 2829 L.
565 2795 584 2830 1.
599 2782 622 2842 5.
637 2791 657 2830 t.
676 2781 709 2831 1).
724 2780 760 2828 od
773 2782 821 2844 lep.
838 2781 913 2830 Corn.
929 2781 961 2829 de
974 2783 1021 2831 aie.
1037 2782 1126 2847 (ιιιε).

172 2850 204 2900 L.
220 2862 240 2902 a.
259 2853 282 2912 ξ.
297 2862 318 2901 a.
341 2851 374 2897 1).
389 2850 425 2898 ud
438 2850 485 2899 SC.
500 2850 547 2899 Sil.
563 2850 612 2915 (aa,
626 2852 658 2907 ol.
724 2847 744 2914 ²)
760 2851 857 2899 alterius
871 2851 901 2900 B.
921 2853 1058 2901 alterutrius
1079 2854 1125 2903 l'e.

177 2922 219 2970 Vi.
234 2922 273 2970 ed.
289 2919 330 2971 Bt.
349 2920 449 2969 adulteri
469 2922 500 2982 ej.
518 2921 741 2971 vulneratione
760 2922 840 2970 uxoris
860 2924 892 2985 ej.
912 2925 971 2972 olim
990 2939 1045 2988 epo.
1074 2923 1128 2975 Sed
1173 2944 1187 2969 ο

172 2993 224 3042 eid.
239 2992 271 3040 L.
286 3002 319 3042 ιι.
341 2992 381 3051 ἐξ.
396 3003 417 3041 o.
432 3002 465 3041 15.
490 2991 521 3038 D.
540 2990 564 3039 t.
584 2999 601 3039 t.
622 2991 689 3041 1,.ε.
715 2991 739 3040 C.
759 2992 814 3041 cod.
834 2992 865 3040 L.
886 3005 905 3042 1.
932 2994 957 3041 G.
977 2994 1008 3042 de
1027 3003 1126 3058 quaeat.

172 3061 204 3127 (o,
218 3063 262 3125 ιι).
283 3062 311 3110 de
327 3062 408 3109 alteris
418 3076 470 3124 pro
484 3060 513 3108 de
528 3061 650 3109 adulteriis
665 3060 695 3108 B.
715 3064 790 3110 etium
805 3063 843 3111 tir.
855 3076 887 3113 ιι.
903 3080 925 3113 e.
936 3076 956 3114 a.
971 3066 994 3125 ξ.
1006 3076 1026 3114 ι.
1041 3065 1125 3115 dubet.

174 3130 196 3198 ³)
211 3147 265 3180 esse
282 3132 343 3180 tud.
358 3131 416 3179 edd.
433 3137 469 3178 est
483 3133 515 3192 ς),
531 3130 628 3180 Selult.
693 3129 714 3194 *ι
730 3133 835 3181 dolorem
855 3134 927 3182 animi
947 3136 1069 3194 aruritae,
1090 3138 1127 3185 in-

173 3204 257 3251 iuriam
272 3202 350 3249 laesae
366 3201 450 3248 domus
461 3208 546 3262 puter.
598 3199 618 3265 ὁ)
637 3202 674 3263 Cf.
686 3202 717 3248 L.
730 3214 753 3251 ιι
765 3218 808 3265 pr.
828 3204 859 3251 Ι).
875 3205 907 3254 de
917 3213 1014 3268 paroeat.
1025 3205 1071 3269 (ts,
1081 3207 1127 3272 18).

172 3272 240 3321 aa.
262 3270 359 3318 σιτ.
424 3266 445 3333 ⁶)
461 3269 508 3317 Est
524 3270 598 3318 Paul.
613 3270 639 3318 S.
657 3270 687 3319 ll.
703 3282 723 3327 ε,
739 3285 771 3323 so.
787 3276 810 3334 ς.
827 3287 845 3323 ι.
861 3290 896 3322 ea:
911 3276 937 3323 G.
957 3275 1015 3324 Ver.
1039 3276 1078 3338 Cf.
1095 3277 1128 3325 L.

172 3351 198 3391 ti
209 3355 252 3403 pr.
271 3340 304 3387 1).
319 3339 343 3386 lr.
358 3346 375 3386 t.
396 3337 427 3385 L.
443 3350 468 3389 ιι
479 3341 525 3401 flu.
549 3340 580 3387 I).
596 3340 628 3389 de
642 3343 695 3390 ritu
711 3352 780 3405 nupt.
796 3344 840 3405 (ιε,
855 3344 886 3409 ι).
952 3343 972 3410 ⁷)
986 3344 1077 3410 Suppl.
1093 3362 1130 3396 ear

175 3411 200 3460 0.
220 3409 278 3459 Vea.
294 3409 333 3457 ed.
348 3407 389 3457 131.
446 3406 466 3472 ⁸)
482 3408 526 3457 Bc
541 3410 567 3458 C.
588 3409 645 3459 Ver.
662 3412 775 3476 cuiusque
793 3416 854 3463 Cdd.
870 3415 926 3463 edd.
991 3414 1013 3481 ⁰)
1030 3415 1083 3466 Om.
1101 3418 1128 3467 C.

178 3480 236 3530 Ver.
290 3476 498 3543 ι0)Ραιιι.ε,ειι
521 3481 544 3541 ξ.
559 3491 579 3530 a.
594 3496 629 3531 aa
645 3481 669 3530 C.
690 3483 747 3532 Ver.
769 3484 806 3546 Cf.
822 3485 854 3533 L.
870 3497 903 3535 ao.
918 3498 952 3536 ει.
972 3486 1004 3535 Ι).
1018 3487 1043 3535 Ιι.
1059 3494 1077 3536 ι.

175 3548 208 3614 ¹¹)
223 3548 268 3599 Ea
287 3548 331 3598 Od.
356 3549 427 3606 Vea,
447 3552 473 3599 in
493 3565 541 3615 quo
560 3558 641 3601 tamen
662 3553 732 3601 etiarn
752 3555 858 3604 caecidit.
885 3556 1030 3618 permittitur
1048 3564 1128 3607 tamen

173 3619 282 3685 (factm
301 3634 336 3669 ex
354 3619 513 3687 permittit'm)
532 3622 601 3671 etiam
622 3624 643 3671 ei
665 3624 725 3672 Cdd.
745 3626 802 3673 edd.
870 3623 903 3691 ¹²)
926 3628 949 3686 ξ.
964 3637 985 3676 ι.
1001 3648 1034 3668 ==
1050 3628 1129 3678 Paul.

172 3702 193 3749 2,
208 3702 241 3741 to.
256 3694 279 3753 ς.
294 3703 315 3740 4.
330 3706 364 3740 ex
380 3691 405 3740 C.
426 3691 484 3741 Vea.
547 3690 578 3757 ¹³)
598 3692 686 3752 Qualis
699 3701 737 3743 est
751 3696 849 3744 iudicio
861 3694 966 3759 publico
981 3696 1131 3759 donaretur,

173 3764 230 3812 leno
244 3768 268 3810 et
287 3763 332 3826 qui
350 3768 431 3810 artem
450 3763 576 3812 ludicrum
593 3764 704 3826 fuciunt.
735 3766 772 3827 Cf.
788 3781 859 3828 supr.
873 3782 894 3815 c.
910 3778 930 3817 a.
945 3768 984 3828 ἓξ.
1000 3780 1020 3819 2.
1035 3781 1057 3820 ι.

175 3828 208 3897 ¹⁴)
229 3831 260 3882 tlt
273 3840 465 3883 auctoramento
479 3840 598 3898 reputor,
618 3834 654 3882 ad
667 3833 761 3884 beatior
775 3838 820 3899 pai
836 3851 864 3885 ae
883 3839 991 3895 locauit,
1012 3841 1088 3903 quiae
1103 3843 1132 3891 in

170 3918 273 3953 acerram
284 3904 386 3967 prodiit
399 3905 524 3954 cantandi
538 3906 577 3954 ool
589 3905 705 3953 saltandi
719 3922 812 3963 ceosa;
825 3921 897 3970 supr.
912 3908 930 3957 l.
945 3922 967 3957 c.
