2378 4386
145 552 188 610 54
489 560 517 594 aa.
537 560 647 595 ninnive
665 560 765 595 cacano.

145 689 215 744 enim
234 685 337 759 pupulo
359 684 495 755 llomano,
521 683 569 740 sed
597 683 720 739 omnibus
741 682 819 742 bonis
839 683 977 758 firnrisque
997 686 1106 759 populis

144 772 220 843 leges
236 768 340 825 damus.

206 847 255 910 36.
277 853 311 908 Α.
335 851 449 924 Excipis,
466 851 558 920 credo,
571 850 626 920 illa,
643 849 739 923 quibus
754 852 805 924 ipsi
821 853 916 907 initiati
931 867 1034 907 sumus.

208 937 249 992 M.
273 934 330 1009 Ego
348 951 413 990 uero
429 935 573 1008 excipiam:
595 951 655 990 uam
674 936 738 990 mibi
753 951 814 990 cnm
830 934 913 991 mulia
928 937 1023 991 eximia
1039 935 1105 990 diui·

144 1036 232 1093 naqne
256 1019 383 1074 uidentur
404 1018 524 1074 Athenae
547 1026 608 1074 tuae
631 1020 768 1092 peperisse
783 1026 864 1091 atque
880 1020 908 1074 in
924 1020 1005 1074 uitam
1020 1019 1107 1074 bomi-

144 1120 209 1159 num
221 1103 357 1173 attulisse,
373 1110 430 1157 tum
440 1100 504 1158 nihil
518 1102 614 1157 melius
625 1101 678 1157 illis
691 1104 835 1174 mysteriis,
851 1101 948 1175 quibus
961 1119 993 1157 es
1005 1104 1105 1177 agresti

145 1189 307 1259 immanique
336 1187 391 1241 uita
420 1185 519 1241 exculti
541 1185 573 1240 ad
596 1186 789 1241 humanitatem
811 1194 838 1242 et
860 1187 976 1259 mitigati
998 1203 1105 1250 sumus;

144 1272 273 1344 initiaque
287 1277 319 1325 ut
330 1268 509 1343 appellantur,
524 1271 560 1324 ita
573 1285 602 1323 re
615 1285 678 1324 uera
690 1270 819 1342 principia
830 1270 902 1325 uitae
913 1273 1105 1343 cognouimus,

145 1371 233 1429 neque
260 1352 347 1411 solum
377 1369 438 1410 cum
459 1353 560 1408 laetitia
583 1352 691 1407 uiuendi
712 1351 846 1408 rationem
868 1356 1036 1427 accepimus,
1058 1354 1104 1409 sed

145 1441 225 1495 etiam
246 1454 308 1495 cum
330 1454 380 1512 spe
402 1437 513 1493 meliore
533 1435 674 1491 moriendi.
705 1435 769 1509 quld
784 1445 873 1492 antem
888 1438 952 1492 mibi
968 1437 1107 1511 displiceat

143 1524 172 1580 in
187 1523 337 1598 nocturnis,
357 1527 455 1595 poetae
474 1520 591 1576 indicant
611 1520 720 1587 comici;
742 1537 793 1593 qua
808 1519 916 1577 licentia
931 1520 1029 1577 Romae
1044 1520 1106 1576 data

145 1605 272 1680 quidnam
288 1608 391 1679 egisset
404 1604 461 1675 ille,
476 1606 522 1678 qui
537 1605 564 1659 in
580 1601 739 1659 sacrificium
754 1606 899 1676 cogitatam
914 1604 1050 1660 libidinem
1067 1605 1106 1661 in·

146 1689 220 1762 tulit,
235 1705 291 1763 quo
306 1705 340 1746 ne
356 1688 554 1763 inprudentiam
571 1686 678 1760 quidem
694 1688 835 1743 oculorum
851 1689 919 1745 adici
936 1689 976 1744 ias
992 1688 1058 1745 luitl

208 1775 242 1830 Α.
266 1773 307 1828 Τιι
327 1788 393 1829 uero
407 1774 485 1827 biam
500 1771 599 1827 llomae
613 1770 701 1844 legem
716 1782 828 1846 rogato:
849 1771 925 1828 uobis
942 1781 1049 1829 nostras
1069 1790 1106 1829 ne

145 1857 286 1914 ademeris.

208 1939 261 1998 XV,
284 1935 330 1996 8⁷.
352 1937 393 1996 M.
417 1938 458 1993 Ad
478 1947 572 1995 nostra
594 1940 679 2012 igitur
700 1948 837 1996 reuertor:
862 1940 959 2012 quibus
982 1939 1105 2013 proiecto

145 2023 351 2097 diligentissime
374 2021 549 2079 sanciendum
570 2030 622 2093 est,
644 2032 675 2079 ut
690 2023 831 2080 mulierum
847 2023 942 2080 lamam
957 2023 1105 2079 multorum

145 2106 231 2165 oculis
253 2107 300 2162 lux
321 2106 391 2162 clara
412 2105 555 2177 custodiat,
578 2108 772 2181 initienturque
795 2124 828 2163 eo
850 2109 904 2162 ritu
926 2107 1027 2175 Cereri,
1050 2124 1105 2179 quo

145 2192 243 2249 llomae
256 2192 412 2258 initiantur;
434 2192 530 2263 quoin
546 2207 646 2264 genere
659 2192 832 2247 seueritatem
848 2192 978 2247 maiorum
994 2198 1105 2245 senatus

146 2283 226 2333 uetus
246 2276 393 2331 auctoritas
414 2274 448 2330 de
463 2274 667 2332 Bacchanalibus
688 2284 716 2331 et
737 2274 879 2331 consulum
894 2275 1015 2330 exercitu
1030 2274 1105 2330 adbi-

145 2357 203 2414 bito
231 2359 354 2430 quaestio
377 2354 649 2434 animaduersiolque]
672 2359 798 2419 declarat.
841 2367 922 2431 atque
946 2359 1035 2414 omnia
1057 2374 1105 2414 no·

146 2451 251 2514 cturna,
266 2458 300 2498 ne
319 2458 369 2498 uos
384 2442 509 2499 duriores
525 2443 595 2499 lorte
611 2443 760 2514 uideamur,
780 2443 808 2499 in
823 2443 909 2498 media
925 2442 1032 2499 Graecia
1048 2441 1105 2497 llia·

145 2523 249 2600 gondas
264 2523 405 2583 Thebanus
425 2526 486 2601 lege
506 2536 637 2602 perpetua
658 2527 784 2595 sustulit;
804 2544 892 2583 nouos
915 2544 981 2584 uero
997 2526 1105 2582 deeset

145 2610 173 2666 in
188 2608 230 2665 bis
245 2609 365 2666 colendis
380 2620 526 2668 nocturnas
536 2612 1017 2686 peruigilationessicAristophanes,
1033 2609 1104 2667 iacc-

145 2693 274 2751 tissumus
290 2699 370 2769 poeta
385 2697 485 2752 ueteris
500 2695 665 2766 comoediae,
678 2705 767 2765 uenat,
784 2704 814 2749 ut
826 2695 895 2768 apud
908 2711 967 2750 eum
978 2693 1105 2750 Sabazius

146 2787 174 2834 et
188 2778 298 2852 quidam
313 2779 357 2835 alii
372 2780 416 2834 dei
430 2781 566 2853 peregrini
580 2778 690 2833 iudicati
705 2793 719 2831 e
735 2778 844 2833 ciuitate
859 2778 999 2833 eiciantur.

208 2861 334 2917 Publicus
357 2871 446 2917 antem
468 2861 594 2916 sacerdos
616 2859 813 2933 inprudentiam
835 2858 950 2915 consilio
973 2861 1117 2933 expiatam,

147 2950 221 2999 metu
244 2943 352 3012 liberet,
375 2943 509 2998 andaciam
532 2951 560 2997 et
580 2943 607 2996 in
629 2941 796 2997 inmittendis
812 2941 988 3013 religionibus
1004 2937 1102 2997 loedis¹

145 3027 254 3082 damnet
269 3033 351 3096 atque
366 3025 472 3098 impiam
489 3024 599 3080 iudicet.

171 3152 190 3193 Ω
208 3108 260 3163 lam
276 3107 332 3162 ludi
349 3105 449 3180 publici
464 3108 591 3181 quoniam
606 3116 671 3163 sunt
686 3124 768 3164 cauea
783 3108 910 3179 circoque
925 3100 1030 3177 diuisi,²
1045 3124 1105 3165 cor·

145 3207 242 3266 porum
257 3191 415 3255 certatione,
432 3207 513 3247 cursu
529 3198 558 3246 et
572 3191 705 3264 pugillatu
717 3198 744 3246 et
754 3190 902 3248 luctatione
910 3192 1105 3267 curriculisque

145 3290 277 3349 equorum
290 3289 376 3345 usqne
385 3273 416 3328 ad
423 3283 522 3330 certam
531 3274 672 3330 uictoriam
679 3276 751 3331 circo
759 3277 925 3347 constitutis,
936 3294 1017 3333 cauea
1024 3288 1104 3333 cantu

146 3349 284 3425 mulceas?
300 3354 396 3413 lidibus
412 3365 439 3412 et
454 3356 535 3428 tibiis,
551 3356 616 3413 dum
632 3358 712 3415 modo
728 3374 758 3414 ea
774 3361 910 3417 moderata
921 3363 984 3432 sint,
1003 3371 1032 3417 ut
1043 3363 1104 3434 lege

144 3441 343 3515 praescribitur.
374 3441 511 3497 adsentior
530 3443 600 3498 euim
615 3442 721 3498 Platoni
741 3444 807 3500 nibil
828 3453 882 3501 tam
902 3445 977 3502 lacile
998 3448 1025 3501 iu
1047 3448 1103 3501 ani·

218 3627 238 3694 ¹)
252 3629 372 3679 audatiam
386 3629 436 3679 luet
450 3630 591 3680 inmitendas
602 3631 626 3680 A
640 3629 774 3696 (andaciam
784 3634 833 3682 lnet
842 3634 990 3683 inmittendis
999 3633 1034 3699 B)
1049 3635 1105 3684 reli·

144 3701 254 3763 gionibus
269 3700 351 3749 laedas
365 3699 416 3749 AB
428 3701 550 3751 audaciam
568 3711 675 3752 ruentem
694 3704 717 3752 in
733 3705 841 3754 licentias
855 3705 1008 3765 religionibus
1023 3705 1105 3753 ioedas

144 3806 223 3926 gjdV.
252 3801 282 3925 ἔ)
296 3806 373 3927 plinial
393 3807 441 3857 sint
463 3807 515 3856 AB
532 3808 616 3858 diuisis
635 3808 675 3858 ed.
695 3808 726 3858 V.
765 3805 786 3875 ⁸)
806 3810 858 3858 uice
878 3773 908 3870 all
928 3806 953 3855 B
969 3809 1021 3857 uice
1038 3810 1105 3859 acA

145 3891 167 3926 ιιι
186 3886 277 3927 ente.
321 3914 328 3927 .
