2378 4386
404 548 432 583 11.
451 546 579 582 vaunnrss
597 547 703 584 escars.
976 540 1036 597 129

81 677 191 732 alterius
203 674 299 730 damno
310 675 381 730 tueri
392 671 489 743 debet3
504 676 527 729 si
540 689 605 729 uero
618 675 718 730 maiore
730 675 757 729 ui
772 671 919 729 decurrens
931 672 1038 730 alueum

81 767 229 830 mutasset,
250 775 329 814 suum
350 760 464 831 quisque
484 751 611 814 modum¹
636 766 812 832 agnosceret,
835 759 960 831 quoniam
982 774 1037 814 non

81 844 246 918 possessoris
261 842 433 916 neglegentia
448 841 496 897 sed
512 845 676 915 tempestatis
692 842 820 898 uiolentia
836 841 975 915 abreptum
991 858 1038 916 ap·

81 935 172 1001 paret3
192 927 215 981 si
238 924 303 982 uero
320 926 433 981 insulam
450 925 567 996 fecisset,
588 930 694 981 acuius
709 942 775 999 agro
797 925 915 997 fecisset,
936 927 959 981 is
974 941 1038 998 pos-

80 1011 195 1071 sideret:
216 1020 242 1065 at
257 1012 278 1065 si
295 1025 327 1065 ex
341 1012 487 1073 communi,
505 1012 618 1083 quisque
636 1027 715 1065 suum
730 1011 872 1083 reciperet.
884 1040 925 1049 —
937 1008 1036 1084 Hygln.

81 1095 114 1149 de
127 1102 321 1168 gencoutrov.
334 1094 360 1149 ln
373 1104 522 1166 gromvet.
536 1093 726 1166 eri.Lschrn.p.
742 1092 809 1150 124.
823 1093 858 1150 ci.
872 1112 899 1166 p.
909 1092 1036 1152 17.399.

144 1177 174 1237 ⁴2.
205 1177 243 1232 ub
263 1178 328 1233 haec
349 1177 533 1233 consalutatus
555 1179 702 1250 imperator
716 1176 799 1232 Nero:
821 1187 848 1233 et
862 1186 1037 1235 senatuscon-

82 1261 154 1317 sulto
174 1261 385 1335 supplicationes
400 1260 521 1336 habitae,
537 1269 696 1332 statuaeque
717 1268 743 1316 et
765 1276 843 1316 arcus
865 1270 893 1316 et
915 1263 1036 1318 continui

82 1344 238 1401 consulatus
265 1346 388 1418 principi,
411 1352 496 1418 utque
517 1346 588 1400 inter
611 1343 694 1398 iesios
719 1342 870 1399 referretur
892 1343 961 1416 (lies,
983 1361 1037 1418 quo

80 1438 185 1502 patrata
201 1430 326 1498 uictoria,
340 1444 394 1501 quo
407 1429 537 1495 nuntiata,
552 1443 606 1498 quo
618 1427 731 1481 relatum
747 1426 779 1481 de
795 1442 826 1482 ea
842 1435 924 1497 esset,
936 1427 1038 1500 aliaque

81 1514 109 1568 in
131 1512 242 1568 eandem
264 1511 376 1566 [ormam
395 1510 578 1566 decernuntur
598 1508 663 1564 adeo
685 1508 793 1563 modurn
814 1525 939 1582 egressa,
960 1519 991 1567 ut
1009 1508 1038 1572 C.

80 1595 190 1651 Cassius
206 1594 239 1649 de
255 1596 352 1650 ceteris
372 1592 523 1648 honoribus
543 1608 679 1661 assensus,
701 1591 724 1645 si
741 1608 790 1665 pro
805 1591 969 1665 benignitate
984 1595 1039 1652 lor·

80 1690 165 1735 tunae
180 1677 230 1731 eliis
250 1683 341 1749 grates
362 1683 522 1750 agerentur,
539 1692 572 1732 ne
593 1684 680 1731 totum
696 1674 803 1748 quidem
826 1692 922 1732 annum
937 1680 1039 1753 suppli·

79 1760 234 1820 catiouibus
251 1758 375 1816 suilicere
391 1760 558 1829 disseruerit,
571 1776 659 1833 eoque
674 1769 802 1832 oportere
814 1759 896 1816 diuidi
911 1777 1001 1818 sacros
1012 1771 1039 1819 et

79 1847 242 1984 neggtiosos
257 1844 324 1985 diisa,
332 1860 391 1983 112111
400 1844 489 1900 diuina
501 1844 622 1901 colerent
639 1852 666 1899 et
677 1844 792 1900 humana
803 1861 858 1901 uon
869 1845 1039 1920 impedirent.

83 1960 119 1970 -
157 1931 218 1985 ecit.
234 1931 266 1984 A.
325 1971 333 1997 ,
392 1970 398 1985 .

33 2123 76 2172 [111
350 2080 417 2158 *itt
439 2091 621 2157 VALERII
642 2091 773 2157 PROBI

82 2203 198 2270 Berytii,
210 2202 386 2272 grammatici
398 2201 474 2255 hand
486 2202 609 2272 vulgaris
621 2202 773 2269 doctrinae,
785 2202 835 2271 qni
848 2200 967 2258 Neronis
980 2203 1039 2257 fere

83 2270 249 2336 tempestate
273 2269 375 2347 claruit
392 2271 421 2323 et
438 2271 471 2322 nl
488 2269 601 2349 Sinelon.
619 2269 661 2348 'de
680 2269 778 2348 illustr.
795 2285 913 2339 gramm.
931 2277 972 2328 24,
991 2288 1039 2349 au·

84 2338 146 2390 otor
162 2338 344 2397 esl,max1me
362 2336 543 2390 emendandis
561 2336 640 2391 libna
657 2337 799 2390 vetanbus
818 2352 932 2406 operam
951 2337 1038 2404 dedit,

84 2404 177 2480 exstat
198 2403 232 2479 (le
255 2403 329 2482 notis
352 2403 475 2481 antiquis
498 2402 620 2466 libellus,
644 2404 690 2457 vei
712 2405 745 2456 ui
766 2405 868 2481 rectius
891 2404 1038 2469 indicatur,

83 2468 899 2600 “millilllrllrpb‘lllnllllrllplssffibbinium
917 2473 1041 2591 tituli

82 2552 252 2705 {gersaslan
262 2604 390 2683 ⁸ebqnod
408 2604 468 2671 ipae
487 2602 601 2681 qpidem
614 2602 729 2680 Probus,
747 2605 780 2655 ui
796 2582 872 2679 idam
886 2578 1040 2681 'Suetonius

82 2667 1040 2814 {assutuutttttlt‘altlattulissetis

85 2805 367 2858 observationum
393 2819 560 2858 sermome
590 2804 748 2870 auinqur’.
797 2800 853 2854 Sed
876 2801 1040 2870 opusculum

83 2869 156 2923 illud
166 2870 207 2924 iba
222 2871 294 2923 utin
310 2871 488 2936 editionibus,
505 2870 584 2924 velut
598 2872 628 2923 in
640 2868 765 2922 Pntschii
781 2867 848 2939 ling.
861 2868 920 2922 Lat
934 2871 1039 2924 auctor.

83 2940 141 2992 ant
152 2954 180 3006 p.
195 2944 269 3014 1494,
279 2937 361 2992 Dion.
374 2937 539 2992 Gothofredi
551 2939 624 3015 ancl.
638 2936 706 3056 ling.
719 2935 779 2990 Lai.
794 2954 822 3005 p.
837 2943 909 2991 1454.
922 2937 1038 2992 circum-

81 3005 179 3070 fertnr,
195 3020 347 3058 msxrrnam
364 3008 474 3082 partem
491 3020 550 3058 esse
568 3005 680 3081 mterpo
694 3007 772 3057 aium
790 3006 820 3058 ei
837 3020 883 3058 eas
901 3004 973 3059 solas
991 3023 1039 3061 no·

81 3075 136 3138 bas,
153 3088 226 3140 quae
264 3073 402 3125 enerabm
418 3088 454 3125 ne
474 3071 548 3125 lecto
571 3069 668 3125 ordine
691 3072 718 3125 al
740 3072 868 3125 habetico
886 3073 938 3125 sub
956 3073 1039 3127 Probi

82 3140 195 3193 nomina
216 3088 389 3203 refferuubnr,
412 3089 488 3192 recffie
511 3138 538 3191 ei
559 3136 692 3203 adscribi,
719 3089 924 3193 {monstravit
950 3157 1040 3218 nuper

82 3222 194 3285 magno,
205 3208 239 3259 nt
255 3206 335 3271 solet,
347 3222 409 3259 cum
422 3204 550 3282 acumine
562 3221 721 3324 magnaque
733 3205 868 3259 librorum
880 3222 944 3258 mss.
958 3223 1040 3275 copus.

83 3273 210 3327 adimbuta
230 3272 281 3326 Tb.
299 3273 456 3327 Momsenua
477 3288 506 3323 m
528 3274 589 3328 Aci.
633 3274 713 3325 neret.
736 3272 776 3326 ite
798 3315 803 3326 .
829 3273 892 3325 Sex.
916 3289 940 3325 a.
966 3280 1038 3328 1853.

83 3339 328 3409 numerantibus.
349 3357 376 3407 p.
399 3345 429 3392 91
449 3355 488 3406 sq.
525 3337 607 3391 Cuius
629 3338 658 3391 in
681 3291 820 3392 senteubia
841 3340 909 3393 licei
930 3340 960 3391 in
977 3341 1037 3393 uni·

81 3423 192 3461 versum
209 3406 246 3459 sit
267 3405 511 3474 acquiescendum,
535 3407 630 3459 tamen
652 3408 731 3460 utet
754 3406 899 3461 consilium
917 3421 950 3459 ac
968 3407 1039 3460 ratio

155 3583 175 3652 ¹)
186 3594 252 3650 pute
265 3588 325 3637 olim
338 3587 503 3651 assignatum,
518 3600 590 3650 prem
603 3602 671 3635 nune
683 3586 771 3636 Parius
785 3587 1040 3650 occupantemque

83 3664 203 3721 parantum
218 3659 279 3720 fieri
288 3664 381 3721 potest,
395 3672 430 3706 ere
443 3658 515 3706 alveo
534 3656 658 3705 derelicto
676 3657 726 3705 sibi
739 3657 947 3706 resarciendum:
966 3657 1041 3719 pansi

82 3728 145 3778 baec
159 3742 228 3778 mens
238 3729 265 3776 in
278 3729 381 3792 regione
390 3727 499 3777 Pedana
509 3728 668 3791 assignantis
674 3728 766 3790 fuerit,
781 3743 854 3790 psam
861 3739 1002 3788 possessor,
1013 3733 1041 3772 ut

83 3800 151 3847 oties
160 3797 183 3847 b.
190 3798 384 3861 possessionem,
394 3800 518 3864 agnoseit.
541 3798 608 3845 unde
618 3813 667 3846 non
674 3803 748 3858 puto,
762 3795 876 3845 Cassinm
887 3796 912 3840 in
928 3808 1040 3855 occupa·

83 3870 159 3918 torir's
172 3871 248 3932 agris
262 3869 327 3916 idem
341 3871 458 3926 sensisse,
473 3877 501 3916 at
514 3869 623 3915 sensisse
634 3867 735 3915 videtur
745 3864 798 3914 Sic.
816 3865 854 3912 Fi.
862 3878 889 3923 p.
903 3872 949 3915 151,
960 3872 1037 3910 e...u.

135 3971 239 4002 warena.
253 3971 333 4001 nunni.
348 3972 400 4001 ann.
415 3972 453 4001 nn.
479 3971 501 3998 v.
811 3952 827 3999 9
