2378 4386
402 541 463 578 usur
482 542 586 579 merra.
603 522 653 578 ΙΙΙ.
670 530 781 582 ss-st.
1016 528 1079 594 293

112 689 220 744 licetur
249 686 385 742 honorum
410 688 632 757 possessionem.
679 705 748 744 uam
769 688 831 745 iltis·
849 702 978 760 quoque,
1001 690 1006 754 Ι
1031 689 1078 763 qui

113 778 188 827 recte
201 770 286 842 sacto
301 776 470 827 testamenta
484 771 608 828 heredes
623 775 748 830 instituti
761 781 836 841 sunt,
853 774 904 829 dat
919 774 1077 830 secunaum

114 857 229 912 tabutas
249 856 387 912 honorum
406 861 629 927 possessionem.-
651 861 717 914 item
739 860 776 915 ah
798 852 938 936 inp'testato
961 858 1076 915 heredes
1089 854 1146 908 134·

114 956 180 996 suos
202 949 230 996 et
252 946 369 1013 agnatos
392 939 425 996 ad
454 939 589 996 honorum
612 944 814 1014 possessionem
838 950 928 999 uocat.
977 941 1077 1016 quihus

113 1025 220 1082 casibus
235 1021 394 1081 heneficium
411 1025 468 1080 eius
483 1025 511 1080 in
527 1040 560 1081 eo
576 1025 637 1081 saio
661 1026 769 1083 uidetur
792 1027 907 1101 aliquam
931 1026 1077 1085 utilitatem

114 1109 223 1180 hahere,
239 1118 269 1164 ut
284 1111 317 1179 is,
334 1111 380 1182 qui
397 1112 435 1164 ita
450 1108 584 1165 honarum
600 1113 801 1182 possessiouem
820 1113 898 1185 petit,
921 1112 1078 1184 interdictu,

113 1195 190 1249 cuius
212 1195 373 1267 principium
397 1201 438 1248 est
468 1209 597 1257 avouvu
621 1209 786 1266 sanonum,
810 1197 848 1250 uti
871 1197 973 1268 possit,
1000 1198 1078 1253 cuius

115 1277 249 1334 interdicti
273 1294 343 1351 quae
366 1280 401 1333 sit
424 1277 543 1348 utilitas,
573 1294 623 1333 suu
647 1278 708 1333 ioco
732 1295 930 1352 proponemus:
957 1279 1078 1354 alioquin

113 1371 216 1419 remota
239 1378 349 1436 quoque
372 1361 506 1418 honarum
529 1363 705 1435 possessione
735 1363 766 1417 ad
791 1379 837 1418 eos
860 1362 995 1418 hereditas
1018 1380 1079 1436 per·

113 1448 182 1503 tinet
204 1449 263 1502 iure
285 1445 370 1501 ciuili.

176 1527 226 1587 85.
242 1530 367 1585 Ceterum
380 1544 460 1602 saepe
472 1527 632 1601 quibusdam
644 1531 680 1585 ita
693 1528 771 1584 datur
783 1528 916 1586 honarum
930 1533 1079 1605 possessio,

112 1624 144 1672 ut
160 1617 194 1685 is,
210 1615 253 1669 cui
269 1612 330 1667 data
346 1614 392 1683 sit,
409 1608 490 1687 (non)
507 1615 628 1686 optineat
643 1613 838 1682 hereditatem
862 1631 929 1688 qnae
944 1614 1079 1673 honorum

111 1699 255 1774 possessio
271 1697 369 1753 dicitur
384 1697 442 1752 sine
463 1715 503 1758 re.
546 1693 594 1758 86.
609 1697 674 1754 Nam
690 1700 713 1754 si
730 1697 805 1755 uerhi
827 1701 913 1773 gratia
934 1701 991 1756 iura
1006 1699 1078 1758 iacto

112 1789 279 1840 testamento
295 1781 375 1837 heres
391 1782 533 1839 institutus
544 1785 663 1840 creuen't
678 1784 867 1855 hereditatem,
882 1784 930 1840 sed
944 1783 1079 1841 bonorum

112 1868 315 1943 passessionem
344 1866 492 1923 secundnm
522 1867 624 1924 tabulas
656 1870 809 1925 testamenti
833 1877 927 1941 petere
949 1868 1079 1943 nolucrit,

113 1961 260 2010 contentus
276 1967 327 2021 so,
349 1950 423 2025 quod
439 1953 497 2008 iure
512 1951 585 2008 ciuili
605 1952 685 2009 heres
707 1955 761 2025 sit,
784 1953 960 2010 nihilominus
982 1954 1011 2025 ii,
1032 1956 1079 2029 qui

113 2037 188 2093 nulla
212 2037 285 2093 iacto
310 2044 472 2093 testamento
494 2035 526 2092 ad
550 2039 669 2094 intestati
693 2040 761 2095 huna
785 2047 935 2111 uocantur,
963 2048 1080 2112 possunt

113 2132 206 2197 petere
229 2120 363 2177 honorum
379 2123 598 2194 possessiouem
621 2123 742 2180 sedsins
762 2124 840 2179 read
862 2140 911 2180 cos
932 2124 1079 2182 'honorum

113 2199 276 2279 possessio¹
299 2209 432 2279 pertinet,
455 2223 515 2262 cum
537 2214 701 2264 testamento
717 2209 835 2282 scriptus
856 2209 937 2265 heres
953 2210 1078 2266 euincere

115 2289 289 2346 hereditatem
312 2293 409 2364 possit.
453 2287 500 2348 87.
523 2290 595 2348 idem
618 2294 685 2349 iuris
707 2303 767 2365 est,
789 2295 812 2350 si
833 2295 964 2351 intestato
985 2293 1077 2370 aliquo

114 2384 223 2431 mortuo
246 2391 311 2431 suus
335 2376 415 2432 heres
438 2376 557 2432 noluerit
580 2386 673 2450 petere
704 2379 841 2436 bonorum
863 2381 1078 2453 possessionem,

113 2468 262 2517 contentus
275 2462 400 2533 lepitimo
415 2465 496 2518 iure:
518 2460 594 2518 'nam
617 2457 664 2519 et²
687 2471 788 2537 agnato
811 2466 941 2536 competit
968 2463 1078 2536 quidem

112 2543 246 2601 honorum
263 2538 433 2618 posscssio‚³
453 2545 500 2602 sed
516 2547 575 2602 sinc
597 2564 637 2617 re,
661 2549 723 2621 qnia
740 2548 828 2603 euinci
844 2548 981 2603 hereditas
997 2564 1011 2602 a
1027 2563 1078 2601 suo

113 2698 245 2748 cesserint.
277 2696 342 2746 Nam
356 2699 380 2746 si
393 2699 495 2748 alienus
504 2705 639 2762 postumus
648 2697 724 2746 heres
734 2697 821 2759 fuerit
835 2697 977 2753 institutus,
991 2710 1079 2758 quam-

113 2770 154 2818 uis
172 2767 339 2817 hereditatem
359 2769 416 2818 iura
430 2771 505 2819 ciuili
519 2769 595 2817 adire
611 2783 662 2817 non
679 2773 791 2831 poterat,
811 2782 869 2814 curn
884 2766 1012 2814 institutio
1027 2780 1079 2814 non

114 2838 214 2889 ualebat
229 2837 261 2906 (a,
272 2850 319 2889 ute.
330 2839 398 2905 usn),
413 2840 556 2889 honorario
572 2846 654 2888 tamen
671 2840 728 2886 iure
738 2836 861 2887 honorum
872 2850 1009 2899 possessor
1023 2836 1078 2899 effi·

114 2908 238 2968 ciebatur,
253 2910 375 2960 uidelicet
385 2927 441 2960 eum
455 2927 472 2959 a
483 2917 607 2973 praetore
622 2905 821 2966 adiuuabatur’,
832 2908 929 2971 paucis
940 2909 1044 2956 mutatis
1053 2914 1079 2957 et

112 2983 172 3045 ipsa
185 2983 239 3031 sint
255 2980 371 3040 Gaiana,
392 2989 419 3030 ut
437 2988 520 3030 tamen
542 2980 623 3030 Gaius
641 2988 719 3030 antea
738 2979 759 3028 h.
776 2980 964 3043 possessionem
981 2994 1015 3028 esc
1028 2977 1077 3029 SC.

115 3051 276 3102 Tertulliano
290 3053 404 3101 dandam
415 3067 466 3115 pru
481 3053 597 3116 exemplo
614 3053 758 3117 impupnati
772 3053 840 3100 iuris
854 3053 949 3101 ueteris
957 3052 1079 3114 posuisse

112 3124 231 3174 rideatur
246 3121 293 3188 (cs.
311 3122 393 3173 Gloss.
413 3122 490 3173 Taur.
500 3123 536 3172 ad
545 3138 588 3186 pr.
603 3122 681 3185 I.s‚s
696 3130 721 3172 et
731 3130 780 3174 aot.
795 3123 831 3172 ad
840 3124 864 3185 ὃ.
874 3122 935 3188 ett‘.)
950 3130 975 3172 et
984 3123 1078 3173 deinde

107 3196 276 3259 perrexerit:
295 3190 431 3257 ‘Alioquin
450 3196 492 3242 ius
510 3193 568 3243 hon.
584 3191 669 3257 poss’
690 3202 736 3245 etc.
774 3193 829 3243 Iam
851 3211 907 3244 cum
927 3196 973 3243 illa
992 3194 1079 3244 decem

111 3268 219 3316 circiter
233 3265 351 3327 efficiant
366 3280 456 3314 uersus
472 3263 497 3316 C.
518 3263 593 3322 Ver,
608 3272 730 3329 apparet,
753 3262 844 3314 Gaium
857 3267 944 3315 statim
959 3273 1020 3329 post
1034 3263 1078 3314 ab·

110 3339 218 3387 solutam
232 3334 296 3385 Scri
313 3334 468 3385 Tertulliani
481 3337 675 3399 sepositionem,
692 3352 757 3400 quae
772 3338 873 3386 initium
883 3351 982 3402 quoque
993 3352 1019 3399 p.
1031 3346 1077 3386 tus.

111 3409 260 3472 occupauit,
280 3407 316 3455 ad
334 3406 402 3456 hanc
414 3409 561 3471 generalem
580 3408 779 3471 disputationem
792 3408 825 3456 de
839 3405 963 3457 bonorum
973 3420 1077 3471 posses·

110 3480 181 3530 sione
195 3479 344 3528 transiisse.
424 3474 445 3543 ¹)
460 3478 580 3526 hereditas
597 3479 621 3528 0.
649 3478 740 3528 licerit
754 3480 781 3526 in
796 3478 938 3542 archetypo
954 3479 977 3527 h.
992 3493 1016 3540 p.
1032 3476 1077 3543 (ε

109 3549 227 3600 honoram
242 3548 388 3613 possessio),
403 3564 469 3611 quae
484 3555 545 3598 nota
555 3548 620 3598 aitte
632 3550 659 3598 in
669 3551 775 3599 similem
785 3549 828 3600 h't.
857 3549 949 3612 Itaque
960 3563 1028 3597 nunc
1038 3549 1077 3595 sic

109 3623 214 3686 scripsi.
281 3616 302 3685 ¹)
317 3618 363 3667 Ex
378 3618 470 3669 Hollw.
487 3622 520 3682 ci.
549 3619 684 3669 Fortasse:
697 3621 805 3669 scilicet.
872 3615 988 3683 ¹)Nata,
1002 3615 1078 3666 aliud

110 3706 155 3743 suo
172 3692 277 3749 herede,
297 3689 372 3739 aliud
385 3692 550 3752 proximiore
569 3697 665 3756 aposto
684 3692 811 3740 asistente
831 3691 899 3738 iuris
914 3689 1013 3751 fuisse:
1032 3687 1078 3734 illo

110 3778 172 3813 casu
188 3761 332 3814 uocabatur
346 3776 363 3810 a
374 3767 498 3823 praetore
504 3763 644 3824 promimus
653 3768 765 3826 aponius
776 3756 856 3808 ‘unde
866 3754 995 3822 lepitimi',
1010 3758 1078 3803 inter

181 3900 227 3973 ἕξ·
242 3903 358 3954 35-37·
381 3900 417 3963 Cf·
437 3901 492 3964 litu.
506 3913 541 3973 us,
557 3913 590 3952 ts.
610 3913 644 3962 ss,
658 3913 679 3953 s.
699 3913 733 3963 as,
747 3912 760 3952 s
774 3913 855 3960 sopra
870 3909 891 3957 s,
906 3906 952 3945 us.
968 3894 1030 3944 ιω.
