<?xml version="1.0" encoding="UTF-8"?>
<!DOCTYPE html PUBLIC "-//W3C//DTD XHTML 1.0 Transitional//EN"
    "http://www.w3.org/TR/xhtml1/DTD/xhtml1-transitional.dtd">
<html xmlns="http://www.w3.org/1999/xhtml" xml:lang="en" lang="en">
 <head>
  <title>
</title>
<meta http-equiv="Content-Type" content="text/html;charset=utf-8" />
  <meta name='ocr-system' content='tesseract 3.04.00' />
  <meta name='ocr-capabilities' content='ocr_page ocr_carea ocr_par ocr_line ocrx_word'/>
</head>
<body>
  <div class='ocr_page' id='page_1' title='image "./iurisprvdentiae00huscgoog_0325.png"; bbox 0 0 2378 4386; ppageno 0'>
   <div class='ocr_carea' id='block_1_1' title="bbox 159 510 819 579">
    <p class='ocr_par' dir='ltr' id='par_1_1' title="bbox 159 510 819 579">
     <span class='ocr_line' id='line_1_1' title="bbox 159 510 819 579; baseline -0.005 -11"><span class='ocrx_word' id='word_1_1' title='bbox 159 512 224 579; x_wconf 85' lang='grc'><strong>290</strong></span> <span class='ocrx_word' id='word_1_2' title='bbox 452 528 510 566; x_wconf 79' lang='lat' dir='ltr'><strong>eur</strong></span> <span class='ocrx_word' id='word_1_3' title='bbox 527 529 618 564; x_wconf 77' lang='lat' dir='ltr'><strong>merra.</strong></span> <span class='ocrx_word' id='word_1_4' title='bbox 638 510 686 564; x_wconf 85' lang='grc' dir='ltr'><strong>ΙΙΙ.</strong></span> <span class='ocrx_word' id='word_1_5' title='bbox 705 516 819 566; x_wconf 76' lang='lat' dir='ltr'><strong>nt-tt.</strong></span> 
     </span>
    </p>
   </div>
   <div class='ocr_carea' id='block_1_2' title="bbox 87 650 1177 2994">
    <p class='ocr_par' dir='ltr' id='par_1_2' title="bbox 87 650 1177 2994">
     <span class='ocr_line' id='line_1_2' title="bbox 159 650 1110 731; baseline -0.003 -13"><span class='ocrx_word' id='word_1_6' title='bbox 159 660 223 719; x_wconf 90' lang='lat' dir='ltr'><strong>dnm</strong></span> <span class='ocrx_word' id='word_1_7' title='bbox 239 659 382 729; x_wconf 83' lang='lat' dir='ltr'><strong>excedunt,</strong></span> <span class='ocrx_word' id='word_1_8' title='bbox 397 658 463 715; x_wconf 88' lang='lat' dir='ltr'><strong>nihii</strong></span> <span class='ocrx_word' id='word_1_9' title='bbox 479 660 544 715; x_wconf 90' lang='lat' dir='ltr'><strong>iuris</strong></span> <span class='ocrx_word' id='word_1_10' title='bbox 561 674 592 713; x_wconf 86' lang='lat' dir='ltr'><strong>ex</strong></span> <span class='ocrx_word' id='word_1_11' title='bbox 608 656 669 731; x_wconf 89' lang='lat' dir='ltr'><strong>iege</strong></span> <span class='ocrx_word' id='word_1_12' title='bbox 684 650 817 714; x_wconf 89' lang='lat' dir='ltr'><strong>&#39;habent.¹</strong></span> <span class='ocrx_word' id='word_1_13' title='bbox 850 652 899 713; x_wconf 80' lang='lat'><strong>24.</strong></span> <span class='ocrx_word' id='word_1_14' title='bbox 916 657 1044 715; x_wconf 89' lang='lat' dir='ltr'><strong>Similiter</strong></span> <span class='ocrx_word' id='word_1_15' title='bbox 1055 673 1110 715; x_wconf 89' lang='lat' dir='ltr'><strong>non</strong></span> 
     </span>
     <span class='ocr_line' id='line_1_3' title="bbox 160 741 1109 817; baseline -0.003 -17"><span class='ocrx_word' id='word_1_16' title='bbox 160 744 340 800; x_wconf 90' lang='lat' dir='ltr'><strong>admittuntur</strong></span> <span class='ocrx_word' id='word_1_17' title='bbox 355 743 475 817; x_wconf 76' lang='lat' dir='ltr'><strong>cognati,</strong></span> <span class='ocrx_word' id='word_1_18' title='bbox 492 743 537 816; x_wconf 92' lang='lat' dir='ltr'><strong>qui</strong></span> <span class='ocrx_word' id='word_1_19' title='bbox 553 757 602 815; x_wconf 88' lang='lat' dir='ltr'><strong>per</strong></span> <span class='ocrx_word' id='word_1_20' title='bbox 617 741 735 796; x_wconf 84' lang='lat' dir='ltr'><strong>seminini</strong></span> <span class='ocrx_word' id='word_1_21' title='bbox 750 758 832 797; x_wconf 82' lang='lat' dir='ltr'><strong>sexus</strong></span> <span class='ocrx_word' id='word_1_22' title='bbox 848 757 979 815; x_wconf 80' lang='lat' dir='ltr'><strong>personas</strong></span> <span class='ocrx_word' id='word_1_23' title='bbox 994 743 1109 798; x_wconf 85' lang='lat' dir='ltr'><strong>necessi·</strong></span> 
     </span>
     <span class='ocr_line' id='line_1_4' title="bbox 160 824 1110 901; baseline -0.002 -17"><span class='ocrx_word' id='word_1_24' title='bbox 160 827 253 884; x_wconf 89' lang='lat' dir='ltr'><strong>tudine</strong></span> <span class='ocrx_word' id='word_1_25' title='bbox 267 829 428 901; x_wconf 89' lang='lat' dir='ltr'><strong>iunguntur,</strong></span> <span class='ocrx_word' id='word_1_26' title='bbox 444 825 510 882; x_wconf 89' lang='lat' dir='ltr'><strong>adeo</strong></span> <span class='ocrx_word' id='word_1_27' title='bbox 527 824 643 898; x_wconf 89' lang='lat' dir='ltr'><strong>quidem,</strong></span> <span class='ocrx_word' id='word_1_28' title='bbox 659 832 689 879; x_wconf 94' lang='lat' dir='ltr'><strong>ut</strong></span> <span class='ocrx_word' id='word_1_29' title='bbox 704 841 754 881; x_wconf 90' lang='lat' dir='ltr'><strong>nec</strong></span> <span class='ocrx_word' id='word_1_30' title='bbox 767 827 840 882; x_wconf 91' lang='lat' dir='ltr'><strong>inter</strong></span> <span class='ocrx_word' id='word_1_31' title='bbox 856 834 967 881; x_wconf 89' lang='lat' dir='ltr'><strong>matrem</strong></span> <span class='ocrx_word' id='word_1_32' title='bbox 982 834 1009 881; x_wconf 90' lang='lat' dir='ltr'><strong>et</strong></span> <span class='ocrx_word' id='word_1_33' title='bbox 1025 824 1110 882; x_wconf 85' lang='lat' dir='ltr'><strong>filium</strong></span> 
     </span>
     <span class='ocr_line' id='line_1_5' title="bbox 159 908 1109 983; baseline -0.001 -17"><span class='ocrx_word' id='word_1_34' title='bbox 159 909 276 967; x_wconf 84' lang='lat' dir='ltr'><strong>hiiamue</strong></span> <span class='ocrx_word' id='word_1_35' title='bbox 305 910 376 966; x_wconf 89' lang='lat' dir='ltr'><strong>uitro</strong></span> <span class='ocrx_word' id='word_1_36' title='bbox 403 911 526 983; x_wconf 86' lang='lat' dir='ltr'><strong>citroque</strong></span> <span class='ocrx_word' id='word_1_37' title='bbox 556 908 711 964; x_wconf 90' lang='lat' dir='ltr'><strong>hereditatis</strong></span> <span class='ocrx_word' id='word_1_38' title='bbox 738 909 885 983; x_wconf 70' lang='lat' dir='ltr'>capiendae</span> <span class='ocrx_word' id='word_1_39' title='bbox 908 911 949 964; x_wconf 92' lang='lat' dir='ltr'><strong>ius</strong></span> <span class='ocrx_word' id='word_1_40' title='bbox 972 918 1109 982; x_wconf 77' lang='lat' dir='ltr'>conpetat,</span> 
     </span>
     <span class='ocr_line' id='line_1_6' title="bbox 159 993 1110 1069; baseline -0.002 -19"><span class='ocrx_word' id='word_1_41' title='bbox 159 1004 346 1069; x_wconf 76' lang='lat' dir='ltr'><strong>praeterquam</strong></span> <span class='ocrx_word' id='word_1_42' title='bbox 361 995 453 1068; x_wconf 85' lang='lat' dir='ltr'><strong>siper</strong></span> <span class='ocrx_word' id='word_1_43' title='bbox 469 993 496 1048; x_wconf 92' lang='lat' dir='ltr'><strong>in</strong></span> <span class='ocrx_word' id='word_1_44' title='bbox 515 1008 620 1048; x_wconf 89' lang='lat' dir='ltr'><strong>manum</strong></span> <span class='ocrx_word' id='word_1_45' title='bbox 641 993 849 1049; x_wconf 87' lang='lat' dir='ltr'><strong>conuentionem</strong></span> <span class='ocrx_word' id='word_1_46' title='bbox 871 994 1110 1066; x_wconf 76' lang='lat' dir='ltr'><strong>consanguinitatis</strong></span> 
     </span>
     <span class='ocr_line' id='line_1_7' title="bbox 159 1069 579 1134; baseline -0.01 0"><span class='ocrx_word' id='word_1_47' title='bbox 159 1079 216 1134; x_wconf 90' lang='lat' dir='ltr'><strong>iura</strong></span> <span class='ocrx_word' id='word_1_48' title='bbox 231 1079 303 1134; x_wconf 89' lang='lat' dir='ltr'><strong>inter</strong></span> <span class='ocrx_word' id='word_1_49' title='bbox 318 1093 365 1133; x_wconf 91' lang='lat' dir='ltr'><strong>eos</strong></span> <span class='ocrx_word' id='word_1_50' title='bbox 380 1069 579 1134; x_wconf 88' lang='lat' dir='ltr'><strong>constiterint.²</strong></span> 
     </span>
     <span class='ocr_line' id='line_1_8' title="bbox 221 1155 1109 1239; baseline -0.001 -21"><span class='ocrx_word' id='word_1_51' title='bbox 221 1158 270 1219; x_wconf 71' lang='lat'><strong>26.</strong></span> <span class='ocrx_word' id='word_1_52' title='bbox 294 1160 345 1217; x_wconf 87' lang='lat' dir='ltr'><strong>Sed</strong></span> <span class='ocrx_word' id='word_1_53' title='bbox 362 1161 411 1217; x_wconf 91' lang='lat' dir='ltr'><strong>hae</strong></span> <span class='ocrx_word' id='word_1_54' title='bbox 426 1161 492 1216; x_wconf 91' lang='lat' dir='ltr'><strong>iuris</strong></span> <span class='ocrx_word' id='word_1_55' title='bbox 508 1160 663 1232; x_wconf 84' lang='lat' dir='ltr'><strong>iniquitates</strong></span> <span class='ocrx_word' id='word_1_56' title='bbox 680 1158 768 1216; x_wconf 88' lang='lat' dir='ltr'><strong>edicto</strong></span> <span class='ocrx_word' id='word_1_57' title='bbox 783 1161 918 1232; x_wconf 87' lang='lat' dir='ltr'><strong>praetoris</strong></span> <span class='ocrx_word' id='word_1_58' title='bbox 933 1161 1088 1217; x_wconf 81' lang='lat' dir='ltr'><strong>emendatae</strong></span> <span class='ocrx_word' id='word_1_59' title='bbox 1105 1155 1109 1239; x_wconf 70' lang='lat' dir='ltr'><strong>i</strong></span> 
     </span>
     <span class='ocr_line' id='line_1_9' title="bbox 87 1239 1110 1317; baseline 0.001 -18"><span class='ocrx_word' id='word_1_60' title='bbox 87 1249 147 1299; x_wconf 78' lang='lat'>1³1.</span> <span class='ocrx_word' id='word_1_61' title='bbox 157 1253 231 1306; x_wconf 83' lang='lat' dir='ltr'><strong>sunt,</strong></span> <span class='ocrx_word' id='word_1_62' title='bbox 275 1239 323 1302; x_wconf 76' lang='lat'><strong>26.</strong></span> <span class='ocrx_word' id='word_1_63' title='bbox 346 1244 411 1301; x_wconf 82' lang='lat' dir='ltr'><strong>Nam</strong></span> <span class='ocrx_word' id='word_1_64' title='bbox 426 1246 531 1301; x_wconf 81' lang='lat' dir='ltr'><strong>liberos</strong></span> <span class='ocrx_word' id='word_1_65' title='bbox 547 1259 650 1312; x_wconf 84' lang='lat' dir='ltr'><strong>omnes,</strong></span> <span class='ocrx_word' id='word_1_66' title='bbox 666 1245 711 1317; x_wconf 88' lang='lat' dir='ltr'><strong>qni</strong></span> <span class='ocrx_word' id='word_1_67' title='bbox 727 1243 849 1316; x_wconf 88' lang='lat' dir='ltr'><strong>legitimo</strong></span> <span class='ocrx_word' id='word_1_68' title='bbox 865 1246 923 1299; x_wconf 87' lang='lat' dir='ltr'><strong>iure</strong></span> <span class='ocrx_word' id='word_1_69' title='bbox 938 1243 1110 1316; x_wconf 79' lang='lat' dir='ltr'><strong>deiciuntur,</strong></span> 
     </span>
     <span class='ocr_line' id='line_1_10' title="bbox 158 1326 1110 1402; baseline -0.001 -16"><span class='ocrx_word' id='word_1_70' title='bbox 158 1338 239 1387; x_wconf 88' lang='lat' dir='ltr'><strong>uocat</strong></span> <span class='ocrx_word' id='word_1_71' title='bbox 261 1330 295 1385; x_wconf 90' lang='lat' dir='ltr'><strong>ad</strong></span> <span class='ocrx_word' id='word_1_72' title='bbox 318 1328 494 1385; x_wconf 84' lang='lat' dir='ltr'><strong>hereditatem</strong></span> <span class='ocrx_word' id='word_1_73' title='bbox 517 1326 631 1401; x_wconf 84' lang='lat' dir='ltr'><strong>proinde</strong></span> <span class='ocrx_word' id='word_1_74' title='bbox 660 1343 689 1383; x_wconf 89' lang='lat' dir='ltr'><strong>ae</strong></span> <span class='ocrx_word' id='word_1_75' title='bbox 716 1329 739 1382; x_wconf 90' lang='lat' dir='ltr'><strong>si</strong></span> <span class='ocrx_word' id='word_1_76' title='bbox 760 1328 788 1382; x_wconf 90' lang='lat' dir='ltr'><strong>in</strong></span> <span class='ocrx_word' id='word_1_77' title='bbox 810 1335 947 1400; x_wconf 83' lang='lat' dir='ltr'><strong>potestate</strong></span> <span class='ocrx_word' id='word_1_78' title='bbox 969 1338 1110 1402; x_wconf 87' lang='lat' dir='ltr'><strong>pareutum</strong></span> 
     </span>
     <span class='ocr_line' id='line_1_11' title="bbox 157 1410 1110 1486; baseline -0.001 -16"><span class='ocrx_word' id='word_1_79' title='bbox 157 1415 252 1471; x_wconf 83' lang='lat' dir='ltr'><strong>mortis</strong></span> <span class='ocrx_word' id='word_1_80' title='bbox 268 1421 390 1486; x_wconf 90' lang='lat' dir='ltr'><strong>tempore</strong></span> <span class='ocrx_word' id='word_1_81' title='bbox 405 1412 530 1483; x_wconf 85' lang='lat' dir='ltr'><strong>inissent,</strong></span> <span class='ocrx_word' id='word_1_82' title='bbox 545 1414 604 1467; x_wconf 88' lang='lat' dir='ltr'><strong>siue</strong></span> <span class='ocrx_word' id='word_1_83' title='bbox 619 1410 670 1466; x_wconf 89' lang='lat' dir='ltr'><strong>soli</strong></span> <span class='ocrx_word' id='word_1_84' title='bbox 686 1411 751 1482; x_wconf 87' lang='lat' dir='ltr'><strong>sint,</strong></span> <span class='ocrx_word' id='word_1_85' title='bbox 767 1412 825 1466; x_wconf 89' lang='lat' dir='ltr'><strong>siue</strong></span> <span class='ocrx_word' id='word_1_86' title='bbox 837 1413 918 1469; x_wconf 89' lang='lat' dir='ltr'><strong>etiam</strong></span> <span class='ocrx_word' id='word_1_87' title='bbox 934 1414 976 1468; x_wconf 91' lang='lat' dir='ltr'><strong>sui</strong></span> <span class='ocrx_word' id='word_1_88' title='bbox 987 1413 1110 1484; x_wconf 89' lang='lat' dir='ltr'><strong>heredes,</strong></span> 
     </span>
     <span class='ocr_line' id='line_1_12' title="bbox 157 1492 1109 1571; baseline -0.002 -17"><span class='ocrx_word' id='word_1_89' title='bbox 157 1499 184 1554; x_wconf 90' lang='lat' dir='ltr'><strong>id</strong></span> <span class='ocrx_word' id='word_1_90' title='bbox 197 1507 239 1554; x_wconf 85' lang='lat' dir='ltr'><strong>est</strong></span> <span class='ocrx_word' id='word_1_91' title='bbox 251 1497 336 1571; x_wconf 88' lang='lat' dir='ltr'><strong>quiin</strong></span> <span class='ocrx_word' id='word_1_92' title='bbox 347 1505 484 1570; x_wconf 88' lang='lat' dir='ltr'><strong>potestate</strong></span> <span class='ocrx_word' id='word_1_93' title='bbox 494 1496 578 1569; x_wconf 87' lang='lat' dir='ltr'><strong>patris</strong></span> <span class='ocrx_word' id='word_1_94' title='bbox 589 1494 708 1565; x_wconf 87' lang='lat' dir='ltr'><strong>inerunt,</strong></span> <span class='ocrx_word' id='word_1_95' title='bbox 718 1504 890 1552; x_wconf 87' lang='lat' dir='ltr'><strong>concurrant.</strong></span> <span class='ocrx_word' id='word_1_96' title='bbox 912 1492 960 1554; x_wconf 78' lang='lat'><strong>27.</strong></span> <span class='ocrx_word' id='word_1_97' title='bbox 972 1496 1109 1570; x_wconf 77' lang='lat' dir='ltr'><strong>hdpnatos</strong></span> 
     </span>
     <span class='ocr_line' id='line_1_13' title="bbox 158 1577 1108 1655; baseline -0.004 -17"><span class='ocrx_word' id='word_1_98' title='bbox 158 1588 248 1639; x_wconf 87' lang='lat' dir='ltr'><strong>autem</strong></span> <span class='ocrx_word' id='word_1_99' title='bbox 263 1582 349 1655; x_wconf 89' lang='lat' dir='ltr'><strong>capite</strong></span> <span class='ocrx_word' id='word_1_100' title='bbox 365 1579 518 1637; x_wconf 84' lang='lat' dir='ltr'><strong>deminutos</strong></span> <span class='ocrx_word' id='word_1_101' title='bbox 533 1595 588 1634; x_wconf 93' lang='lat' dir='ltr'><strong>non</strong></span> <span class='ocrx_word' id='word_1_102' title='bbox 604 1577 723 1634; x_wconf 88' lang='lat' dir='ltr'><strong>secundo</strong></span> <span class='ocrx_word' id='word_1_103' title='bbox 739 1579 823 1653; x_wconf 91' lang='lat' dir='ltr'><strong>gradu</strong></span> <span class='ocrx_word' id='word_1_104' title='bbox 839 1589 903 1652; x_wconf 90' lang='lat' dir='ltr'><strong>post</strong></span> <span class='ocrx_word' id='word_1_105' title='bbox 917 1597 981 1636; x_wconf 87' lang='lat' dir='ltr'><strong>suos</strong></span> <span class='ocrx_word' id='word_1_106' title='bbox 997 1580 1108 1636; x_wconf 89' lang='lat' dir='ltr'><strong>heredes</strong></span> 
     </span>
     <span class='ocr_line' id='line_1_14' title="bbox 158 1662 1108 1737; baseline -0.003 -15"><span class='ocrx_word' id='word_1_107' title='bbox 158 1673 248 1736; x_wconf 87' lang='lat' dir='ltr'><strong>uocat,</strong></span> <span class='ocrx_word' id='word_1_108' title='bbox 263 1663 290 1721; x_wconf 90' lang='lat' dir='ltr'><strong>id</strong></span> <span class='ocrx_word' id='word_1_109' title='bbox 306 1671 358 1735; x_wconf 87' lang='lat' dir='ltr'><strong>est,</strong></span> <span class='ocrx_word' id='word_1_110' title='bbox 374 1679 429 1721; x_wconf 91' lang='lat' dir='ltr'><strong>non</strong></span> <span class='ocrx_word' id='word_1_111' title='bbox 444 1680 477 1719; x_wconf 94' lang='lat' dir='ltr'><strong>eo</strong></span> <span class='ocrx_word' id='word_1_112' title='bbox 493 1662 578 1736; x_wconf 91' lang='lat' dir='ltr'><strong>gradu</strong></span> <span class='ocrx_word' id='word_1_113' title='bbox 593 1670 683 1732; x_wconf 90' lang='lat' dir='ltr'><strong>uocat,</strong></span> <span class='ocrx_word' id='word_1_114' title='bbox 699 1678 753 1735; x_wconf 91' lang='lat' dir='ltr'><strong>quo</strong></span> <span class='ocrx_word' id='word_1_115' title='bbox 770 1679 817 1736; x_wconf 91' lang='lat' dir='ltr'><strong>per</strong></span> <span class='ocrx_word' id='word_1_116' title='bbox 832 1663 920 1737; x_wconf 88' lang='lat' dir='ltr'><strong>legem</strong></span> <span class='ocrx_word' id='word_1_117' title='bbox 935 1673 1108 1734; x_wconf 87' lang='lat' dir='ltr'><strong>uocarentur,</strong></span> 
     </span>
     <span class='ocr_line' id='line_1_15' title="bbox 158 1743 1108 1822; baseline -0.001 -17"><span class='ocrx_word' id='word_1_118' title='bbox 158 1750 183 1805; x_wconf 86' lang='lat' dir='ltr'><strong>si</strong></span> <span class='ocrx_word' id='word_1_119' title='bbox 197 1749 284 1822; x_wconf 87' lang='lat' dir='ltr'><strong>capite</strong></span> <span class='ocrx_word' id='word_1_120' title='bbox 300 1749 394 1804; x_wconf 90' lang='lat' dir='ltr'><strong>minuti</strong></span> <span class='ocrx_word' id='word_1_121' title='bbox 410 1763 466 1803; x_wconf 92' lang='lat' dir='ltr'><strong>non</strong></span> <span class='ocrx_word' id='word_1_122' title='bbox 487 1753 591 1808; x_wconf 74' lang='lat' dir='ltr'><strong>essent:</strong></span> <span class='ocrx_word' id='word_1_123' title='bbox 615 1743 662 1799; x_wconf 88' lang='lat' dir='ltr'><strong>sed</strong></span> <span class='ocrx_word' id='word_1_124' title='bbox 685 1747 765 1801; x_wconf 90' lang='lat' dir='ltr'><strong>tertio</strong></span> <span class='ocrx_word' id='word_1_125' title='bbox 787 1748 964 1819; x_wconf 79' lang='lat' dir='ltr'><strong>proximitatis</strong></span> <span class='ocrx_word' id='word_1_126' title='bbox 986 1749 1108 1804; x_wconf 89' lang='lat' dir='ltr'><strong>nomine:</strong></span> 
     </span>
     <span class='ocr_line' id='line_1_16' title="bbox 158 1828 1109 1905; baseline 0 -17"><span class='ocrx_word' id='word_1_127' title='bbox 158 1832 222 1890; x_wconf 88' lang='lat' dir='ltr'><strong>iicet</strong></span> <span class='ocrx_word' id='word_1_128' title='bbox 237 1833 306 1889; x_wconf 90' lang='lat' dir='ltr'><strong>enim</strong></span> <span class='ocrx_word' id='word_1_129' title='bbox 323 1833 417 1905; x_wconf 83' lang='lat' dir='ltr'><strong>capitis</strong></span> <span class='ocrx_word' id='word_1_130' title='bbox 434 1829 616 1885; x_wconf 90' lang='lat' dir='ltr'><strong>deminutione</strong></span> <span class='ocrx_word' id='word_1_131' title='bbox 631 1829 675 1884; x_wconf 84' lang='lat' dir='ltr'><strong>ius</strong></span> <span class='ocrx_word' id='word_1_132' title='bbox 686 1828 836 1903; x_wconf 77' lang='lat' dir='ltr'><strong>legitimum</strong></span> <span class='ocrx_word' id='word_1_133' title='bbox 848 1830 1024 1903; x_wconf 88' lang='lat' dir='ltr'><strong>perdiderint,</strong></span> <span class='ocrx_word' id='word_1_134' title='bbox 1036 1842 1109 1888; x_wconf 89' lang='lat' dir='ltr'><strong>certe</strong></span> 
     </span>
     <span class='ocr_line' id='line_1_17' title="bbox 159 1913 1108 1990; baseline -0.003 -17"><span class='ocrx_word' id='word_1_135' title='bbox 159 1916 330 1990; x_wconf 81' lang='lat' dir='ltr'><strong>cognationis</strong></span> <span class='ocrx_word' id='word_1_136' title='bbox 345 1916 403 1970; x_wconf 87' lang='lat' dir='ltr'><strong>iura</strong></span> <span class='ocrx_word' id='word_1_137' title='bbox 418 1915 554 1969; x_wconf 71' lang='lat' dir='ltr'><strong>retinenti</strong></span> <span class='ocrx_word' id='word_1_138' title='bbox 565 1913 657 1985; x_wconf 89' lang='lat' dir='ltr'><strong>itaque</strong></span> <span class='ocrx_word' id='word_1_139' title='bbox 671 1914 694 1967; x_wconf 89' lang='lat' dir='ltr'><strong>si</strong></span> <span class='ocrx_word' id='word_1_140' title='bbox 707 1914 843 1986; x_wconf 88' lang='lat' dir='ltr'><strong>quisalius</strong></span> <span class='ocrx_word' id='word_1_141' title='bbox 855 1915 899 1988; x_wconf 88' lang='lat' dir='ltr'><strong>sit,</strong></span> <span class='ocrx_word' id='word_1_142' title='bbox 912 1916 956 1986; x_wconf 87' lang='lat' dir='ltr'><strong>qui</strong></span> <span class='ocrx_word' id='word_1_143' title='bbox 972 1915 1108 1988; x_wconf 89' lang='lat' dir='ltr'><strong>integrum</strong></span> 
     </span>
     <span class='ocr_line' id='line_1_18' title="bbox 160 1995 1110 2074; baseline -0.001 -18"><span class='ocrx_word' id='word_1_144' title='bbox 160 2001 203 2056; x_wconf 91' lang='lat' dir='ltr'><strong>ius</strong></span> <span class='ocrx_word' id='word_1_145' title='bbox 219 1999 371 2074; x_wconf 80' lang='lat' dir='ltr'><strong>agnationis</strong></span> <span class='ocrx_word' id='word_1_146' title='bbox 387 1995 507 2068; x_wconf 88' lang='lat' dir='ltr'><strong>habehit,</strong></span> <span class='ocrx_word' id='word_1_147' title='bbox 530 1997 552 2050; x_wconf 86' lang='lat' dir='ltr'><strong>is</strong></span> <span class='ocrx_word' id='word_1_148' title='bbox 568 1997 660 2069; x_wconf 90' lang='lat' dir='ltr'><strong>potior</strong></span> <span class='ocrx_word' id='word_1_149' title='bbox 681 1999 743 2069; x_wconf 90' lang='lat' dir='ltr'><strong>erit,</strong></span> <span class='ocrx_word' id='word_1_150' title='bbox 766 1997 869 2053; x_wconf 89' lang='lat' dir='ltr'><strong>etiamsi</strong></span> <span class='ocrx_word' id='word_1_151' title='bbox 885 1997 1008 2069; x_wconf 88' lang='lat' dir='ltr'><strong>longiore</strong></span> <span class='ocrx_word' id='word_1_152' title='bbox 1024 1999 1110 2070; x_wconf 91' lang='lat' dir='ltr'><strong>gradu</strong></span> 
     </span>
     <span class='ocr_line' id='line_1_19' title="bbox 161 2077 1109 2154; baseline -0.003 -15"><span class='ocrx_word' id='word_1_153' title='bbox 161 2083 253 2141; x_wconf 88' lang='lat' dir='ltr'><strong>inerit.</strong></span> <span class='ocrx_word' id='word_1_154' title='bbox 297 2077 347 2138; x_wconf 74' lang='lat'><strong>28.</strong></span> <span class='ocrx_word' id='word_1_155' title='bbox 371 2079 442 2137; x_wconf 88' lang='lat' dir='ltr'><strong>idem</strong></span> <span class='ocrx_word' id='word_1_156' title='bbox 459 2081 525 2136; x_wconf 89' lang='lat' dir='ltr'><strong>iuris</strong></span> <span class='ocrx_word' id='word_1_157' title='bbox 541 2088 592 2151; x_wconf 87' lang='lat' dir='ltr'><strong>est,</strong></span> <span class='ocrx_word' id='word_1_158' title='bbox 616 2088 646 2136; x_wconf 93' lang='lat' dir='ltr'><strong>ut</strong></span> <span class='ocrx_word' id='word_1_159' title='bbox 662 2081 768 2154; x_wconf 88' lang='lat' dir='ltr'><strong>qnidam</strong></span> <span class='ocrx_word' id='word_1_160' title='bbox 783 2088 886 2154; x_wconf 88' lang='lat' dir='ltr'><strong>putant.</strong></span> <span class='ocrx_word' id='word_1_161' title='bbox 901 2082 928 2135; x_wconf 92' lang='lat' dir='ltr'><strong>in</strong></span> <span class='ocrx_word' id='word_1_162' title='bbox 944 2080 1001 2135; x_wconf 91' lang='lat' dir='ltr'><strong>eius</strong></span> <span class='ocrx_word' id='word_1_163' title='bbox 1018 2086 1109 2153; x_wconf 89' lang='lat' dir='ltr'><strong>agnati</strong></span> 
     </span>
     <span class='ocr_line' id='line_1_20' title="bbox 160 2163 1109 2241; baseline -0.003 -19"><span class='ocrx_word' id='word_1_164' title='bbox 160 2182 290 2241; x_wconf 89' lang='lat' dir='ltr'><strong>persona,</strong></span> <span class='ocrx_word' id='word_1_165' title='bbox 313 2165 359 2237; x_wconf 86' lang='lat' dir='ltr'><strong>qui</strong></span> <span class='ocrx_word' id='word_1_166' title='bbox 381 2165 503 2237; x_wconf 79' lang='lat' dir='ltr'><strong>proximo</strong></span> <span class='ocrx_word' id='word_1_167' title='bbox 526 2172 624 2237; x_wconf 89' lang='lat' dir='ltr'><strong>agnato</strong></span> <span class='ocrx_word' id='word_1_168' title='bbox 648 2166 787 2220; x_wconf 88' lang='lat' dir='ltr'><strong>omittente</strong></span> <span class='ocrx_word' id='word_1_169' title='bbox 809 2163 1000 2231; x_wconf 85' lang='lat' dir='ltr'><strong>hereditatem,</strong></span> <span class='ocrx_word' id='word_1_170' title='bbox 1024 2164 1109 2220; x_wconf 87' lang='lat' dir='ltr'><strong>nihilo</strong></span> 
     </span>
     <span class='ocr_line' id='line_1_21' title="bbox 159 2246 1110 2322; baseline -0.001 -17"><span class='ocrx_word' id='word_1_171' title='bbox 159 2251 245 2322; x_wconf 88' lang='lat' dir='ltr'><strong>magis</strong></span> <span class='ocrx_word' id='word_1_172' title='bbox 260 2251 318 2304; x_wconf 93' lang='lat' dir='ltr'><strong>inre</strong></span> <span class='ocrx_word' id='word_1_173' title='bbox 334 2247 454 2321; x_wconf 83' lang='lat' dir='ltr'><strong>legitimo</strong></span> <span class='ocrx_word' id='word_1_174' title='bbox 477 2246 641 2318; x_wconf 88' lang='lat' dir='ltr'><strong>admittitur;</strong></span> <span class='ocrx_word' id='word_1_175' title='bbox 664 2247 711 2304; x_wconf 93' lang='lat' dir='ltr'><strong>sed</strong></span> <span class='ocrx_word' id='word_1_176' title='bbox 734 2255 812 2316; x_wconf 89' lang='lat' dir='ltr'><strong>sunt,</strong></span> <span class='ocrx_word' id='word_1_177' title='bbox 836 2249 881 2320; x_wconf 88' lang='lat' dir='ltr'><strong>qui</strong></span> <span class='ocrx_word' id='word_1_178' title='bbox 903 2255 1014 2320; x_wconf 91' lang='lat' dir='ltr'><strong>putant,</strong></span> <span class='ocrx_word' id='word_1_179' title='bbox 1038 2248 1110 2304; x_wconf 88' lang='lat' dir='ltr'><strong>hune</strong></span> 
     </span>
     <span class='ocr_line' id='line_1_22' title="bbox 159 2330 1110 2409; baseline 0.001 -20"><span class='ocrx_word' id='word_1_180' title='bbox 159 2333 253 2389; x_wconf 89' lang='lat' dir='ltr'><strong>eodem</strong></span> <span class='ocrx_word' id='word_1_181' title='bbox 269 2330 355 2405; x_wconf 90' lang='lat' dir='ltr'><strong>gradu</strong></span> <span class='ocrx_word' id='word_1_182' title='bbox 370 2348 385 2387; x_wconf 94' lang='lat' dir='ltr'><strong>a</strong></span> <span class='ocrx_word' id='word_1_183' title='bbox 400 2341 525 2406; x_wconf 88' lang='lat' dir='ltr'><strong>praetore</strong></span> <span class='ocrx_word' id='word_1_184' title='bbox 541 2333 646 2409; x_wconf 89' lang='lat' dir='ltr'><strong>uocari,</strong></span> <span class='ocrx_word' id='word_1_185' title='bbox 669 2347 723 2406; x_wconf 90' lang='lat' dir='ltr'><strong>quo</strong></span> <span class='ocrx_word' id='word_1_186' title='bbox 744 2332 823 2386; x_wconf 88' lang='lat' dir='ltr'><strong>etiam</strong></span> <span class='ocrx_word' id='word_1_187' title='bbox 838 2345 887 2404; x_wconf 91' lang='lat' dir='ltr'><strong>per</strong></span> <span class='ocrx_word' id='word_1_188' title='bbox 901 2331 990 2405; x_wconf 87' lang='lat' dir='ltr'><strong>legem</strong></span> <span class='ocrx_word' id='word_1_189' title='bbox 1005 2335 1110 2406; x_wconf 89' lang='lat' dir='ltr'><strong>agnatis</strong></span> 
     </span>
     <span class='ocr_line' id='line_1_23' title="bbox 159 2412 1110 2490; baseline -0.001 -17"><span class='ocrx_word' id='word_1_190' title='bbox 159 2414 294 2473; x_wconf 87' lang='lat' dir='ltr'><strong>hereditas</strong></span> <span class='ocrx_word' id='word_1_191' title='bbox 317 2414 402 2472; x_wconf 87' lang='lat' dir='ltr'><strong>datur.</strong></span> <span class='ocrx_word' id='word_1_192' title='bbox 446 2412 496 2473; x_wconf 79' lang='lat'><strong>29.</strong></span> <span class='ocrx_word' id='word_1_193' title='bbox 520 2415 644 2473; x_wconf 86' lang='lat' dir='ltr'><strong>Feminae</strong></span> <span class='ocrx_word' id='word_1_194' title='bbox 666 2425 740 2473; x_wconf 91' lang='lat' dir='ltr'><strong>certe</strong></span> <span class='ocrx_word' id='word_1_195' title='bbox 762 2424 883 2489; x_wconf 86' lang='lat' dir='ltr'><strong>agnatae,</strong></span> <span class='ocrx_word' id='word_1_196' title='bbox 908 2432 975 2490; x_wconf 89' lang='lat' dir='ltr'><strong>qnae</strong></span> <span class='ocrx_word' id='word_1_197' title='bbox 997 2433 1110 2473; x_wconf 90' lang='lat' dir='ltr'><strong>consan-</strong></span> 
     </span>
     <span class='ocr_line' id='line_1_24' title="bbox 159 2499 1108 2576; baseline 0 -21"><span class='ocrx_word' id='word_1_198' title='bbox 159 2501 320 2574; x_wconf 89' lang='lat' dir='ltr'><strong>guineorum</strong></span> <span class='ocrx_word' id='word_1_199' title='bbox 343 2501 456 2574; x_wconf 89' lang='lat' dir='ltr'><strong>gradum</strong></span> <span class='ocrx_word' id='word_1_200' title='bbox 478 2499 621 2572; x_wconf 72' lang='lat' dir='ltr'><strong>excedunt,</strong></span> <span class='ocrx_word' id='word_1_201' title='bbox 644 2502 726 2556; x_wconf 91' lang='lat' dir='ltr'><strong>tertio</strong></span> <span class='ocrx_word' id='word_1_202' title='bbox 750 2500 834 2571; x_wconf 87' lang='lat' dir='ltr'><strong>gradu</strong></span> <span class='ocrx_word' id='word_1_203' title='bbox 851 2508 992 2572; x_wconf 88' lang='lat' dir='ltr'><strong>uocantur,</strong></span> <span class='ocrx_word' id='word_1_204' title='bbox 1016 2499 1108 2576; x_wconf 89' lang='lat' dir='ltr'><strong>idest,</strong></span> 
     </span>
     <span class='ocr_line' id='line_1_25' title="bbox 159 2581 1108 2659; baseline -0.001 -18"><span class='ocrx_word' id='word_1_205' title='bbox 159 2585 286 2657; x_wconf 85' lang='lat' dir='ltr'><strong>sineque</strong></span> <span class='ocrx_word' id='word_1_206' title='bbox 307 2601 372 2641; x_wconf 89' lang='lat' dir='ltr'><strong>suus</strong></span> <span class='ocrx_word' id='word_1_207' title='bbox 388 2587 468 2642; x_wconf 87' lang='lat' dir='ltr'><strong>heres</strong></span> <span class='ocrx_word' id='word_1_208' title='bbox 488 2600 576 2659; x_wconf 86' lang='lat' dir='ltr'><strong>neque</strong></span> <span class='ocrx_word' id='word_1_209' title='bbox 597 2592 710 2657; x_wconf 91' lang='lat' dir='ltr'><strong>agnatus</strong></span> <span class='ocrx_word' id='word_1_210' title='bbox 734 2583 807 2640; x_wconf 84' lang='lat' dir='ltr'><strong>nilus</strong></span> <span class='ocrx_word' id='word_1_211' title='bbox 828 2583 889 2641; x_wconf 88' lang='lat' dir='ltr'><strong>erit.</strong></span> <span class='ocrx_word' id='word_1_212' title='bbox 933 2581 986 2642; x_wconf 78' lang='lat'><strong>30.</strong></span> <span class='ocrx_word' id='word_1_213' title='bbox 1009 2583 1108 2641; x_wconf 82' lang='lat' dir='ltr'><strong>Eodem</strong></span> 
     </span>
     <span class='ocr_line' id='line_1_26' title="bbox 159 2667 1108 2743; baseline -0.003 -18"><span class='ocrx_word' id='word_1_214' title='bbox 159 2667 245 2743; x_wconf 89' lang='lat' dir='ltr'><strong>gradu</strong></span> <span class='ocrx_word' id='word_1_215' title='bbox 261 2678 394 2728; x_wconf 88' lang='lat' dir='ltr'><strong>uocantur</strong></span> <span class='ocrx_word' id='word_1_216' title='bbox 410 2672 489 2726; x_wconf 88' lang='lat' dir='ltr'><strong>etiam</strong></span> <span class='ocrx_word' id='word_1_217' title='bbox 504 2684 551 2726; x_wconf 88' lang='lat' dir='ltr'><strong>eae</strong></span> <span class='ocrx_word' id='word_1_218' title='bbox 566 2684 714 2741; x_wconf 88' lang='lat' dir='ltr'><strong>personae,</strong></span> <span class='ocrx_word' id='word_1_219' title='bbox 730 2683 803 2741; x_wconf 85' lang='lat' dir='ltr'><strong>quae</strong></span> <span class='ocrx_word' id='word_1_220' title='bbox 825 2683 873 2741; x_wconf 89' lang='lat' dir='ltr'><strong>per</strong></span> <span class='ocrx_word' id='word_1_221' title='bbox 896 2667 1015 2725; x_wconf 81' lang='lat' dir='ltr'><strong>seminini</strong></span> <span class='ocrx_word' id='word_1_222' title='bbox 1030 2683 1108 2724; x_wconf 84' lang='lat' dir='ltr'><strong>senus</strong></span> 
     </span>
     <span class='ocr_line' id='line_1_27' title="bbox 158 2747 1108 2829; baseline -0.004 -19"><span class='ocrx_word' id='word_1_223' title='bbox 158 2769 290 2827; x_wconf 86' lang='lat' dir='ltr'><strong>personas</strong></span> <span class='ocrx_word' id='word_1_224' title='bbox 304 2754 446 2829; x_wconf 82' lang='lat' dir='ltr'><strong>copulatae</strong></span> <span class='ocrx_word' id='word_1_225' title='bbox 462 2760 534 2809; x_wconf 86' lang='lat' dir='ltr'><strong>sunt.</strong></span> <span class='ocrx_word' id='word_1_226' title='bbox 576 2747 618 2809; x_wconf 80' lang='lat'><strong>31.</strong></span> <span class='ocrx_word' id='word_1_227' title='bbox 640 2751 729 2808; x_wconf 86' lang='lat' dir='ltr'><strong>Liberi</strong></span> <span class='ocrx_word' id='word_1_228' title='bbox 745 2766 865 2824; x_wconf 84' lang='lat' dir='ltr'><strong>qnoque,</strong></span> <span class='ocrx_word' id='word_1_229' title='bbox 881 2753 967 2824; x_wconf 88' lang='lat' dir='ltr'><strong>quiin</strong></span> <span class='ocrx_word' id='word_1_230' title='bbox 983 2751 1108 2825; x_wconf 90' lang='lat' dir='ltr'><strong>adoptiua</strong></span> 
     </span>
     <span class='ocr_line' id='line_1_28' title="bbox 158 2835 1177 2910; baseline 0 -17"><span class='ocrx_word' id='word_1_231' title='bbox 158 2836 256 2894; x_wconf 79' lang='lat' dir='ltr'><strong>tamdia</strong></span> <span class='ocrx_word' id='word_1_232' title='bbox 272 2847 351 2910; x_wconf 90' lang='lat' dir='ltr'><strong>sunt,</strong></span> <span class='ocrx_word' id='word_1_233' title='bbox 376 2839 408 2894; x_wconf 91' lang='lat' dir='ltr'><strong>ad</strong></span> <span class='ocrx_word' id='word_1_234' title='bbox 424 2836 583 2893; x_wconf 83' lang='lat' dir='ltr'><strong>naturaiiunr</strong></span> <span class='ocrx_word' id='word_1_235' title='bbox 598 2844 740 2908; x_wconf 88' lang='lat' dir='ltr'><strong>parentum</strong></span> <span class='ocrx_word' id='word_1_236' title='bbox 756 2835 932 2892; x_wconf 89' lang='lat' dir='ltr'><strong>hereditatem</strong></span> <span class='ocrx_word' id='word_1_237' title='bbox 948 2835 999 2891; x_wconf 91' lang='lat' dir='ltr'><strong>hoc</strong></span> <span class='ocrx_word' id='word_1_238' title='bbox 1014 2835 1107 2892; x_wconf 88' lang='lat' dir='ltr'><strong>eodem</strong></span> <span class='ocrx_word' id='word_1_239' title='bbox 1118 2851 1177 2900; x_wconf 83' lang='lat' dir='ltr'><strong>[stt]</strong></span> 
     </span>
     <span class='ocr_line' id='line_1_29' title="bbox 158 2922 403 2994; baseline 0.016 -19"><span class='ocrx_word' id='word_1_240' title='bbox 158 2922 244 2994; x_wconf 90' lang='lat' dir='ltr'><strong>gradu</strong></span> <span class='ocrx_word' id='word_1_241' title='bbox 260 2930 403 2979; x_wconf 88' lang='lat' dir='ltr'><strong>uocantur.</strong></span> 
     </span>
    </p>
   </div>
   <div class='ocr_carea' id='block_1_3' title="bbox 157 3066 1108 3275">
    <p class='ocr_par' dir='ltr' id='par_1_3' title="bbox 157 3066 1108 3275">
     <span class='ocr_line' id='line_1_30' title="bbox 232 3066 1108 3134; baseline -0.003 -16"><span class='ocrx_word' id='word_1_242' title='bbox 232 3066 252 3134; x_wconf 86' lang='lat'><strong>¹)</strong></span> <span class='ocrx_word' id='word_1_243' title='bbox 266 3070 362 3119; x_wconf 87' lang='lat' dir='ltr'><strong>habent&#39;</strong></span> <span class='ocrx_word' id='word_1_244' title='bbox 374 3069 400 3119; x_wconf 83' lang='lat' dir='ltr'><strong>C.</strong></span> <span class='ocrx_word' id='word_1_245' title='bbox 418 3068 552 3119; x_wconf 79' lang='lat' dir='ltr'><strong>Fortasse:</strong></span> <span class='ocrx_word' id='word_1_246' title='bbox 566 3068 654 3117; x_wconf 86' lang='lat' dir='ltr'><strong>habere</strong></span> <span class='ocrx_word' id='word_1_247' title='bbox 669 3068 792 3130; x_wconf 72' lang='lat' dir='ltr'><strong>uidentur,</strong></span> <span class='ocrx_word' id='word_1_248' title='bbox 807 3070 869 3133; x_wconf 84' lang='lat' dir='ltr'><strong>qnia</strong></span> <span class='ocrx_word' id='word_1_249' title='bbox 883 3069 931 3119; x_wconf 82' lang='lat' dir='ltr'><strong>doc</strong></span> <span class='ocrx_word' id='word_1_250' title='bbox 945 3082 995 3117; x_wconf 87' lang='lat' dir='ltr'><strong>non</strong></span> <span class='ocrx_word' id='word_1_251' title='bbox 1009 3073 1058 3116; x_wconf 84' lang='lat' dir='ltr'><strong>turn</strong></span> <span class='ocrx_word' id='word_1_252' title='bbox 1074 3081 1108 3116; x_wconf 78' lang='lat' dir='ltr'><strong>ex</strong></span> 
     </span>
     <span class='ocr_line' id='line_1_31' title="bbox 157 3137 1049 3204; baseline -0.003 -16"><span class='ocrx_word' id='word_1_253' title='bbox 157 3141 213 3204; x_wconf 80' lang='lat' dir='ltr'><strong>iege</strong></span> <span class='ocrx_word' id='word_1_254' title='bbox 227 3154 301 3202; x_wconf 85' lang='lat' dir='ltr'><strong>quam</strong></span> <span class='ocrx_word' id='word_1_255' title='bbox 315 3155 349 3188; x_wconf 74' lang='lat' dir='ltr'><strong>ea</strong></span> <span class='ocrx_word' id='word_1_256' title='bbox 363 3140 577 3201; x_wconf 83' lang='lat' dir='ltr'><strong>interpretatione</strong></span> <span class='ocrx_word' id='word_1_257' title='bbox 591 3139 646 3187; x_wconf 84' lang='lat' dir='ltr'><strong>eins</strong></span> <span class='ocrx_word' id='word_1_258' title='bbox 661 3139 782 3188; x_wconf 80' lang='lat' dir='ltr'><strong>ueniebat.</strong></span> <span class='ocrx_word' id='word_1_259' title='bbox 813 3139 852 3202; x_wconf 75' lang='lat' dir='ltr'><strong>Os.</strong></span> <span class='ocrx_word' id='word_1_260' title='bbox 868 3142 890 3201; x_wconf 71' lang='lat'><strong>5.</strong></span> <span class='ocrx_word' id='word_1_261' title='bbox 906 3151 938 3190; x_wconf 85' lang='lat' dir='ltr'><strong>tt.</strong></span> <span class='ocrx_word' id='word_1_262' title='bbox 954 3137 1049 3201; x_wconf 81' lang='lat' dir='ltr'><strong>placuit.</strong></span> 
     </span>
     <span class='ocr_line' id='line_1_32' title="bbox 159 3205 504 3275; baseline -0.006 -17"><span class='ocrx_word' id='word_1_263' title='bbox 159 3205 181 3275; x_wconf 76' lang='lat'><strong>¹)</strong></span> <span class='ocrx_word' id='word_1_264' title='bbox 193 3208 317 3274; x_wconf 81' lang='lat' dir='ltr'><strong>Sequitur</strong></span> <span class='ocrx_word' id='word_1_265' title='bbox 331 3211 399 3258; x_wconf 82' lang='lat' dir='ltr'><strong>lineo</strong></span> <span class='ocrx_word' id='word_1_266' title='bbox 415 3224 504 3258; x_wconf 74' lang='lat' dir='ltr'><strong>uocata.</strong></span> 
     </span>
    </p>
   </div>
   <div class='ocr_carea' id='block_1_4' title="bbox 156 3306 369 3316">
    <p class='ocr_par' dir='ltr' id='par_1_4' title="bbox 156 3306 369 3316">
     <span class='ocr_line' id='line_1_33' title="bbox 156 3306 369 3316; baseline 0.005 -3"><span class='ocrx_word' id='word_1_267' title='bbox 156 3306 322 3316; x_wconf 70' lang='lat'><em>——--.-</em></span> <span class='ocrx_word' id='word_1_268' title='bbox 340 3308 369 3314; x_wconf 81' lang='grc'><strong>..-</strong></span> 
     </span>
    </p>
   </div>
   <div class='ocr_carea' id='block_1_5' title="bbox 156 3345 1110 3906">
    <p class='ocr_par' dir='ltr' id='par_1_5' title="bbox 156 3345 1110 3906">
     <span class='ocr_line' id='line_1_34' title="bbox 227 3345 1108 3418; baseline -0.002 -18"><span class='ocrx_word' id='word_1_269' title='bbox 227 3345 254 3418; x_wconf 63' lang='grc' dir='ltr'><strong>ξ.</strong></span> <span class='ocrx_word' id='word_1_270' title='bbox 270 3352 312 3400; x_wconf 80' lang='lat'><strong>24.</strong></span> <span class='ocrx_word' id='word_1_271' title='bbox 333 3348 372 3413; x_wconf 79' lang='lat' dir='ltr'><strong>Cf.</strong></span> <span class='ocrx_word' id='word_1_272' title='bbox 391 3348 445 3412; x_wconf 80' lang='lat' dir='ltr'><strong>Ulp.</strong></span> <span class='ocrx_word' id='word_1_273' title='bbox 461 3360 494 3407; x_wconf 75' lang='lat' dir='ltr'><strong>to,</strong></span> <span class='ocrx_word' id='word_1_274' title='bbox 510 3360 529 3398; x_wconf 86' lang='lat' dir='ltr'><strong>t.</strong></span> <span class='ocrx_word' id='word_1_275' title='bbox 546 3360 566 3399; x_wconf 84' lang='lat'><strong>8.</strong></span> <span class='ocrx_word' id='word_1_276' title='bbox 579 3364 621 3411; x_wconf 84' lang='lat' dir='ltr'><strong>pr.</strong></span> <span class='ocrx_word' id='word_1_277' title='bbox 640 3348 659 3397; x_wconf 88' lang='grc' dir='ltr'><strong>Ι.</strong></span> <span class='ocrx_word' id='word_1_278' title='bbox 675 3350 706 3398; x_wconf 84' lang='lat' dir='ltr'><strong>de</strong></span> <span class='ocrx_word' id='word_1_279' title='bbox 720 3348 767 3398; x_wconf 87' lang='lat' dir='ltr'><strong>SC.</strong></span> <span class='ocrx_word' id='word_1_280' title='bbox 788 3348 890 3397; x_wconf 78' lang='lat' dir='ltr'><strong>Terenti.</strong></span> <span class='ocrx_word' id='word_1_281' title='bbox 906 3348 979 3415; x_wconf 74' lang='grc'><strong>(3.3).</strong></span> <span class='ocrx_word' id='word_1_282' title='bbox 1025 3345 1051 3417; x_wconf 65' lang='grc' dir='ltr'><strong>ξ</strong></span> <span class='ocrx_word' id='word_1_283' title='bbox 1067 3352 1108 3400; x_wconf 77' lang='lat'><strong>25.</strong></span> 
     </span>
     <span class='ocr_line' id='line_1_35' title="bbox 159 3415 1109 3488; baseline -0.002 -18"><span class='ocrx_word' id='word_1_284' title='bbox 159 3420 198 3484; x_wconf 79' lang='lat' dir='ltr'><strong>Cf.</strong></span> <span class='ocrx_word' id='word_1_285' title='bbox 209 3436 253 3484; x_wconf 88' lang='lat' dir='ltr'><strong>pr.</strong></span> <span class='ocrx_word' id='word_1_286' title='bbox 269 3421 376 3481; x_wconf 69' lang='lat' dir='ltr'><strong>§.ufic</strong></span> <span class='ocrx_word' id='word_1_287' title='bbox 397 3419 419 3468; x_wconf 92' lang='lat' dir='ltr'><strong>I.</strong></span> <span class='ocrx_word' id='word_1_288' title='bbox 433 3421 465 3468; x_wconf 84' lang='lat' dir='ltr'><strong>de</strong></span> <span class='ocrx_word' id='word_1_289' title='bbox 480 3419 502 3468; x_wconf 84' lang='lat' dir='ltr'><strong>b.</strong></span> <span class='ocrx_word' id='word_1_290' title='bbox 512 3434 541 3483; x_wconf 85' lang='lat' dir='ltr'><strong>p.</strong></span> <span class='ocrx_word' id='word_1_291' title='bbox 557 3416 588 3483; x_wconf 77' lang='lat' dir='ltr'><strong>(a,</strong></span> <span class='ocrx_word' id='word_1_292' title='bbox 603 3419 633 3483; x_wconf 87' lang='lat'><strong>9).</strong></span> <span class='ocrx_word' id='word_1_293' title='bbox 702 3415 784 3488; x_wconf 73' lang='lat' dir='ltr'><strong>§to</strong></span> <span class='ocrx_word' id='word_1_294' title='bbox 806 3420 997 3481; x_wconf 71' lang='lat' dir='ltr'><strong>Cs.§§.1tt.to.</strong></span> <span class='ocrx_word' id='word_1_295' title='bbox 1019 3421 1109 3469; x_wconf 84' lang='lat' dir='ltr'><strong>Coilnt.</strong></span> 
     </span>
     <span class='ocr_line' id='line_1_36' title="bbox 158 3485 1108 3557; baseline -0.003 -16"><span class='ocrx_word' id='word_1_296' title='bbox 158 3502 191 3548; x_wconf 75' lang='lat' dir='ltr'><strong>tt,</strong></span> <span class='ocrx_word' id='word_1_297' title='bbox 207 3504 226 3543; x_wconf 86' lang='lat' dir='ltr'><strong>t.</strong></span> <span class='ocrx_word' id='word_1_298' title='bbox 241 3493 264 3553; x_wconf 68' lang='lat'><strong>§-</strong></span> <span class='ocrx_word' id='word_1_299' title='bbox 280 3500 300 3539; x_wconf 80' lang='lat'><strong>2.</strong></span> <span class='ocrx_word' id='word_1_300' title='bbox 324 3489 378 3554; x_wconf 74' lang='lat' dir='ltr'><strong>tttp.</strong></span> <span class='ocrx_word' id='word_1_301' title='bbox 394 3501 428 3549; x_wconf 74' lang='lat'><strong>28,</strong></span> <span class='ocrx_word' id='word_1_302' title='bbox 443 3502 463 3542; x_wconf 82' lang='lat'><strong>8.</strong></span> <span class='ocrx_word' id='word_1_303' title='bbox 488 3492 510 3552; x_wconf 76' lang='lat'><strong>§-</strong></span> <span class='ocrx_word' id='word_1_304' title='bbox 526 3502 546 3540; x_wconf 78' lang='grc'><strong>9.</strong></span> <span class='ocrx_word' id='word_1_305' title='bbox 561 3489 583 3538; x_wconf 84' lang='lat'><strong>1.</strong></span> <span class='ocrx_word' id='word_1_306' title='bbox 599 3490 630 3538; x_wconf 83' lang='lat' dir='ltr'><strong>de</strong></span> <span class='ocrx_word' id='word_1_307' title='bbox 645 3489 731 3539; x_wconf 79' lang='lat' dir='ltr'><strong>hereri.</strong></span> <span class='ocrx_word' id='word_1_308' title='bbox 747 3506 770 3553; x_wconf 84' lang='lat' dir='ltr'><strong>q.</strong></span> <span class='ocrx_word' id='word_1_309' title='bbox 785 3489 818 3538; x_wconf 83' lang='lat' dir='ltr'><strong>ab</strong></span> <span class='ocrx_word' id='word_1_310' title='bbox 833 3491 877 3538; x_wconf 84' lang='lat' dir='ltr'><strong>iat.</strong></span> <span class='ocrx_word' id='word_1_311' title='bbox 893 3488 924 3554; x_wconf 75' lang='lat'><strong>(3,</strong></span> <span class='ocrx_word' id='word_1_312' title='bbox 940 3488 970 3556; x_wconf 81' lang='lat'><strong>1).</strong></span> <span class='ocrx_word' id='word_1_313' title='bbox 1025 3485 1051 3557; x_wconf 65' lang='grc' dir='ltr'><strong>ξ.</strong></span> <span class='ocrx_word' id='word_1_314' title='bbox 1067 3493 1108 3541; x_wconf 73' lang='lat' dir='ltr'><strong>nt.</strong></span> 
     </span>
     <span class='ocr_line' id='line_1_37' title="bbox 160 3559 1109 3626; baseline -0.004 -16"><span class='ocrx_word' id='word_1_315' title='bbox 160 3560 199 3625; x_wconf 75' lang='lat' dir='ltr'><strong>Cf.</strong></span> <span class='ocrx_word' id='word_1_316' title='bbox 214 3563 237 3624; x_wconf 73' lang='lat'><strong>5.</strong></span> <span class='ocrx_word' id='word_1_317' title='bbox 252 3572 286 3611; x_wconf 77' lang='lat' dir='ltr'><strong>tt.</strong></span> <span class='ocrx_word' id='word_1_318' title='bbox 310 3560 364 3624; x_wconf 80' lang='lat' dir='ltr'><strong>Uip.</strong></span> <span class='ocrx_word' id='word_1_319' title='bbox 376 3572 409 3616; x_wconf 81' lang='lat'><strong>28.</strong></span> <span class='ocrx_word' id='word_1_320' title='bbox 420 3573 440 3611; x_wconf 78' lang='lat' dir='ltr'><strong>a.</strong></span> <span class='ocrx_word' id='word_1_321' title='bbox 462 3560 530 3624; x_wconf 85' lang='lat' dir='ltr'><strong>Epit.</strong></span> <span class='ocrx_word' id='word_1_322' title='bbox 546 3570 567 3625; x_wconf 76' lang='lat' dir='ltr'><strong>a,</strong></span> <span class='ocrx_word' id='word_1_323' title='bbox 582 3571 602 3611; x_wconf 81' lang='lat' dir='ltr'><strong>e.</strong></span> <span class='ocrx_word' id='word_1_324' title='bbox 617 3561 640 3622; x_wconf 69' lang='lat'><strong>§-</strong></span> <span class='ocrx_word' id='word_1_325' title='bbox 652 3571 671 3609; x_wconf 73' lang='grc' dir='ltr'><strong>τ.</strong></span> <span class='ocrx_word' id='word_1_326' title='bbox 685 3576 719 3623; x_wconf 85' lang='lat' dir='ltr'><strong>pr</strong></span> <span class='ocrx_word' id='word_1_327' title='bbox 743 3559 764 3608; x_wconf 93' lang='lat' dir='ltr'><strong>I.</strong></span> <span class='ocrx_word' id='word_1_328' title='bbox 779 3560 811 3608; x_wconf 86' lang='lat' dir='ltr'><strong>de</strong></span> <span class='ocrx_word' id='word_1_329' title='bbox 825 3574 935 3609; x_wconf 83' lang='lat' dir='ltr'><strong>eacceaa.</strong></span> <span class='ocrx_word' id='word_1_330' title='bbox 951 3575 1025 3625; x_wconf 77' lang='lat' dir='ltr'><strong>cogn.</strong></span> <span class='ocrx_word' id='word_1_331' title='bbox 1036 3561 1068 3626; x_wconf 77' lang='lat' dir='ltr'><strong>(a,</strong></span> <span class='ocrx_word' id='word_1_332' title='bbox 1078 3559 1109 3625; x_wconf 84' lang='lat'><strong>5).</strong></span> 
     </span>
     <span class='ocr_line' id='line_1_38' title="bbox 156 3626 1110 3698; baseline -0.002 -18"><span class='ocrx_word' id='word_1_333' title='bbox 156 3646 238 3696; x_wconf 78' lang='lat' dir='ltr'><strong>supra</strong></span> <span class='ocrx_word' id='word_1_334' title='bbox 254 3646 274 3689; x_wconf 82' lang='grc' dir='ltr'><strong>ι,</strong></span> <span class='ocrx_word' id='word_1_335' title='bbox 289 3642 335 3682; x_wconf 76' lang='grc'><strong>158.</strong></span> <span class='ocrx_word' id='word_1_336' title='bbox 404 3626 429 3698; x_wconf 67' lang='grc' dir='ltr'><strong>ξ.</strong></span> <span class='ocrx_word' id='word_1_337' title='bbox 445 3633 487 3682; x_wconf 76' lang='grc'><strong>28.</strong></span> <span class='ocrx_word' id='word_1_338' title='bbox 513 3631 550 3691; x_wconf 74' lang='lat' dir='ltr'><strong>Cf.</strong></span> <span class='ocrx_word' id='word_1_339' title='bbox 566 3633 597 3693; x_wconf 63' lang='grc' dir='ltr'><strong>ἕξ</strong></span> <span class='ocrx_word' id='word_1_340' title='bbox 620 3643 653 3681; x_wconf 73' lang='lat' dir='ltr'><strong>tu.</strong></span> <span class='ocrx_word' id='word_1_341' title='bbox 669 3641 702 3680; x_wconf 80' lang='lat' dir='ltr'><strong>et.</strong></span> <span class='ocrx_word' id='word_1_342' title='bbox 722 3632 745 3692; x_wconf 70' lang='grc' dir='ltr'><strong>ξ.</strong></span> <span class='ocrx_word' id='word_1_343' title='bbox 761 3641 781 3679; x_wconf 83' lang='lat' dir='ltr'><strong>t.</strong></span> <span class='ocrx_word' id='word_1_344' title='bbox 801 3629 823 3679; x_wconf 92' lang='lat' dir='ltr'><strong>I.</strong></span> <span class='ocrx_word' id='word_1_345' title='bbox 843 3631 874 3678; x_wconf 84' lang='lat' dir='ltr'><strong>de</strong></span> <span class='ocrx_word' id='word_1_346' title='bbox 893 3633 940 3695; x_wconf 80' lang='lat' dir='ltr'><strong>teg.</strong></span> <span class='ocrx_word' id='word_1_347' title='bbox 961 3648 1021 3695; x_wconf 76' lang='lat' dir='ltr'><strong>apa.</strong></span> <span class='ocrx_word' id='word_1_348' title='bbox 1040 3647 1110 3680; x_wconf 77' lang='lat' dir='ltr'><strong>succ.</strong></span> 
     </span>
     <span class='ocr_line' id='line_1_39' title="bbox 158 3696 1110 3769; baseline -0.005 -16"><span class='ocrx_word' id='word_1_349' title='bbox 158 3701 189 3768; x_wconf 79' lang='lat' dir='ltr'><strong>(a,</strong></span> <span class='ocrx_word' id='word_1_350' title='bbox 204 3701 236 3766; x_wconf 83' lang='lat' dir='ltr'><strong>a).</strong></span> <span class='ocrx_word' id='word_1_351' title='bbox 282 3699 307 3769; x_wconf 70' lang='lat'><strong>§-</strong></span> <span class='ocrx_word' id='word_1_352' title='bbox 322 3704 364 3751; x_wconf 81' lang='lat'><strong>29.</strong></span> <span class='ocrx_word' id='word_1_353' title='bbox 386 3701 424 3764; x_wconf 73' lang='lat' dir='ltr'><strong>Cf.</strong></span> <span class='ocrx_word' id='word_1_354' title='bbox 440 3703 463 3764; x_wconf 69' lang='grc'><strong>5.</strong></span> <span class='ocrx_word' id='word_1_355' title='bbox 479 3712 512 3751; x_wconf 82' lang='lat' dir='ltr'><strong>en.</strong></span> <span class='ocrx_word' id='word_1_356' title='bbox 530 3700 666 3756; x_wconf 69' lang='lat' dir='ltr'><strong>Peenno.</strong></span> <span class='ocrx_word' id='word_1_357' title='bbox 682 3702 704 3761; x_wconf 67' lang='grc'><strong>5.</strong></span> <span class='ocrx_word' id='word_1_358' title='bbox 716 3702 756 3751; x_wconf 74' lang='lat' dir='ltr'><strong>aa·</strong></span> <span class='ocrx_word' id='word_1_359' title='bbox 809 3696 834 3767; x_wconf 69' lang='grc' dir='ltr'><strong>ξ.</strong></span> <span class='ocrx_word' id='word_1_360' title='bbox 851 3702 891 3749; x_wconf 86' lang='grc'><strong>30.</strong></span> <span class='ocrx_word' id='word_1_361' title='bbox 914 3700 953 3763; x_wconf 80' lang='lat' dir='ltr'><strong>Gs.</strong></span> <span class='ocrx_word' id='word_1_362' title='bbox 965 3704 987 3762; x_wconf 65' lang='grc' dir='ltr'><strong>ξ.</strong></span> <span class='ocrx_word' id='word_1_363' title='bbox 998 3712 1031 3751; x_wconf 77' lang='lat' dir='ltr'><strong>aa.</strong></span> <span class='ocrx_word' id='word_1_364' title='bbox 1055 3701 1110 3763; x_wconf 80' lang='lat' dir='ltr'><strong>Uip.</strong></span> 
     </span>
     <span class='ocr_line' id='line_1_40' title="bbox 157 3767 1110 3837; baseline -0.004 -15"><span class='ocrx_word' id='word_1_365' title='bbox 157 3783 192 3830; x_wconf 79' lang='lat' dir='ltr'><strong>at,</strong></span> <span class='ocrx_word' id='word_1_366' title='bbox 207 3785 226 3824; x_wconf 80' lang='lat' dir='ltr'><strong>e.</strong></span> <span class='ocrx_word' id='word_1_367' title='bbox 247 3771 316 3835; x_wconf 69' lang='lat' dir='ltr'><strong>Epic.</strong></span> <span class='ocrx_word' id='word_1_368' title='bbox 332 3781 353 3827; x_wconf 79' lang='lat' dir='ltr'><strong>e,</strong></span> <span class='ocrx_word' id='word_1_369' title='bbox 368 3783 387 3821; x_wconf 87' lang='lat' dir='ltr'><strong>e.</strong></span> <span class='ocrx_word' id='word_1_370' title='bbox 403 3774 425 3834; x_wconf 66' lang='grc' dir='ltr'><strong>ξ.</strong></span> <span class='ocrx_word' id='word_1_371' title='bbox 441 3782 461 3820; x_wconf 86' lang='lat' dir='ltr'><strong>a.</strong></span> <span class='ocrx_word' id='word_1_372' title='bbox 477 3771 499 3831; x_wconf 63' lang='grc' dir='ltr'><strong>ἓ.</strong></span> <span class='ocrx_word' id='word_1_373' title='bbox 511 3784 530 3819; x_wconf 89' lang='lat' dir='ltr'><strong>r.</strong></span> <span class='ocrx_word' id='word_1_374' title='bbox 548 3770 568 3818; x_wconf 91' lang='lat' dir='ltr'><strong>I.</strong></span> <span class='ocrx_word' id='word_1_375' title='bbox 583 3771 615 3820; x_wconf 82' lang='lat' dir='ltr'><strong>de</strong></span> <span class='ocrx_word' id='word_1_376' title='bbox 628 3786 697 3820; x_wconf 78' lang='lat' dir='ltr'><strong>suec.</strong></span> <span class='ocrx_word' id='word_1_377' title='bbox 713 3786 786 3834; x_wconf 77' lang='lat' dir='ltr'><strong>capa.</strong></span> <span class='ocrx_word' id='word_1_378' title='bbox 798 3768 871 3834; x_wconf 72' lang='lat' dir='ltr'><strong>(nn).</strong></span> <span class='ocrx_word' id='word_1_379' title='bbox 922 3767 1110 3837; x_wconf 58' lang='lat' dir='ltr'><strong>§.eL-§a</strong></span> 
     </span>
     <span class='ocr_line' id='line_1_41' title="bbox 157 3841 466 3906; baseline -0.023 -12"><span class='ocrx_word' id='word_1_380' title='bbox 157 3842 180 3893; x_wconf 82' lang='lat'><strong>1.</strong></span> <span class='ocrx_word' id='word_1_381' title='bbox 196 3843 251 3894; x_wconf 84' lang='lat' dir='ltr'><strong>eod.</strong></span> <span class='ocrx_word' id='word_1_382' title='bbox 273 3843 311 3906; x_wconf 79' lang='lat' dir='ltr'><strong>Cf.</strong></span> <span class='ocrx_word' id='word_1_383' title='bbox 327 3841 396 3906; x_wconf 83' lang='lat' dir='ltr'><strong>Epit.</strong></span> <span class='ocrx_word' id='word_1_384' title='bbox 412 3844 427 3890; x_wconf 87' lang='lat' dir='ltr'><strong>t.</strong></span> <span class='ocrx_word' id='word_1_385' title='bbox 444 3855 466 3889; x_wconf 83' lang='lat' dir='ltr'><strong>e.</strong></span> 
     </span>
    </p>
   </div>
   <div class='ocr_carea' id='block_1_6' title="bbox 0 0 1196 4386">
    <p class='ocr_par' dir='ltr' id='par_1_6' title="bbox 0 0 1196 4386">
     <span class='ocr_line' id='line_1_42' title="bbox 0 0 1196 4386; baseline 0 0"><span class='ocrx_word' id='word_1_386' title='bbox 0 0 1196 4386; x_wconf 95' lang='lat' dir='ltr'><strong> </strong></span> 
     </span>
    </p>
   </div>
  </div>
 </body>
</html>
