<?xml version="1.0" encoding="UTF-8"?>
<!DOCTYPE html PUBLIC "-//W3C//DTD XHTML 1.0 Transitional//EN"
    "http://www.w3.org/TR/xhtml1/DTD/xhtml1-transitional.dtd">
<html xmlns="http://www.w3.org/1999/xhtml" xml:lang="en" lang="en">
 <head>
  <title>
</title>
<meta http-equiv="Content-Type" content="text/html;charset=utf-8" />
  <meta name='ocr-system' content='tesseract 3.04.00' />
  <meta name='ocr-capabilities' content='ocr_page ocr_carea ocr_par ocr_line ocrx_word'/>
</head>
<body>
  <div class='ocr_page' id='page_1' title='image "./iurisprvdentiae00huscgoog_0152.png"; bbox 0 0 2378 4386; ppageno 0'>
   <div class='ocr_carea' id='block_1_1' title="bbox 472 526 1074 584">
    <p class='ocr_par' dir='ltr' id='par_1_1' title="bbox 472 526 1074 584">
     <span class='ocr_line' id='line_1_1' title="bbox 472 526 1074 584; baseline 0.023 -14"><span class='ocrx_word' id='word_1_1' title='bbox 472 536 495 570; x_wconf 90' lang='lat' dir='ltr'><strong>c.</strong></span> <span class='ocrx_word' id='word_1_2' title='bbox 514 535 608 572; x_wconf 74' lang='lat' dir='ltr'><strong>annm</strong></span> <span class='ocrx_word' id='word_1_3' title='bbox 626 534 727 570; x_wconf 75' lang='lat' dir='ltr'><strong>canuno.</strong></span> <span class='ocrx_word' id='word_1_4' title='bbox 1013 526 1074 584; x_wconf 86' lang='grc'><strong>117</strong></span> 
     </span>
    </p>
   </div>
   <div class='ocr_carea' id='block_1_2' title="bbox 78 657 1080 1320">
    <p class='ocr_par' dir='ltr' id='par_1_2' title="bbox 120 657 1078 903">
     <span class='ocr_line' id='line_1_2' title="bbox 182 657 1076 734; baseline -0.003 -15"><span class='ocrx_word' id='word_1_5' title='bbox 182 657 210 719; x_wconf 84' lang='grc'><strong>6.</strong></span> <span class='ocrx_word' id='word_1_6' title='bbox 235 661 300 719; x_wconf 84' lang='lat' dir='ltr'><strong>iisse</strong></span> <span class='ocrx_word' id='word_1_7' title='bbox 322 664 401 718; x_wconf 83' lang='lat' dir='ltr'><strong>ctiam</strong></span> <span class='ocrx_word' id='word_1_8' title='bbox 417 661 480 718; x_wconf 87' lang='lat' dir='ltr'><strong>dicit</strong></span> <span class='ocrx_word' id='word_1_9' title='bbox 495 660 588 734; x_wconf 89' lang='lat' dir='ltr'><strong>Capito</strong></span> <span class='ocrx_word' id='word_1_10' title='bbox 603 662 696 717; x_wconf 76' lang='lat' dir='ltr'><strong>Ateius</strong></span> <span class='ocrx_word' id='word_1_11' title='bbox 712 660 838 730; x_wconf 90' lang='lat' dir='ltr'><strong>edictum,</strong></span> <span class='ocrx_word' id='word_1_12' title='bbox 855 659 945 715; x_wconf 90' lang='lat' dir='ltr'><strong>diulne</strong></span> <span class='ocrx_word' id='word_1_13' title='bbox 960 660 1076 734; x_wconf 77' lang='lat' dir='ltr'><strong>Augusti</strong></span> 
     </span>
     <span class='ocr_line' id='line_1_3' title="bbox 121 743 1077 818; baseline -0.003 -16"><span class='ocrx_word' id='word_1_14' title='bbox 121 763 152 802; x_wconf 91' lang='lat' dir='ltr'><strong>an</strong></span> <span class='ocrx_word' id='word_1_15' title='bbox 163 746 262 802; x_wconf 84' lang='lat' dir='ltr'><strong>&#39;liberii</strong></span> <span class='ocrx_word' id='word_1_16' title='bbox 273 745 392 802; x_wconf 79' lang='lat' dir='ltr'>Caesaris</span> <span class='ocrx_word' id='word_1_17' title='bbox 407 762 461 801; x_wconf 90' lang='lat' dir='ltr'><strong>non</strong></span> <span class='ocrx_word' id='word_1_18' title='bbox 476 746 541 801; x_wconf 87' lang='lat' dir='ltr'><strong>satis</strong></span> <span class='ocrx_word' id='word_1_19' title='bbox 558 746 737 817; x_wconf 81' lang='lat' dir='ltr'><strong>commemini,</strong></span> <span class='ocrx_word' id='word_1_20' title='bbox 753 761 807 818; x_wconf 88' lang='lat' dir='ltr'><strong>quo</strong></span> <span class='ocrx_word' id='word_1_21' title='bbox 823 743 912 800; x_wconf 88' lang='lat' dir='ltr'><strong>edicto</strong></span> <span class='ocrx_word' id='word_1_22' title='bbox 927 759 976 817; x_wconf 87' lang='lat' dir='ltr'><strong>per</strong></span> <span class='ocrx_word' id='word_1_23' title='bbox 990 744 1077 800; x_wconf 89' lang='lat' dir='ltr'><strong>uarias</strong></span> 
     </span>
     <span class='ocr_line' id='line_1_4' title="bbox 120 828 1078 903; baseline -0.002 -19"><span class='ocrx_word' id='word_1_24' title='bbox 120 831 312 886; x_wconf 78' lang='lat' dir='ltr'><strong>sollemnitates</strong></span> <span class='ocrx_word' id='word_1_25' title='bbox 334 847 349 885; x_wconf 90' lang='lat' dir='ltr'><strong>a</strong></span> <span class='ocrx_word' id='word_1_26' title='bbox 370 831 498 886; x_wconf 77' lang='lat' dir='ltr'><strong>trecentis</strong></span> <span class='ocrx_word' id='word_1_27' title='bbox 514 831 647 885; x_wconf 79' lang='lat' dir='ltr'><strong>sestertiis</strong></span> <span class='ocrx_word' id='word_1_28' title='bbox 663 829 782 903; x_wconf 89' lang='lat' dir='ltr'><strong>adusque</strong></span> <span class='ocrx_word' id='word_1_29' title='bbox 798 828 852 884; x_wconf 91' lang='lat' dir='ltr'><strong>duo</strong></span> <span class='ocrx_word' id='word_1_30' title='bbox 868 829 991 884; x_wconf 88' lang='lat' dir='ltr'><strong>sestertia</strong></span> <span class='ocrx_word' id='word_1_31' title='bbox 1005 844 1078 882; x_wconf 87' lang='lat' dir='ltr'><strong>sum·</strong></span> 
     </span>
    </p>

    <p class='ocr_par' dir='ltr' id='par_1_3' title="bbox 78 909 1078 1067">
     <span class='ocr_line' id='line_1_5' title="bbox 78 909 1078 993; baseline -0.007 -20"><span class='ocrx_word' id='word_1_32' title='bbox 78 924 182 993; x_wconf 78' lang='lat' dir='ltr'><strong>emptus</strong></span> <span class='ocrx_word' id='word_1_33' title='bbox 205 929 332 969; x_wconf 87' lang='lat' dir='ltr'><strong>cenarum</strong></span> <span class='ocrx_word' id='word_1_34' title='bbox 353 920 519 986; x_wconf 90' lang='lat' dir='ltr'><strong>propagatus</strong></span> <span class='ocrx_word' id='word_1_35' title='bbox 541 920 594 984; x_wconf 87' lang='lat' dir='ltr'><strong>est,</strong></span> <span class='ocrx_word' id='word_1_36' title='bbox 616 913 709 969; x_wconf 88' lang='lat' dir='ltr'><strong>uthis</strong></span> <span class='ocrx_word' id='word_1_37' title='bbox 732 912 827 968; x_wconf 88' lang='lat' dir='ltr'><strong>saitem</strong></span> <span class='ocrx_word' id='word_1_38' title='bbox 842 909 941 968; x_wconf 89' lang='lat' dir='ltr'><strong>tinibus</strong></span> <span class='ocrx_word' id='word_1_39' title='bbox 956 910 1078 967; x_wconf 85' lang='lat' dir='ltr'><strong>iunuriae</strong></span> 
     </span>
     <span class='ocr_line' id='line_1_6' title="bbox 121 993 989 1067; baseline -0.002 -15"><span class='ocrx_word' id='word_1_40' title='bbox 121 996 321 1054; x_wconf 78' lang='lat' dir='ltr'><strong>efferuescentis</strong></span> <span class='ocrx_word' id='word_1_41' title='bbox 337 1006 426 1052; x_wconf 87' lang='lat' dir='ltr'><strong>aestus</strong></span> <span class='ocrx_word' id='word_1_42' title='bbox 442 1005 623 1052; x_wconf 88' lang='lat' dir='ltr'><strong>coerceretur.</strong></span> <span class='ocrx_word' id='word_1_43' title='bbox 641 1027 677 1036; x_wconf 98' lang='lat'><strong>—</strong></span> <span class='ocrx_word' id='word_1_44' title='bbox 695 996 762 1052; x_wconf 85' lang='lat' dir='ltr'><strong>Geli.</strong></span> <span class='ocrx_word' id='word_1_45' title='bbox 781 995 811 1067; x_wconf 81' lang='lat'><strong>2,</strong></span> <span class='ocrx_word' id='word_1_46' title='bbox 828 995 878 1052; x_wconf 76' lang='lat'><strong>24.</strong></span> <span class='ocrx_word' id='word_1_47' title='bbox 894 994 923 1067; x_wconf 81' lang='lat' dir='ltr'><strong>S.</strong></span> <span class='ocrx_word' id='word_1_48' title='bbox 942 993 989 1052; x_wconf 80' lang='lat'><strong>15.</strong></span> 
     </span>
    </p>

    <p class='ocr_par' dir='ltr' id='par_1_4' title="bbox 121 1076 1080 1320">
     <span class='ocr_line' id='line_1_7' title="bbox 182 1076 1079 1153; baseline -0.004 -16"><span class='ocrx_word' id='word_1_49' title='bbox 182 1076 209 1138; x_wconf 85' lang='grc'><strong>7.</strong></span> <span class='ocrx_word' id='word_1_50' title='bbox 232 1080 287 1136; x_wconf 83' lang='lat' dir='ltr'><strong>iios</strong></span> <span class='ocrx_word' id='word_1_51' title='bbox 310 1087 399 1135; x_wconf 89' lang='lat' dir='ltr'><strong>autem</strong></span> <span class='ocrx_word' id='word_1_52' title='bbox 420 1082 448 1136; x_wconf 93' lang='lat' dir='ltr'><strong>in</strong></span> <span class='ocrx_word' id='word_1_53' title='bbox 464 1079 600 1153; x_wconf 81' lang='lat' dir='ltr'><strong>Capitonis</strong></span> <span class='ocrx_word' id='word_1_54' title='bbox 621 1079 689 1135; x_wconf 79' lang='lat' dir='ltr'><strong>Ateii</strong></span> <span class='ocrx_word' id='word_1_55' title='bbox 712 1081 890 1136; x_wconf 88' lang='lat' dir='ltr'><strong>coniectaneis</strong></span> <span class='ocrx_word' id='word_1_56' title='bbox 912 1077 1079 1149; x_wconf 89' lang='lat' dir='ltr'><strong>iuuenimus,</strong></span> 
     </span>
     <span class='ocr_line' id='line_1_8' title="bbox 121 1162 1080 1237; baseline -0.001 -19"><span class='ocrx_word' id='word_1_57' title='bbox 121 1166 240 1221; x_wconf 86' lang='lat' dir='ltr'><strong>siticiues</strong></span> <span class='ocrx_word' id='word_1_58' title='bbox 255 1163 415 1237; x_wconf 88' lang='lat' dir='ltr'><strong>appellatos,</strong></span> <span class='ocrx_word' id='word_1_59' title='bbox 431 1164 476 1236; x_wconf 87' lang='lat' dir='ltr'><strong>qui</strong></span> <span class='ocrx_word' id='word_1_60' title='bbox 492 1162 563 1236; x_wconf 92' lang='lat' dir='ltr'><strong>apud</strong></span> <span class='ocrx_word' id='word_1_61' title='bbox 579 1164 646 1218; x_wconf 90' lang='lat' dir='ltr'><strong>sitos</strong></span> <span class='ocrx_word' id='word_1_62' title='bbox 662 1179 756 1219; x_wconf 87' lang='lat' dir='ltr'><strong>canere</strong></span> <span class='ocrx_word' id='word_1_63' title='bbox 770 1162 844 1219; x_wconf 87' lang='lat' dir='ltr'><strong>soliti</strong></span> <span class='ocrx_word' id='word_1_64' title='bbox 856 1170 958 1233; x_wconf 84' lang='lat' dir='ltr'><strong>essent,</strong></span> <span class='ocrx_word' id='word_1_65' title='bbox 973 1163 1026 1219; x_wconf 92' lang='lat' dir='ltr'><strong>boc</strong></span> <span class='ocrx_word' id='word_1_66' title='bbox 1037 1170 1080 1218; x_wconf 86' lang='lat' dir='ltr'><strong>est</strong></span> 
     </span>
     <span class='ocr_line' id='line_1_9' title="bbox 123 1245 1079 1320; baseline -0.001 -19"><span class='ocrx_word' id='word_1_67' title='bbox 123 1248 176 1302; x_wconf 89' lang='lat' dir='ltr'><strong>uita</strong></span> <span class='ocrx_word' id='word_1_68' title='bbox 202 1248 311 1305; x_wconf 89' lang='lat' dir='ltr'><strong>iunctos</strong></span> <span class='ocrx_word' id='word_1_69' title='bbox 334 1256 361 1302; x_wconf 88' lang='lat' dir='ltr'><strong>et</strong></span> <span class='ocrx_word' id='word_1_70' title='bbox 382 1246 525 1320; x_wconf 88' lang='lat' dir='ltr'><strong>sepultos,</strong></span> <span class='ocrx_word' id='word_1_71' title='bbox 554 1261 656 1320; x_wconf 87' lang='lat' dir='ltr'><strong>eosque</strong></span> <span class='ocrx_word' id='word_1_72' title='bbox 678 1245 803 1301; x_wconf 87' lang='lat' dir='ltr'><strong>habuisse</strong></span> <span class='ocrx_word' id='word_1_73' title='bbox 829 1248 969 1320; x_wconf 89' lang='lat' dir='ltr'><strong>proprium</strong></span> <span class='ocrx_word' id='word_1_74' title='bbox 992 1262 1079 1318; x_wconf 88' lang='lat' dir='ltr'><strong>genus</strong></span> 
     </span>
    </p>
   </div>
   <div class='ocr_carea' id='block_1_3' title="bbox 122 1328 1079 1485">
    <p class='ocr_par' dir='ltr' id='par_1_5' title="bbox 122 1328 1079 1485">
     <span class='ocr_line' id='line_1_10' title="bbox 123 1328 1079 1403; baseline 0 -19"><span class='ocrx_word' id='word_1_75' title='bbox 123 1329 212 1401; x_wconf 87' lang='lat' dir='ltr'><strong>tubae,</strong></span> <span class='ocrx_word' id='word_1_76' title='bbox 228 1347 280 1403; x_wconf 93' lang='lat' dir='ltr'><strong>qna</strong></span> <span class='ocrx_word' id='word_1_77' title='bbox 296 1339 434 1399; x_wconf 85' lang='lat' dir='ltr'><strong>canerent,</strong></span> <span class='ocrx_word' id='word_1_78' title='bbox 449 1347 463 1384; x_wconf 88' lang='lat' dir='ltr'><strong>a</strong></span> <span class='ocrx_word' id='word_1_79' title='bbox 479 1340 632 1386; x_wconf 88' lang='lat' dir='ltr'><strong>ceterorum</strong></span> <span class='ocrx_word' id='word_1_80' title='bbox 648 1329 796 1385; x_wconf 89' lang='lat' dir='ltr'><strong>tubicinum</strong></span> <span class='ocrx_word' id='word_1_81' title='bbox 811 1328 946 1385; x_wconf 87' lang='lat' dir='ltr'><strong>diiierens.</strong></span> <span class='ocrx_word' id='word_1_82' title='bbox 961 1358 997 1368; x_wconf 94' lang='lat'><em>-</em></span> <span class='ocrx_word' id='word_1_83' title='bbox 1011 1328 1079 1385; x_wconf 81' lang='lat' dir='ltr'><strong>(leli.</strong></span> 
     </span>
     <span class='ocr_line' id='line_1_11' title="bbox 122 1411 779 1485; baseline 0.003 -17"><span class='ocrx_word' id='word_1_84' title='bbox 122 1412 172 1483; x_wconf 81' lang='lat'><strong>20,</strong></span> <span class='ocrx_word' id='word_1_85' title='bbox 189 1413 218 1470; x_wconf 77' lang='lat'><strong>2.</strong></span> <span class='ocrx_word' id='word_1_86' title='bbox 235 1415 263 1484; x_wconf 74' lang='lat'><strong>8.</strong></span> <span class='ocrx_word' id='word_1_87' title='bbox 281 1413 311 1470; x_wconf 88' lang='lat'><strong>3.</strong></span> <span class='ocrx_word' id='word_1_88' title='bbox 328 1421 402 1468; x_wconf 85' lang='lat' dir='ltr'><strong>etex</strong></span> <span class='ocrx_word' id='word_1_89' title='bbox 418 1428 450 1468; x_wconf 87' lang='lat' dir='ltr'><strong>eo</strong></span> <span class='ocrx_word' id='word_1_90' title='bbox 467 1413 535 1468; x_wconf 80' lang='lat' dir='ltr'><strong>lion.</strong></span> <span class='ocrx_word' id='word_1_91' title='bbox 552 1412 582 1482; x_wconf 92' lang='lat'><strong>1,</strong></span> <span class='ocrx_word' id='word_1_92' title='bbox 598 1411 668 1472; x_wconf 74' lang='lat'><strong>268.</strong></span> <span class='ocrx_word' id='word_1_93' title='bbox 684 1429 711 1485; x_wconf 88' lang='lat' dir='ltr'><strong>p.</strong></span> <span class='ocrx_word' id='word_1_94' title='bbox 729 1411 779 1470; x_wconf 78' lang='lat'><strong>54.</strong></span> 
     </span>
    </p>
   </div>
   <div class='ocr_carea' id='block_1_4' title="bbox 423 1577 783 1651">
    <p class='ocr_par' dir='ltr' id='par_1_6' title="bbox 423 1577 783 1651">
     <span class='ocr_line' id='line_1_12' title="bbox 423 1577 783 1651; baseline -0.003 -17"><span class='ocrx_word' id='word_1_95' title='bbox 423 1579 463 1634; x_wconf 85' lang='lat' dir='ltr'><strong>iic</strong></span> <span class='ocrx_word' id='word_1_96' title='bbox 485 1577 678 1651; x_wconf 79' lang='lat' dir='ltr'><strong>pontificio</strong></span> <span class='ocrx_word' id='word_1_97' title='bbox 700 1580 783 1634; x_wconf 90' lang='lat' dir='ltr'><strong>iure.</strong></span> 
     </span>
    </p>
   </div>
   <div class='ocr_carea' id='block_1_5' title="bbox 124 1675 1082 1837">
    <p class='ocr_par' dir='ltr' id='par_1_7' title="bbox 124 1675 1082 1837">
     <span class='ocr_line' id='line_1_13' title="bbox 186 1675 1082 1751; baseline 0 -17"><span class='ocrx_word' id='word_1_98' title='bbox 186 1677 215 1734; x_wconf 85' lang='grc'><strong>8.</strong></span> <span class='ocrx_word' id='word_1_99' title='bbox 240 1678 388 1750; x_wconf 82' lang='lat' dir='ltr'><strong>Propterea</strong></span> <span class='ocrx_word' id='word_1_100' title='bbox 414 1675 494 1732; x_wconf 92' lang='lat' dir='ltr'><strong>uerba</strong></span> <span class='ocrx_word' id='word_1_101' title='bbox 517 1678 586 1733; x_wconf 80' lang='lat' dir='ltr'><strong>Ateii</strong></span> <span class='ocrx_word' id='word_1_102' title='bbox 608 1677 744 1751; x_wconf 84' lang='lat' dir='ltr'><strong>Capitonis</strong></span> <span class='ocrx_word' id='word_1_103' title='bbox 772 1692 804 1732; x_wconf 84' lang='lat' dir='ltr'><strong>ex</strong></span> <span class='ocrx_word' id='word_1_104' title='bbox 825 1677 921 1750; x_wconf 88' lang='lat' dir='ltr'><strong>quinto</strong></span> <span class='ocrx_word' id='word_1_105' title='bbox 943 1675 1082 1749; x_wconf 88' lang='lat' dir='ltr'><strong>librorum,</strong></span> 
     </span>
     <span class='ocr_line' id='line_1_14' title="bbox 124 1758 1082 1837; baseline 0.001 -20"><span class='ocrx_word' id='word_1_106' title='bbox 124 1778 195 1837; x_wconf 89' lang='lat' dir='ltr'><strong>quos</strong></span> <span class='ocrx_word' id='word_1_107' title='bbox 216 1761 250 1817; x_wconf 87' lang='lat' dir='ltr'><strong>de</strong></span> <span class='ocrx_word' id='word_1_108' title='bbox 273 1758 414 1834; x_wconf 85' lang='lat' dir='ltr'><strong>pontificio</strong></span> <span class='ocrx_word' id='word_1_109' title='bbox 435 1762 493 1816; x_wconf 93' lang='lat' dir='ltr'><strong>iure</strong></span> <span class='ocrx_word' id='word_1_110' title='bbox 513 1763 673 1834; x_wconf 86' lang='lat' dir='ltr'><strong>composuit,</strong></span> <span class='ocrx_word' id='word_1_111' title='bbox 690 1761 802 1834; x_wconf 87' lang='lat' dir='ltr'><strong>scripsi:</strong></span> <span class='ocrx_word' id='word_1_112' title='bbox 830 1759 899 1817; x_wconf 79' lang='lat' dir='ltr'><strong>‘Tib</strong></span> <span class='ocrx_word' id='word_1_113' title='bbox 915 1759 1082 1818; x_wconf 84' lang='lat' dir='ltr'><strong>Coruncanio</strong></span> 
     </span>
    </p>
   </div>
   <div class='ocr_carea' id='block_1_6' title="bbox 122 1844 1083 3755">
    <p class='ocr_par' dir='ltr' id='par_1_8' title="bbox 122 1844 1082 2086">
     <span class='ocr_line' id='line_1_15' title="bbox 122 1844 1082 1920; baseline -0.001 -17"><span class='ocrx_word' id='word_1_114' title='bbox 122 1844 246 1920; x_wconf 92' lang='lat' dir='ltr'><strong>pontiiici</strong></span> <span class='ocrx_word' id='word_1_115' title='bbox 258 1846 372 1900; x_wconf 79' lang='lat' dir='ltr'><strong>marimo</strong></span> <span class='ocrx_word' id='word_1_116' title='bbox 383 1845 465 1899; x_wconf 82' lang='lat' dir='ltr'><strong>leriae</strong></span> <span class='ocrx_word' id='word_1_117' title='bbox 476 1844 664 1917; x_wconf 84' lang='lat' dir='ltr'><strong>praecidaneae</strong></span> <span class='ocrx_word' id='word_1_118' title='bbox 680 1846 706 1901; x_wconf 91' lang='lat' dir='ltr'><strong>in</strong></span> <span class='ocrx_word' id='word_1_119' title='bbox 722 1853 810 1901; x_wconf 89' lang='lat' dir='ltr'><strong>atrum</strong></span> <span class='ocrx_word' id='word_1_120' title='bbox 822 1844 892 1900; x_wconf 91' lang='lat' dir='ltr'><strong>diem</strong></span> <span class='ocrx_word' id='word_1_121' title='bbox 908 1846 1082 1919; x_wconf 75' lang='lat' dir='ltr'><strong>inauguratae</strong></span> 
     </span>
     <span class='ocr_line' id='line_1_16' title="bbox 123 1927 1082 2003; baseline 0.001 -19"><span class='ocrx_word' id='word_1_122' title='bbox 123 1938 196 1988; x_wconf 88' lang='lat' dir='ltr'><strong>suut.</strong></span> <span class='ocrx_word' id='word_1_123' title='bbox 220 1928 372 2001; x_wconf 79' lang='lat' dir='ltr'><strong>Collegium</strong></span> <span class='ocrx_word' id='word_1_124' title='bbox 386 1927 517 1999; x_wconf 88' lang='lat' dir='ltr'><strong>decreuit,</strong></span> <span class='ocrx_word' id='word_1_125' title='bbox 531 1945 586 1985; x_wconf 92' lang='lat' dir='ltr'><strong>non</strong></span> <span class='ocrx_word' id='word_1_126' title='bbox 601 1927 753 1985; x_wconf 87' lang='lat' dir='ltr'><strong>habendum</strong></span> <span class='ocrx_word' id='word_1_127' title='bbox 764 1929 898 2002; x_wconf 90' lang='lat' dir='ltr'><strong>religioni,</strong></span> <span class='ocrx_word' id='word_1_128' title='bbox 916 1931 982 2003; x_wconf 89' lang='lat' dir='ltr'><strong>quin</strong></span> <span class='ocrx_word' id='word_1_129' title='bbox 994 1928 1082 1986; x_wconf 81' lang='lat' dir='ltr'><strong>codic</strong></span> 
     </span>
     <span class='ocr_line' id='line_1_17' title="bbox 125 2011 879 2086; baseline 0.003 -18"><span class='ocrx_word' id='word_1_130' title='bbox 125 2012 205 2070; x_wconf 89' lang='lat' dir='ltr'><strong>ieriae</strong></span> <span class='ocrx_word' id='word_1_131' title='bbox 221 2011 414 2086; x_wconf 89' lang='lat' dir='ltr'><strong>praecidaneae</strong></span> <span class='ocrx_word' id='word_1_132' title='bbox 429 2011 543 2068; x_wconf 87' lang='lat' dir='ltr'><strong>essent&#39;.</strong></span> <span class='ocrx_word' id='word_1_133' title='bbox 556 2043 592 2053; x_wconf 97' lang='lat'>—</span> <span class='ocrx_word' id='word_1_134' title='bbox 610 2012 678 2070; x_wconf 89' lang='lat' dir='ltr'><strong>Celi.</strong></span> <span class='ocrx_word' id='word_1_135' title='bbox 694 2013 725 2084; x_wconf 85' lang='grc'><strong>4,</strong></span> <span class='ocrx_word' id='word_1_136' title='bbox 742 2014 770 2070; x_wconf 91' lang='grc'><strong>6.</strong></span> <span class='ocrx_word' id='word_1_137' title='bbox 787 2012 815 2084; x_wconf 74' lang='lat' dir='ltr'><strong>S.</strong></span> <span class='ocrx_word' id='word_1_138' title='bbox 831 2012 879 2070; x_wconf 89' lang='lat'><strong>10.</strong></span> 
     </span>
    </p>

    <p class='ocr_par' dir='ltr' id='par_1_9' title="bbox 125 2093 1083 3502">
     <span class='ocr_line' id='line_1_18' title="bbox 186 2093 1082 2170; baseline 0 -17"><span class='ocrx_word' id='word_1_139' title='bbox 186 2093 214 2153; x_wconf 78' lang='lat'><strong>9.</strong></span> <span class='ocrx_word' id='word_1_140' title='bbox 238 2094 388 2163; x_wconf 82' lang='lat' dir='ltr'><strong>‘blundus’,</strong></span> <span class='ocrx_word' id='word_1_141' title='bbox 417 2104 449 2151; x_wconf 90' lang='lat' dir='ltr'><strong>ut</strong></span> <span class='ocrx_word' id='word_1_142' title='bbox 470 2098 508 2151; x_wconf 88' lang='lat' dir='ltr'><strong>ait</strong></span> <span class='ocrx_word' id='word_1_143' title='bbox 528 2096 622 2170; x_wconf 87' lang='lat' dir='ltr'><strong>Capito</strong></span> <span class='ocrx_word' id='word_1_144' title='bbox 645 2098 737 2152; x_wconf 80' lang='lat' dir='ltr'><strong>Ateius</strong></span> <span class='ocrx_word' id='word_1_145' title='bbox 758 2098 786 2152; x_wconf 95' lang='lat' dir='ltr'><strong>in</strong></span> <span class='ocrx_word' id='word_1_146' title='bbox 809 2096 826 2154; x_wconf 94' lang='lat' dir='ltr'><strong>i.</strong></span> <span class='ocrx_word' id='word_1_147' title='bbox 847 2096 899 2150; x_wconf 89' lang='lat' dir='ltr'><strong>Vll.</strong></span> <span class='ocrx_word' id='word_1_148' title='bbox 922 2095 1082 2169; x_wconf 88' lang='lat' dir='ltr'><strong>pontificali,</strong></span> 
     </span>
     <span class='ocr_line' id='line_1_19' title="bbox 125 2178 1083 2253; baseline 0.002 -19"><span class='ocrx_word' id='word_1_149' title='bbox 125 2178 178 2234; x_wconf 83' lang='lat' dir='ltr'><strong>‘ter</strong></span> <span class='ocrx_word' id='word_1_150' title='bbox 199 2183 227 2235; x_wconf 93' lang='lat' dir='ltr'><strong>iu</strong></span> <span class='ocrx_word' id='word_1_151' title='bbox 250 2195 320 2234; x_wconf 92' lang='lat' dir='ltr'><strong>anno</strong></span> <span class='ocrx_word' id='word_1_152' title='bbox 343 2187 435 2251; x_wconf 88' lang='lat' dir='ltr'><strong>patere</strong></span> <span class='ocrx_word' id='word_1_153' title='bbox 451 2180 523 2235; x_wconf 84' lang='lat' dir='ltr'><strong>solet</strong></span> <span class='ocrx_word' id='word_1_154' title='bbox 538 2179 631 2235; x_wconf 92' lang='lat' dir='ltr'><strong>diebus</strong></span> <span class='ocrx_word' id='word_1_155' title='bbox 653 2180 707 2235; x_wconf 89' lang='lat' dir='ltr'><strong>bis:</strong></span> <span class='ocrx_word' id='word_1_156' title='bbox 729 2180 860 2253; x_wconf 88' lang='lat' dir='ltr'><strong>postridie</strong></span> <span class='ocrx_word' id='word_1_157' title='bbox 882 2178 1033 2235; x_wconf 79' lang='lat' dir='ltr'><strong>vulcanalia</strong></span> <span class='ocrx_word' id='word_1_158' title='bbox 1055 2188 1083 2236; x_wconf 91' lang='lat' dir='ltr'><strong>et</strong></span> 
     </span>
     <span class='ocr_line' id='line_1_20' title="bbox 126 2259 1082 2336; baseline 0.002 -19"><span class='ocrx_word' id='word_1_159' title='bbox 126 2262 275 2318; x_wconf 88' lang='lat' dir='ltr'><strong>antediem</strong></span> <span class='ocrx_word' id='word_1_160' title='bbox 296 2261 366 2335; x_wconf 80' lang='grc'><strong>(111.</strong></span> <span class='ocrx_word' id='word_1_161' title='bbox 384 2263 456 2319; x_wconf 83' lang='lat' dir='ltr'><strong>Non.</strong></span> <span class='ocrx_word' id='word_1_162' title='bbox 476 2262 537 2318; x_wconf 82' lang='lat' dir='ltr'><strong>Oct.</strong></span> <span class='ocrx_word' id='word_1_163' title='bbox 560 2271 587 2319; x_wconf 82' lang='lat' dir='ltr'><strong>et</strong></span> <span class='ocrx_word' id='word_1_164' title='bbox 602 2271 670 2319; x_wconf 81' lang='lat' dir='ltr'><strong>ante</strong></span> <span class='ocrx_word' id='word_1_165' title='bbox 684 2259 784 2335; x_wconf 62' lang='grc' dir='ltr'><strong>(111311)ι</strong></span> <span class='ocrx_word' id='word_1_166' title='bbox 808 2263 850 2318; x_wconf 92' lang='lat' dir='ltr'><strong>ili.</strong></span> <span class='ocrx_word' id='word_1_167' title='bbox 871 2261 908 2318; x_wconf 90' lang='lat' dir='ltr'><strong>id.</strong></span> <span class='ocrx_word' id='word_1_168' title='bbox 931 2262 1015 2318; x_wconf 86' lang='lat' dir='ltr'><strong>iiou.:</strong></span> <span class='ocrx_word' id='word_1_169' title='bbox 1036 2265 1082 2336; x_wconf 88' lang='lat' dir='ltr'><strong>qui</strong></span> 
     </span>
     <span class='ocr_line' id='line_1_21' title="bbox 126 2344 1081 2417; baseline 0.003 -18"><span class='ocrx_word' id='word_1_170' title='bbox 126 2344 190 2417; x_wconf 89' lang='lat' dir='ltr'><strong>quid</strong></span> <span class='ocrx_word' id='word_1_171' title='bbox 211 2347 246 2400; x_wconf 94' lang='lat' dir='ltr'><strong>ita</strong></span> <span class='ocrx_word' id='word_1_172' title='bbox 267 2345 380 2415; x_wconf 89' lang='lat' dir='ltr'><strong>dicatur,</strong></span> <span class='ocrx_word' id='word_1_173' title='bbox 402 2348 442 2401; x_wconf 89' lang='lat' dir='ltr'><strong>sic</strong></span> <span class='ocrx_word' id='word_1_174' title='bbox 462 2345 546 2401; x_wconf 80' lang='lat' dir='ltr'><strong>refert</strong></span> <span class='ocrx_word' id='word_1_175' title='bbox 561 2345 625 2401; x_wconf 92' lang='lat' dir='ltr'><strong>Cato</strong></span> <span class='ocrx_word' id='word_1_176' title='bbox 642 2349 669 2401; x_wconf 93' lang='lat' dir='ltr'><strong>in</strong></span> <span class='ocrx_word' id='word_1_177' title='bbox 685 2348 882 2403; x_wconf 89' lang='lat' dir='ltr'><strong>commentariis</strong></span> <span class='ocrx_word' id='word_1_178' title='bbox 896 2348 964 2402; x_wconf 88' lang='lat' dir='ltr'><strong>iuris</strong></span> <span class='ocrx_word' id='word_1_179' title='bbox 979 2347 1081 2403; x_wconf 87' lang='lat' dir='ltr'><strong>ciuilis:</strong></span> 
     </span>
     <span class='ocr_line' id='line_1_22' title="bbox 126 2426 1081 2504; baseline 0.004 -22"><span class='ocrx_word' id='word_1_180' title='bbox 126 2426 247 2484; x_wconf 84' lang='lat' dir='ltr'><strong>“blundo</strong></span> <span class='ocrx_word' id='word_1_181' title='bbox 267 2444 364 2485; x_wconf 83' lang='lat' dir='ltr'><strong>nomen</strong></span> <span class='ocrx_word' id='word_1_182' title='bbox 385 2431 540 2502; x_wconf 86' lang='lat' dir='ltr'><strong>impositum</strong></span> <span class='ocrx_word' id='word_1_183' title='bbox 562 2439 603 2484; x_wconf 87' lang='lat' dir='ltr'><strong>est</strong></span> <span class='ocrx_word' id='word_1_184' title='bbox 624 2429 655 2485; x_wconf 98' lang='lat' dir='ltr'><strong>ab</strong></span> <span class='ocrx_word' id='word_1_185' title='bbox 676 2445 709 2485; x_wconf 89' lang='lat' dir='ltr'><strong>co</strong></span> <span class='ocrx_word' id='word_1_186' title='bbox 729 2429 841 2501; x_wconf 92' lang='lat' dir='ltr'><strong>mundo,</strong></span> <span class='ocrx_word' id='word_1_187' title='bbox 864 2432 909 2503; x_wconf 89' lang='lat' dir='ltr'><strong>qui</strong></span> <span class='ocrx_word' id='word_1_188' title='bbox 929 2447 1010 2504; x_wconf 88' lang='lat' dir='ltr'><strong>supra</strong></span> <span class='ocrx_word' id='word_1_189' title='bbox 1030 2447 1081 2486; x_wconf 93' lang='lat' dir='ltr'><strong>nos</strong></span> 
     </span>
     <span class='ocr_line' id='line_1_23' title="bbox 125 2512 1082 2586; baseline 0.002 -19"><span class='ocrx_word' id='word_1_190' title='bbox 125 2520 181 2581; x_wconf 83' lang='lat' dir='ltr'><strong>est3</strong></span> <span class='ocrx_word' id='word_1_191' title='bbox 197 2512 283 2567; x_wconf 88' lang='lat' dir='ltr'><strong>iorma</strong></span> <span class='ocrx_word' id='word_1_192' title='bbox 299 2514 367 2567; x_wconf 92' lang='lat' dir='ltr'><strong>enim</strong></span> <span class='ocrx_word' id='word_1_193' title='bbox 385 2514 442 2568; x_wconf 92' lang='lat' dir='ltr'><strong>eius</strong></span> <span class='ocrx_word' id='word_1_194' title='bbox 458 2522 509 2581; x_wconf 84' lang='lat' dir='ltr'><strong>est,</strong></span> <span class='ocrx_word' id='word_1_195' title='bbox 528 2520 556 2566; x_wconf 92' lang='lat' dir='ltr'><strong>ut</strong></span> <span class='ocrx_word' id='word_1_196' title='bbox 572 2528 602 2568; x_wconf 83' lang='lat' dir='ltr'><strong>ex</strong></span> <span class='ocrx_word' id='word_1_197' title='bbox 618 2513 670 2582; x_wconf 88' lang='lat' dir='ltr'><strong>his,</strong></span> <span class='ocrx_word' id='word_1_198' title='bbox 686 2514 733 2584; x_wconf 89' lang='lat' dir='ltr'><strong>qui</strong></span> <span class='ocrx_word' id='word_1_199' title='bbox 747 2514 892 2585; x_wconf 86' lang='lat' dir='ltr'><strong>intrauere,</strong></span> <span class='ocrx_word' id='word_1_200' title='bbox 915 2530 1082 2586; x_wconf 78' lang='lat' dir='ltr'><strong>cognoscere</strong></span> 
     </span>
     <span class='ocr_line' id='line_1_24' title="bbox 125 2595 1082 2668; baseline 0.002 -18"><span class='ocrx_word' id='word_1_201' title='bbox 125 2596 211 2668; x_wconf 91' lang='lat' dir='ltr'><strong>potui,</strong></span> <span class='ocrx_word' id='word_1_202' title='bbox 233 2595 360 2651; x_wconf 84' lang='lat' dir='ltr'><strong>adsimilis</strong></span> <span class='ocrx_word' id='word_1_203' title='bbox 380 2595 481 2651; x_wconf 86' lang='lat' dir='ltr'><strong>iiiae&#39;&#39;:</strong></span> <span class='ocrx_word' id='word_1_204' title='bbox 503 2597 560 2650; x_wconf 88' lang='lat' dir='ltr'><strong>eius</strong></span> <span class='ocrx_word' id='word_1_205' title='bbox 582 2595 735 2650; x_wconf 77' lang='lat' dir='ltr'><strong>interiorem</strong></span> <span class='ocrx_word' id='word_1_206' title='bbox 757 2603 860 2666; x_wconf 88' lang='lat' dir='ltr'><strong>partem</strong></span> <span class='ocrx_word' id='word_1_207' title='bbox 881 2595 966 2650; x_wconf 92' lang='lat' dir='ltr'><strong>ueluti</strong></span> <span class='ocrx_word' id='word_1_208' title='bbox 989 2611 1082 2652; x_wconf 88' lang='lat' dir='ltr'><strong>conse·</strong></span> 
     </span>
     <span class='ocr_line' id='line_1_25' title="bbox 125 2675 1082 2751; baseline 0 -17"><span class='ocrx_word' id='word_1_209' title='bbox 125 2688 224 2735; x_wconf 89' lang='lat' dir='ltr'><strong>cratarn</strong></span> <span class='ocrx_word' id='word_1_210' title='bbox 240 2679 280 2734; x_wconf 84' lang='lat' dir='ltr'><strong>dis</strong></span> <span class='ocrx_word' id='word_1_211' title='bbox 297 2679 417 2735; x_wconf 89' lang='lat' dir='ltr'><strong>manibus</strong></span> <span class='ocrx_word' id='word_1_212' title='bbox 432 2679 548 2735; x_wconf 89' lang='lat' dir='ltr'><strong>clausam</strong></span> <span class='ocrx_word' id='word_1_213' title='bbox 564 2679 637 2734; x_wconf 92' lang='lat' dir='ltr'><strong>omni</strong></span> <span class='ocrx_word' id='word_1_214' title='bbox 653 2685 785 2749; x_wconf 89' lang='lat' dir='ltr'><strong>tempore,</strong></span> <span class='ocrx_word' id='word_1_215' title='bbox 800 2678 851 2731; x_wconf 88' lang='lat' dir='ltr'><strong>nisi</strong></span> <span class='ocrx_word' id='word_1_216' title='bbox 867 2675 1021 2748; x_wconf 86' lang='lat' dir='ltr'><strong>hisdiebus,</strong></span> <span class='ocrx_word' id='word_1_217' title='bbox 1036 2681 1082 2751; x_wconf 89' lang='lat' dir='ltr'><strong>qui</strong></span> 
     </span>
     <span class='ocr_line' id='line_1_26' title="bbox 125 2760 1082 2835; baseline 0.001 -19"><span class='ocrx_word' id='word_1_218' title='bbox 125 2777 206 2833; x_wconf 84' lang='lat' dir='ltr'><strong>supra</strong></span> <span class='ocrx_word' id='word_1_219' title='bbox 222 2765 314 2835; x_wconf 84' lang='lat' dir='ltr'><strong>scripti</strong></span> <span class='ocrx_word' id='word_1_220' title='bbox 330 2771 412 2833; x_wconf 86' lang='lat' dir='ltr'><strong>sunt,</strong></span> <span class='ocrx_word' id='word_1_221' title='bbox 429 2766 542 2819; x_wconf 87' lang='lat' dir='ltr'><strong>maiores</strong></span> <span class='ocrx_word' id='word_1_222' title='bbox 558 2767 734 2819; x_wconf 84' lang='lat' dir='ltr'><strong>censuerunt</strong></span> <span class='ocrx_word' id='word_1_223' title='bbox 748 2760 923 2834; x_wconf 77' lang='lat' dir='ltr'><strong>babendum,</strong></span> <span class='ocrx_word' id='word_1_224' title='bbox 940 2776 1010 2832; x_wconf 88' lang='lat' dir='ltr'><strong>quos</strong></span> <span class='ocrx_word' id='word_1_225' title='bbox 1025 2760 1082 2818; x_wconf 90' lang='lat' dir='ltr'><strong>dies</strong></span> 
     </span>
     <span class='ocr_line' id='line_1_27' title="bbox 127 2842 1082 2919; baseline 0.004 -21"><span class='ocrx_word' id='word_1_226' title='bbox 127 2845 205 2898; x_wconf 89' lang='lat' dir='ltr'><strong>etiam</strong></span> <span class='ocrx_word' id='word_1_227' title='bbox 229 2845 373 2918; x_wconf 86' lang='lat' dir='ltr'><strong>religiosos</strong></span> <span class='ocrx_word' id='word_1_228' title='bbox 394 2846 582 2903; x_wconf 89' lang='lat' dir='ltr'><strong>iudicauerunt</strong></span> <span class='ocrx_word' id='word_1_229' title='bbox 602 2860 632 2900; x_wconf 90' lang='lat' dir='ltr'><strong>ea</strong></span> <span class='ocrx_word' id='word_1_230' title='bbox 647 2845 681 2900; x_wconf 92' lang='lat' dir='ltr'><strong>dc</strong></span> <span class='ocrx_word' id='word_1_231' title='bbox 696 2859 784 2915; x_wconf 84' lang='lat' dir='ltr'><strong>causa,</strong></span> <span class='ocrx_word' id='word_1_232' title='bbox 801 2842 873 2917; x_wconf 87' lang='lat' dir='ltr'><strong>quod</strong></span> <span class='ocrx_word' id='word_1_233' title='bbox 890 2860 945 2916; x_wconf 94' lang='lat' dir='ltr'><strong>quo</strong></span> <span class='ocrx_word' id='word_1_234' title='bbox 961 2852 1082 2919; x_wconf 87' lang='lat' dir='ltr'><strong>tempore</strong></span> 
     </span>
     <span class='ocr_line' id='line_1_28' title="bbox 127 2927 1082 3003; baseline 0.006 -21"><span class='ocrx_word' id='word_1_235' title='bbox 127 2942 166 2997; x_wconf 86' lang='lat' dir='ltr'><strong>ea,</strong></span> <span class='ocrx_word' id='word_1_236' title='bbox 183 2943 249 3000; x_wconf 89' lang='lat' dir='ltr'><strong>quae</strong></span> <span class='ocrx_word' id='word_1_237' title='bbox 264 2930 387 2985; x_wconf 88' lang='lat' dir='ltr'><strong>occultae</strong></span> <span class='ocrx_word' id='word_1_238' title='bbox 402 2938 429 2985; x_wconf 92' lang='lat' dir='ltr'><strong>et</strong></span> <span class='ocrx_word' id='word_1_239' title='bbox 444 2929 546 2985; x_wconf 88' lang='lat' dir='ltr'><strong>abditae</strong></span> <span class='ocrx_word' id='word_1_240' title='bbox 562 2929 700 3002; x_wconf 90' lang='lat' dir='ltr'><strong>religionis</strong></span> <span class='ocrx_word' id='word_1_241' title='bbox 723 2927 833 2984; x_wconf 91' lang='lat' dir='ltr'><strong>deorum</strong></span> <span class='ocrx_word' id='word_1_242' title='bbox 850 2927 964 2984; x_wconf 88' lang='lat' dir='ltr'><strong>ilanium</strong></span> <span class='ocrx_word' id='word_1_243' title='bbox 980 2941 1082 3003; x_wconf 89' lang='lat' dir='ltr'><strong>essent,</strong></span> 
     </span>
     <span class='ocr_line' id='line_1_29' title="bbox 126 3010 1081 3086; baseline 0.007 -21"><span class='ocrx_word' id='word_1_244' title='bbox 126 3011 209 3067; x_wconf 91' lang='lat' dir='ltr'><strong>ueluti</strong></span> <span class='ocrx_word' id='word_1_245' title='bbox 226 3018 253 3068; x_wconf 87' lang='lat' dir='ltr'><strong>in</strong></span> <span class='ocrx_word' id='word_1_246' title='bbox 268 3011 355 3068; x_wconf 91' lang='lat' dir='ltr'><strong>iucem</strong></span> <span class='ocrx_word' id='word_1_247' title='bbox 372 3013 504 3086; x_wconf 90' lang='lat' dir='ltr'><strong>quandam</strong></span> <span class='ocrx_word' id='word_1_248' title='bbox 519 3013 717 3069; x_wconf 88' lang='lat' dir='ltr'><strong>adducerentur</strong></span> <span class='ocrx_word' id='word_1_249' title='bbox 735 3020 762 3068; x_wconf 93' lang='lat' dir='ltr'><strong>et</strong></span> <span class='ocrx_word' id='word_1_250' title='bbox 782 3010 952 3086; x_wconf 86' lang='lat' dir='ltr'><strong>patefierent,</strong></span> <span class='ocrx_word' id='word_1_251' title='bbox 973 3015 1039 3071; x_wconf 91' lang='lat' dir='ltr'><strong>nibil</strong></span> <span class='ocrx_word' id='word_1_252' title='bbox 1054 3018 1081 3072; x_wconf 92' lang='lat' dir='ltr'><strong>in</strong></span> 
     </span>
     <span class='ocr_line' id='line_1_30' title="bbox 125 3097 1082 3170; baseline 0.006 -21"><span class='ocrx_word' id='word_1_253' title='bbox 125 3110 158 3149; x_wconf 93' lang='lat' dir='ltr'><strong>eo</strong></span> <span class='ocrx_word' id='word_1_254' title='bbox 179 3102 301 3166; x_wconf 86' lang='lat' dir='ltr'><strong>tempore</strong></span> <span class='ocrx_word' id='word_1_255' title='bbox 322 3097 349 3151; x_wconf 94' lang='lat' dir='ltr'><strong>in</strong></span> <span class='ocrx_word' id='word_1_256' title='bbox 368 3113 428 3170; x_wconf 86' lang='lat' dir='ltr'><strong>rep.</strong></span> <span class='ocrx_word' id='word_1_257' title='bbox 450 3099 508 3170; x_wconf 90' lang='lat' dir='ltr'><strong>geri</strong></span> <span class='ocrx_word' id='word_1_258' title='bbox 529 3097 688 3153; x_wconf 88' lang='lat' dir='ltr'><strong>uoluerunt:</strong></span> <span class='ocrx_word' id='word_1_259' title='bbox 710 3098 802 3170; x_wconf 88' lang='lat' dir='ltr'><strong>itaque</strong></span> <span class='ocrx_word' id='word_1_260' title='bbox 823 3113 873 3170; x_wconf 86' lang='lat' dir='ltr'><strong>per</strong></span> <span class='ocrx_word' id='word_1_261' title='bbox 892 3113 939 3153; x_wconf 91' lang='lat' dir='ltr'><strong>eos</strong></span> <span class='ocrx_word' id='word_1_262' title='bbox 954 3098 1011 3154; x_wconf 88' lang='lat' dir='ltr'><strong>dies</strong></span> <span class='ocrx_word' id='word_1_263' title='bbox 1026 3116 1082 3155; x_wconf 89' lang='lat' dir='ltr'><strong>uon</strong></span> 
     </span>
     <span class='ocr_line' id='line_1_31' title="bbox 125 3178 1081 3253; baseline 0.003 -19"><span class='ocrx_word' id='word_1_264' title='bbox 125 3193 186 3234; x_wconf 87' lang='lat' dir='ltr'><strong>cum</strong></span> <span class='ocrx_word' id='word_1_265' title='bbox 201 3178 281 3235; x_wconf 84' lang='lat' dir='ltr'><strong>hoste</strong></span> <span class='ocrx_word' id='word_1_266' title='bbox 296 3196 389 3235; x_wconf 89' lang='lat' dir='ltr'><strong>manus</strong></span> <span class='ocrx_word' id='word_1_267' title='bbox 405 3179 593 3251; x_wconf 87' lang='lat' dir='ltr'><strong>conserebant,</strong></span> <span class='ocrx_word' id='word_1_268' title='bbox 613 3197 668 3236; x_wconf 94' lang='lat' dir='ltr'><strong>non</strong></span> <span class='ocrx_word' id='word_1_269' title='bbox 683 3182 817 3236; x_wconf 82' lang='lat' dir='ltr'><strong>exercitus</strong></span> <span class='ocrx_word' id='word_1_270' title='bbox 832 3179 1011 3253; x_wconf 80' lang='lat' dir='ltr'><strong>scribebatur,</strong></span> <span class='ocrx_word' id='word_1_271' title='bbox 1027 3199 1081 3238; x_wconf 93' lang='lat' dir='ltr'><strong>non</strong></span> 
     </span>
     <span class='ocr_line' id='line_1_32' title="bbox 125 3261 1080 3339; baseline 0.002 -22"><span class='ocrx_word' id='word_1_272' title='bbox 125 3264 232 3318; x_wconf 91' lang='lat' dir='ltr'><strong>comitia</strong></span> <span class='ocrx_word' id='word_1_273' title='bbox 253 3261 436 3333; x_wconf 83' lang='lat' dir='ltr'><strong>habebantur,</strong></span> <span class='ocrx_word' id='word_1_274' title='bbox 462 3281 518 3320; x_wconf 79' lang='lat' dir='ltr'><strong>noo</strong></span> <span class='ocrx_word' id='word_1_275' title='bbox 541 3265 611 3319; x_wconf 90' lang='lat' dir='ltr'><strong>aliud</strong></span> <span class='ocrx_word' id='word_1_276' title='bbox 633 3266 775 3338; x_wconf 88' lang='lat' dir='ltr'><strong>quicquam</strong></span> <span class='ocrx_word' id='word_1_277' title='bbox 797 3266 823 3320; x_wconf 95' lang='lat' dir='ltr'><strong>in</strong></span> <span class='ocrx_word' id='word_1_278' title='bbox 845 3281 903 3337; x_wconf 89' lang='lat' dir='ltr'><strong>rep.</strong></span> <span class='ocrx_word' id='word_1_279' title='bbox 930 3265 981 3320; x_wconf 89' lang='lat' dir='ltr'><strong>nisi</strong></span> <span class='ocrx_word' id='word_1_280' title='bbox 1008 3267 1080 3339; x_wconf 89' lang='lat' dir='ltr'><strong>quod</strong></span> 
     </span>
     <span class='ocr_line' id='line_1_33' title="bbox 125 3343 1080 3418; baseline 0.003 -18"><span class='ocrx_word' id='word_1_281' title='bbox 125 3343 217 3402; x_wconf 88' lang='lat' dir='ltr'><strong>ultima</strong></span> <span class='ocrx_word' id='word_1_282' title='bbox 242 3348 387 3403; x_wconf 87' lang='lat' dir='ltr'><strong>necessitas</strong></span> <span class='ocrx_word' id='word_1_283' title='bbox 410 3347 585 3418; x_wconf 86' lang='lat' dir='ltr'><strong>admonebat,</strong></span> <span class='ocrx_word' id='word_1_284' title='bbox 613 3347 871 3404; x_wconf 87' lang='lat' dir='ltr'><strong>administrabatur&#39;.</strong></span> <span class='ocrx_word' id='word_1_285' title='bbox 896 3378 934 3388; x_wconf 90' lang='lat'>—</span> <span class='ocrx_word' id='word_1_286' title='bbox 959 3347 1031 3407; x_wconf 81' lang='lat' dir='ltr'><strong>Fest.</strong></span> <span class='ocrx_word' id='word_1_287' title='bbox 1056 3366 1080 3403; x_wconf 88' lang='lat' dir='ltr'><strong>v.</strong></span> 
     </span>
     <span class='ocr_line' id='line_1_34' title="bbox 125 3427 377 3502; baseline 0.02 -17"><span class='ocrx_word' id='word_1_288' title='bbox 125 3427 239 3485; x_wconf 82' lang='lat' dir='ltr'><strong>iiundus</strong></span> <span class='ocrx_word' id='word_1_289' title='bbox 261 3447 289 3502; x_wconf 92' lang='lat' dir='ltr'><strong>p.</strong></span> <span class='ocrx_word' id='word_1_290' title='bbox 308 3428 377 3491; x_wconf 78' lang='lat'>157.</span> 
     </span>
    </p>

    <p class='ocr_par' dir='ltr' id='par_1_10' title="bbox 125 3511 1083 3755">
     <span class='ocr_line' id='line_1_35' title="bbox 186 3511 1082 3593; baseline -0.002 -23"><span class='ocrx_word' id='word_1_291' title='bbox 186 3511 232 3572; x_wconf 88' lang='lat'><strong>10.</strong></span> <span class='ocrx_word' id='word_1_292' title='bbox 256 3513 283 3568; x_wconf 90' lang='lat' dir='ltr'><strong>Si</strong></span> <span class='ocrx_word' id='word_1_293' title='bbox 306 3513 460 3571; x_wconf 87' lang='lat' dir='ltr'><strong>uolentibus</strong></span> <span class='ocrx_word' id='word_1_294' title='bbox 482 3513 559 3570; x_wconf 93' lang='lat' dir='ltr'><strong>uobis</strong></span> <span class='ocrx_word' id='word_1_295' title='bbox 582 3516 644 3585; x_wconf 88' lang='lat' dir='ltr'><strong>erit,</strong></span> <span class='ocrx_word' id='word_1_296' title='bbox 667 3516 765 3588; x_wconf 89' lang='lat' dir='ltr'><strong>inquit,</strong></span> <span class='ocrx_word' id='word_1_297' title='bbox 788 3517 815 3571; x_wconf 93' lang='lat' dir='ltr'><strong>in</strong></span> <span class='ocrx_word' id='word_1_298' title='bbox 831 3515 945 3593; x_wconf 76' lang='lat' dir='ltr'><strong>medium</strong></span> <span class='ocrx_word' id='word_1_299' title='bbox 962 3513 1082 3587; x_wconf 89' lang='lat' dir='ltr'><strong>proiero,</strong></span> 
     </span>
     <span class='ocr_line' id='line_1_36' title="bbox 126 3596 1083 3671; baseline -0.002 -20"><span class='ocrx_word' id='word_1_300' title='bbox 126 3612 193 3670; x_wconf 88' lang='lat' dir='ltr'><strong>quae</strong></span> <span class='ocrx_word' id='word_1_301' title='bbox 216 3596 250 3653; x_wconf 91' lang='lat' dir='ltr'><strong>de</strong></span> <span class='ocrx_word' id='word_1_302' title='bbox 274 3597 322 3654; x_wconf 82' lang='lat' dir='ltr'><strong>irae</strong></span> <span class='ocrx_word' id='word_1_303' title='bbox 344 3598 436 3653; x_wconf 91' lang='lat' dir='ltr'><strong>eadem</strong></span> <span class='ocrx_word' id='word_1_304' title='bbox 459 3614 535 3655; x_wconf 87' lang='lat' dir='ltr'><strong>causa</strong></span> <span class='ocrx_word' id='word_1_305' title='bbox 558 3598 627 3671; x_wconf 91' lang='lat' dir='ltr'><strong>apud</strong></span> <span class='ocrx_word' id='word_1_306' title='bbox 650 3601 755 3653; x_wconf 76' lang='lat' dir='ltr'><strong>Ateium</strong></span> <span class='ocrx_word' id='word_1_307' title='bbox 772 3597 928 3671; x_wconf 88' lang='lat' dir='ltr'><strong>Capitonem</strong></span> <span class='ocrx_word' id='word_1_308' title='bbox 951 3596 1083 3670; x_wconf 82' lang='lat' dir='ltr'><strong>pontificii</strong></span> 
     </span>
     <span class='ocr_line' id='line_1_37' title="bbox 125 3680 1083 3755; baseline -0.004 -20"><span class='ocrx_word' id='word_1_309' title='bbox 125 3680 190 3736; x_wconf 90' lang='lat' dir='ltr'><strong>iuris</strong></span> <span class='ocrx_word' id='word_1_310' title='bbox 205 3681 278 3736; x_wconf 89' lang='lat' dir='ltr'><strong>inter</strong></span> <span class='ocrx_word' id='word_1_311' title='bbox 292 3682 394 3753; x_wconf 86' lang='lat' dir='ltr'><strong>primos</strong></span> <span class='ocrx_word' id='word_1_312' title='bbox 409 3685 524 3754; x_wconf 89' lang='lat' dir='ltr'><strong>peritum</strong></span> <span class='ocrx_word' id='word_1_313' title='bbox 540 3681 639 3755; x_wconf 81' lang='lat' dir='ltr'><strong>legisse</strong></span> <span class='ocrx_word' id='word_1_314' title='bbox 655 3682 778 3737; x_wconf 85' lang='lat' dir='ltr'><strong>memini:</strong></span> <span class='ocrx_word' id='word_1_315' title='bbox 794 3683 840 3754; x_wconf 90' lang='lat' dir='ltr'><strong>qui</strong></span> <span class='ocrx_word' id='word_1_316' title='bbox 856 3697 916 3738; x_wconf 88' lang='lat' dir='ltr'><strong>cum</strong></span> <span class='ocrx_word' id='word_1_317' title='bbox 932 3680 1008 3736; x_wconf 87' lang='lat' dir='ltr'><strong>neias</strong></span> <span class='ocrx_word' id='word_1_318' title='bbox 1024 3692 1083 3735; x_wconf 90' lang='lat' dir='ltr'><strong>esse</strong></span> 
     </span>
    </p>
   </div>
   <div class='ocr_carea' id='block_1_7' title="bbox 199 3841 692 3909">
    <p class='ocr_par' dir='ltr' id='par_1_11' title="bbox 199 3841 692 3909">
     <span class='ocr_line' id='line_1_38' title="bbox 199 3841 692 3909; baseline -0.002 -16"><span class='ocrx_word' id='word_1_319' title='bbox 199 3841 220 3909; x_wconf 90' lang='lat'><strong>¹)</strong></span> <span class='ocrx_word' id='word_1_320' title='bbox 234 3843 437 3907; x_wconf 80' lang='lat' dir='ltr'><strong>Supplementum</strong></span> <span class='ocrx_word' id='word_1_321' title='bbox 451 3861 498 3896; x_wconf 84' lang='lat' dir='ltr'><strong>suo</strong></span> <span class='ocrx_word' id='word_1_322' title='bbox 512 3848 568 3895; x_wconf 88' lang='lat' dir='ltr'><strong>loco</strong></span> <span class='ocrx_word' id='word_1_323' title='bbox 582 3845 692 3894; x_wconf 81' lang='lat' dir='ltr'><strong>restitui.</strong></span> 
     </span>
    </p>
   </div>
   <div class='ocr_carea' id='block_1_8' title="bbox 0 0 1202 4386">
    <p class='ocr_par' dir='ltr' id='par_1_12' title="bbox 0 0 1202 4386">
     <span class='ocr_line' id='line_1_39' title="bbox 0 0 1202 4386; baseline 0 0"><span class='ocrx_word' id='word_1_324' title='bbox 0 0 1202 4386; x_wconf 95' lang='lat' dir='ltr'><strong> </strong></span> 
     </span>
    </p>
   </div>
  </div>
 </body>
</html>
