2378 4386
157 549 221 616 310
446 564 508 602 otu
526 564 625 601 tussia.
642 544 692 602 Ill.
710 550 830 601 9⁶⁸-st

158 705 223 768 Μ’.
239 751 245 764 .
262 748 270 764 .
289 713 293 774 Ι
313 701 347 763 ¹si
368 707 476 765 debitor
497 706 615 763 mulieris
630 707 708 762 iussu
723 707 796 775 eius,
819 705 883 761 dum
906 707 987 762 modo
1003 712 1125 762 auctore

159 801 254 851 tutore
270 792 360 849 eidem
376 796 381 859 Ι
398 791 457 849 doti
471 791 543 849 dicat
558 790 631 866 quod
648 790 737 846 debet.
766 790 833 846 alius
850 799 940 846 sutem
957 787 1077 863 obligari
1091 806 1124 847 eo

157 879 238 935 modo
255 880 260 943 Ι
276 893 331 932 non
347 884 449 950 potest.
473 880 478 943 Ι
502 886 530 932 et
545 875 606 932 ideo
622 877 645 931 si
660 876 722 949 quis
738 874 808 931 alius
827 892 883 946 pra
898 878 1017 931 muliere
1032 876 1125 931 dotem

157 959 1172 1033 mmmmmmmmmmmfflmmoemmmfflum*

158 1052 226 1103 artie
240 1047 398 1117 stipuletur
410 1045 549 1111 matritus.
592 1039 644 1104 96.
664 1038 752 1101 ²lte1u
771 1061 826 1100 uno
846 1045 980 1118 loquente
999 1051 1026 1099 et
1042 1048 1123 1109 sinet

157 1134 383 1204 interrogatione
404 1133 456 1187 aiii
471 1132 656 1201 promittente
675 1130 859 1186 contrabitur
879 1130 1028 1202 obligatio,
1050 1133 1077 1185 si
1092 1131 1125 1184 ii·

158 1215 258 1271 berlus
270 1222 395 1286 patrono
407 1221 458 1272 aut
469 1217 573 1271 donum
584 1223 636 1271 aut
646 1230 750 1270 munus
762 1220 813 1269 aut
824 1229 932 1285 operas
943 1229 974 1269 se
989 1215 1125 1270 daturum

158 1314 222 1357 este
241 1303 367 1371 iurauit,
390 1307 418 1356 et
435 1305 440 1369 Ι
456 1301 479 1355 si
494 1299 561 1355 baec
580 1297 636 1355 solo
652 1315 731 1354 causa
748 1306 806 1367 est,
829 1314 860 1354 ex
883 1315 935 1372 qua
951 1297 1123 1354 iureiurando

158 1383 330 1440 contrahitur
346 1388 351 1450 Ι
367 1382 510 1458 obligatio.
546 1400 612 1439 sane
634 1398 664 1438 ex
686 1383 734 1438 alia
756 1382 829 1437 nulla
850 1399 930 1438 causa
952 1381 1124 1438 iureiurando

92 1464 150 1519 154.
159 1467 283 1524 homines
299 1461 304 1546 Ι
321 1468 494 1542 obligantur,
516 1469 611 1541 utique
626 1483 687 1523 cum
708 1467 854 1540 quaeritur
869 1467 903 1523 de
918 1468 977 1522 iure
992 1467 1124 1523 Romano·

93 1533 110 1572 “
125 1542 143 1574 ''
157 1567 228 1609 rum.
250 1570 311 1610 uam
324 1555 398 1627 apud
407 1553 568 1626 peregrinos
581 1551 645 1624 quid
656 1553 724 1608 iuris
735 1553 781 1623 sit,
791 1551 961 1625 singularum
974 1552 1122 1608 ciuitatium
1134 1566 1189 1618 {aas

160 1638 218 1693 iura
234 1640 405 1712 requirentes
421 1637 492 1694 aliud
509 1636 671 1709 intellegere
687 1629 864 1710 poterimus.³

222 1716 269 1778 97.
293 1721 320 1778 Si
336 1722 374 1792 ld,
390 1721 463 1795 quod
478 1721 536 1777 dari
551 1720 724 1794 stipulamur,
741 1720 793 1777 tale
809 1722 854 1793 slt,
871 1730 901 1776 ut
917 1719 975 1775 dari
990 1737 1044 1776 nou
1060 1737 1124 1794 pos·

158 1806 209 1877 alt,
232 1807 337 1862 inutilis
360 1815 403 1863 est
425 1803 579 1878 stipulatio,
609 1805 687 1860 uelut
708 1806 732 1860 si
755 1807 817 1877 quis
839 1806 974 1860 homiuem
998 1804 1123 1876 liberum,

157 1959 241 2009 dotem
259 1959 368 2007 dixerit.
405 1956 464 2005 Hae
483 1962 581 2004 tantam
599 1962 653 2005 tres
661 1937 803 2019 'personae
822 1958 894 2004 nulia
915 1957 1124 2019 nuerropattone

155 2029 329 2091 praecedente
344 2033 455 2091 possunt
469 2027 583 2076 dictione
602 2027 671 2076 dotis
689 2028 800 2092 legitime
820 2025 940 2090 obligari.
970 2025 1048 2073 Aliae
1063 2042 1124 2075 vero

153 2113 284 2163 personae
302 2100 327 2147 si
341 2112 393 2162 pro
413 2099 520 2146 muliere
539 2098 622 2148 dotem
641 2098 698 2147 uiro
714 2097 896 2160 promiserint,
920 2097 1047 2144 cornazani
1066 2098 1124 2144 inre

158 2169 273 2235 obligari
286 2168 385 2226 debent,
400 2169 429 2218 id
442 2175 488 2226 est,
503 2175 531 2216 ut
545 2175 570 2217 et
584 2163 784 2233 interrogata(e)
799 2165 985 2229 respondeant,
1003 2173 1027 2213 et
1041 2167 1123 2229 stipu-

158 2241 213 2289 lata
224 2242 385 2303 promittant.
410 2240 433 2302 ξ.
443 2251 466 2289 4.
481 2238 544 2289 Item
558 2247 583 2289 et
596 2241 650 2288 alio
661 2254 732 2297 casu,
746 2253 797 2287 uno
812 2240 929 2301 loquente
941 2243 966 2285 et
975 2237 1032 2284 sine
1042 2238 1123 2286 inter·

157 2312 294 2375 repertione
309 2312 358 2359 alii
368 2313 533 2373 promittente
547 2310 713 2361 contrahitur
725 2308 858 2373 obligatio,
873 2308 902 2356 id
914 2315 961 2366 est,
976 2309 1001 2357 si
1015 2308 1125 2357 tibertus

154 2387 270 2444 patrona
284 2387 330 2430 aut
344 2382 436 2431 donum
447 2390 593 2431 autmarus
607 2389 652 2430 aut
666 2394 761 2444 operas
773 2380 932 2429 sedatorum
942 2394 997 2429 esse
1012 2381 1125 2429 iurarit:

159 2453 251 2516 inqua
266 2468 295 2502 re
309 2454 458 2516 supradicti
475 2452 563 2503 liberti
577 2468 627 2502 non
648 2460 699 2501 tarn
715 2450 850 2502 verborum
864 2452 1031 2509 solennitate,
1050 2466 1124 2516 quam

158 2523 336 2573 iurisiurandi
354 2526 481 2590 religione
500 2525 654 2574 retinentur.
687 2521 741 2571 Sed
753 2523 825 2571 nulla
845 2524 929 2571 altera
946 2522 1124 2585 personulae

158 2594 251 2644 ordine
266 2594 380 2661 obligari
390 2592 494 2659 potesl.’
529 2593 661 2643 ltrnmtur
675 2593 724 2642 boc
738 2594 849 2658 singulis
864 2592 957 2651 uerbis,
972 2608 1037 2657 quae
1051 2591 1123 2641 Stdo

158 2667 186 2714 in
200 2665 250 2716 leae
260 2681 289 2730 p.
304 2669 390 2732 legere
404 2669 493 2723 licuit,·
508 2682 566 2716 nam
581 2667 631 2714 iam
646 2681 670 2714 o.
685 2676 705 2715 s.
719 2664 777 2728 sere
791 2671 901 2714 exeunte
915 2662 1041 2727 (perinde
1056 2671 1083 2712 ut
1098 2664 1123 2710 in

158 2738 218 2800 epit.
230 2748 251 2799 s,
260 2749 305 2799 Μ
320 2737 407 2803 initio)
422 2739 547 2802 apparuit
562 2774 568 2785 .
584 2773 590 2785 .
606 2773 613 2785 .
628 2735 699 2801 s(ant
713 2751 776 2785 uero
791 2737 868 2784 etiam
882 2734 956 2800 a)iiae
968 2735 1123 2796 obligationes

159 2847 165 2860 .
181 2844 187 2856 .
203 2845 210 2857 .
225 2810 319 2860 deinde
329 2826 352 2859 a.
363 2821 375 2860 t
385 2809 623 2871 videturseriptum
635 2807 720 2868 faisse
735 2843 741 2855 .
757 2843 763 2854 .
779 2805 855 2870 (atio)
870 2805 933 2855 nullo
948 2806 984 2854 sic
999 2804 1124 2867 obligando

159 2915 166 2928 .
182 2917 188 2928 .
205 2915 211 2928 .
226 2887 251 2929 et
265 2881 301 2929 ad
314 2895 370 2937 res,
390 2895 455 2944 quae
472 2880 528 2928 doti
541 2879 596 2927 diei
607 2884 743 2941 poterant,
760 2878 919 2940 pertinuisse
935 2893 957 2926 o.
972 2888 1124 2927 10....cor·

159 2949 226 3013 poral
247 2987 253 3000 .
273 2985 280 2998 .
300 2986 306 2998 .
345 2950 478 2999 Personas
496 2964 558 2998 vero
577 2949 646 2998 dotis
668 2948 783 2998 dictione
801 2947 955 3013 obligandas
973 2945 1124 3010 spectabant

159 3034 225 3083 quae
239 3027 382 3084 sequuntur
397 3036 419 3068 v.
435 3032 535 3070 lt—ls:
553 3035 619 3084 quae
633 3019 768 3081 Epitomae
782 3033 830 3081 ope
844 3019 880 3068 ad
892 3033 993 3068 sensum
1005 3017 1123 3079 suppleta

159 3091 182 3151 5.
197 3091 246 3140 95⁸.
262 3092 288 3138 in
304 3097 451 3139 contextum
465 3092 584 3154 recipere
598 3104 679 3139 ausus
692 3105 755 3139 sum.
817 3086 838 3153 ¹)
853 3090 885 3138 In
899 3089 948 3138 itae
962 3089 986 3149 ξ.
997 3088 1075 3149 prius
1089 3085 1124 3133 ad

164 3155 213 3208 V¹²
231 3161 365 3209 lectionem
380 3162 443 3209 mire
463 3162 591 3210 diuersam
605 3162 727 3210 restituta
743 3175 811 3209 nanc
830 3176 896 3224 quae
910 3160 1072 3210 coniecerant
1084 3170 1125 3205 se·

159 3229 271 3280 cundum
285 3229 375 3293 Suppi.
390 3229 428 3280 St.
439 3248 467 3294 p.
483 3231 510 3280 X
514 3232 539 3280 X
545 3231 604 3280 XII
610 3233 688 3280 multo
697 3232 786 3294 aptius
795 3232 946 3293 reformari.
1002 3223 1024 3293 ¹)
1039 3227 1125 3277 Etiam

158 3301 232 3360 baec,
246 3315 312 3364 qaae
327 3308 388 3364 post
400 3304 513 3366 epatium
526 3318 636 3352 uacuum
651 3303 677 3351 in
698 3297 747 3349 11¹²
759 3309 912 3365 sequuntur,
927 3308 978 3349 tarn
989 3316 1084 3363 parum
1098 3300 1125 3347 in

159 3371 280 3435 Epitonta
299 3380 395 3421 mutata
414 3389 469 3423 esse
488 3381 611 3437 apparet,
631 3374 773 3422 recollata
792 3387 823 3422 ea
842 3388 898 3421 cum
922 3371 949 3419 V
950 3366 971 3403 ⁸¹
989 3378 1014 3421 et
1034 3369 1125 3434 Suppl.

158 3440 197 3491 St.
213 3449 291 3492 totam
306 3444 329 3505 ξ.
345 3444 381 3492 ad
398 3459 498 3494 sensum
517 3445 625 3507 reficere
644 3444 758 3492 licuerit.
789 3442 857 3493 Puta
875 3450 958 3491 tamen
975 3457 1027 3505 pro
1041 3443 1126 3505 spatio

159 3521 184 3562 et
198 3527 233 3562 ea
246 3521 327 3564 mente
345 3513 406 3564 Gaii
424 3524 484 3565 ante
504 3512 614 3564 ‘iurauit’
635 3514 782 3564 addendum
800 3528 855 3562 esse
871 3510 1008 3576 ‘conceptis
1022 3506 1125 3562 uerbis’.

162 3578 185 3650 ⁸)
203 3582 293 3634 Stdus
310 3586 427 3645 adnotat,
446 3588 473 3635 in
493 3586 519 3634 V
521 3582 543 3617 ’ἵ
555 3592 617 3649 post
634 3585 766 3648 poterimus
785 3585 903 3633 incertas
922 3586 997 3648 sequi
1015 3583 1126 3640 umbras,

161 3670 226 3719 puae
241 3657 359 3706 velutad
373 3658 396 3706 in
411 3657 464 3706 aliis
479 3657 559 3705 ualere
575 3658 708 3706 lectionem
727 3655 857 3719 quadrent
870 3654 918 3703 sed
928 3656 1045 3717 fortasse
1059 3662 1127 3704 totae

157 3726 248 3788 salian
261 3730 360 3790 species
374 3730 433 3778 sint.
467 3727 568 3777 Deinde
582 3727 700 3793 sequitur
714 3727 783 3775 linea
798 3741 889 3775 vacua.

232 3847 257 3920 ξ.
274 3854 316 3904 ot.
338 3853 375 3914 Cf.
392 3851 423 3900 L.
439 3864 459 3901 1.
475 3852 498 3911 ξ.
514 3863 534 3901 s.
554 3851 587 3913 l).
598 3851 630 3900 de
643 3850 692 3900 obl.
707 3858 732 3901 et
745 3857 796 3900 act.
808 3853 853 3915 (tt,
864 3847 896 3915 t).
917 3849 988 3913 Epit.
999 3861 1020 3910 s,
1034 3862 1055 3901 s.
1071 3851 1094 3910 ἓ.
1106 3859 1126 3899 t.

161 3923 201 3984 fii.
217 3935 237 3973 1.
253 3936 272 3975 s.
293 3923 315 3973 I.
330 3923 362 3971 de
377 3923 441 3971 inat.
455 3923 515 3985 stip
532 3921 563 3986 (s,
578 3921 622 3986 19).
