2378 4386
172 500 235 565 680
364 514 425 549 noa.
445 514 480 548 er
499 512 563 550 nore.
583 512 676 550 neuun
695 511 806 551 consur.
824 491 858 546 X.
878 497 901 546 8.
920 498 944 545 9.

172 674 271 727 suero,
294 672 380 730 eaque
395 657 435 711 uti
452 653 498 711 tibi
514 657 678 729 permisero,
701 663 794 711 mutua
818 654 903 728 magis
919 650 1041 722 uidetur,
1059 670 1144 728 quam

172 742 309 816 deposita,
330 757 360 796 ae
376 755 425 813 per
440 739 492 795 ltoo
507 739 628 813 periculo
645 749 693 796 tuo
709 741 770 796 erit.
814 734 862 794 to.
888 730 934 792 ¹Si
949 753 1008 792 rem
1024 738 1100 811 apud
1117 747 1145 796 te

172 827 321 900 depositam
345 821 514 895 uendideris,
531 841 645 899 eamque
666 825 829 893 redemeris,
857 830 975 895 postque
996 837 1056 879 eam
1080 841 1142 898 per·

172 909 289 980 diderls,
308 908 393 965 semel
409 906 525 965 admisso
542 909 616 978 dolo,
637 901 825 983 'perpetuata²
840 906 956 979 depositi
973 907 1084 964 actione
1103 918 1142 966 te·

173 993 288 1051 neberis.
336 989 375 1049 11.
399 986 456 1047 ³Ex
478 1010 558 1050 eausa
586 995 703 1067 depositi
733 992 794 1067 lege
817 990 958 1047 duodecim
983 989 1140 1049 tabularum

172 1080 200 1137 in
215 1078 327 1152 duplum
344 1078 414 1135 aetio
430 1077 525 1150 datur,
542 1079 630 1135 edicto
647 1079 780 1151 praetoris
795 1079 821 1133 ln
837 1075 972 1148 simplum.

236 1162 301 1237 llap.
326 1162 390 1219 Vlll.
435 1160 672 1238 Gregorianus
700 1160 792 1218 libro
819 1177 859 1218 ιν.
883 1158 945 1216 suli
968 1160 1079 1217 titulo
1102 1162 1141 1218 de

172 1242 363 1323 deposito.⁴
399 1247 466 1321 lmp.
488 1248 638 1303 Alexander
662 1249 693 1303 Α.
717 1246 826 1302 lleslrio
853 1244 940 1305 militi.
985 1240 1079 1318 ’(δί)5
1101 1247 1142 1302 ἰιι·

173 1349 255 1392 eursu
277 1332 414 1389 latronum
437 1342 593 1388 ornamenta
616 1331 737 1405 deposita
758 1330 827 1404 apud
847 1327 1023 1388 interiectum
1047 1329 1081 1385 ab
1103 1333 1142 1386 eis

173 1421 324 1494 perierunt:
349 1417 539 1473 detrimentum
555 1417 588 1471 ad
603 1415 717 1473 heredes
733 1417 801 1484 eius,
824 1416 870 1487 qui
891 1413 1048 1486 depositum
1065 1432 1142 1472 eece·

173 1506 224 1578 pit,
240 1505 286 1577 qui
301 1501 394 1557 dolum
411 1509 515 1557 tantum
532 1510 667 1575 praestare
684 1499 786 1570 debuit,
802 1515 856 1555 nou
872 1499 1003 1572 pertinet.
1035 1497 1142 1566 Quodsi

175 1580 342 1662 'praetextul
357 1586 490 1641 latrocinii
507 1587 643 1642 commissi
658 1602 719 1655 res,
742 1601 810 1656 quae
832 1585 858 1638 in
877 1590 1014 1656 potestate
1031 1582 1142 1640 lreredis

175 1679 248 1740 suut,
265 1687 320 1726 non
333 1671 529 1739 restituuntur,
545 1678 599 1724 tam
612 1669 738 1742 depositi,
755 1685 833 1742 queam
847 1659 937 1742 ’(αιὶ)7
955 1666 1142 1724 erlrilrendum

175 1757 256 1827 actio,
276 1754 324 1810 sed
341 1756 409 1810 etin
431 1770 487 1810 rem
505 1753 650 1810 uindicatio
666 1756 806 1826 competit.
846 1753 927 1825 Prop.
943 1767 999 1808 vu.
1016 1751 1075 1807 lial.
1092 1752 1142 1811 lul.

175 1839 287 1897 llaairno
302 1839 344 1895 bis
360 1847 386 1894 et
403 1838 507 1895 Urbano
523 1832 610 1895 coss⁸

238 1923 305 1999 ltap.
339 1923 381 1980 tx.
433 1923 557 1979 Paulus
594 1921 686 1978 libro
725 1937 970 1995 responsorum
1008 1936 1038 1981 v.
1078 1923 1142 1980 sub

176 2009 282 2066 titulo
306 2025 342 2064 ex
366 2008 482 2063 locato
506 2017 536 2062 et
559 2006 745 2063 conducto.
784 2000 879 2079 ‘J‘lmp
896 2007 1050 2061 Antoninus
1069 2006 1142 2063 lulio

175 2095 334 2168 Agrippino.
377 2091 506 2147 liorninus
526 2092 687 2147 horreorum
708 2090 857 2165 periculum
883 2092 924 2146 uis
947 2091 1068 2160 maioris,
1094 2092 1142 2146 uel

175 2178 333 2233 elleaeturae
354 2174 489 2230 latronum
512 2169 759 2250 '(conduclori)¹⁰
781 2185 919 2249 praestare
941 2191 995 2230 non
1019 2175 1143 2248 cogitur.
1159 2190 1181 2242 {a

176 2260 222 2316 llis
236 2259 414 2329 cessantibus,
432 2261 454 2314 si
469 2259 533 2331 quid
550 2275 582 2315 ex
598 2260 730 2333 depositis
743 2259 836 2331 relius,
850 2259 958 2316 inlaesis
970 2260 1144 2316 extrinsecus

175 2344 280 2399 horreis
296 2344 386 2416 periit,
410 2342 536 2400 damnum
551 2344 738 2418 depositorum
755 2346 847 2401 sarciri
871 2343 960 2400 (lebet.
998 2344 1082 2417 Prop.
1099 2362 1143 2402 ιν.

174 2427 243 2485 Non.
266 2427 334 2483 liou.
351 2428 487 2484 Antonino
508 2433 539 2485 Α.
560 2446 602 2487 1v.
627 2424 668 2506 (et
689 2423 828 2507 Balbino)
846 2427 933 2486 coss'
944 2422 968 2461 ¹¹
984 2458 1027 2470 —
1042 2428 1144 2486 Paulus

174 2513 328 2587 respondit:
351 2514 416 2569 satis
434 2513 625 2588 'praepositam
636 2507 660 2547 ¹²
675 2517 898 2572 constitutionem
914 2513 1066 2584 declarare,
1089 2514 1141 2586 his,

176 2600 221 2672 qul
237 2598 334 2656 horrea
351 2597 458 2671 locant,
475 2601 602 2656 maiorem
619 2601 672 2655 uim
689 2599 815 2674 imputari
832 2616 885 2655 non
904 2615 994 2672 posse.

466 2681 568 2745 Explicit
583 2680 664 2730 rirmus
680 2681 708 2729 de
728 2681 846 2744 deposito.

175 2884 207 2933 Ι).
223 2885 254 2934 de
268 2884 320 2935 reb.
335 2885 404 2935 cred.
422 2886 466 2948 (ιε,
482 2885 511 2950 1).
531 2885 562 2933 L.
577 2896 603 2936 tl
615 2900 657 2947 pr.
674 2884 705 2935 D.
722 2884 803 2933 arrrrnd.
819 2882 864 2947 (lt,
880 2882 910 2946 1).
979 2880 997 2947 ¹)
1017 2883 1057 2946 0„
1072 2884 1105 2934 L.
1122 2899 1141 2936 1.

174 2957 196 3018 ξ.
208 2968 241 3008 aa.
258 2956 289 3004 D.
301 2957 386 3019 depos.
404 2956 448 3019 (lu.
464 2958 494 3019 a).
562 2954 582 3022 ²)
596 2954 700 3017 Scripsi
713 2971 748 3004 or
758 2956 789 3003 L.
800 2967 833 3005 91.
850 2956 872 3015 ξ.
887 2966 900 3004 a
916 2970 968 3018 seq.
984 2954 1016 3004 D.
1028 2955 1060 3004 de
1072 2956 1141 3005 verb.

175 3026 223 3077 obl.
239 3027 284 3091 (aa,
300 3027 329 3092 1).
349 3028 381 3075 L.
396 3039 429 3078 aa.
444 3029 467 3088 ἓ.
484 3040 502 3077 1.
527 3026 560 3076 Ι).
575 3027 734 3088 defideiuss.
750 3025 800 3092 (aa,
819 3025 850 3090 1).
874 3034 1012 3088 perpetuam
1029 3025 1059 3077 B.
1085 3042 1141 3090 per-

174 3106 244 3160 petue
265 3098 310 3150 Ve.
325 3106 440 3161 perpetuo
461 3097 501 3145 Vi.
517 3098 556 3145 ed.
573 3096 613 3145 Bi.
671 3093 692 3160 ⁸)
709 3097 747 3159 Cf.
766 3097 822 3145 Gor'.
837 3108 858 3157 i,
873 3107 907 3146 la.
921 3111 994 3158 supr.
1010 3096 1034 3145 lt.
1051 3105 1067 3146 t.
1083 3109 1104 3158 a,
1119 3110 1140 3148 a.

176 3165 196 3231 ⁴)
212 3168 244 3218 Io
259 3168 367 3217 Huenel.
385 3167 459 3231 Gany.
477 3168 503 3215 C.
517 3183 545 3230 p.
560 3178 593 3217 au.
614 3166 710 3216 Esaias
726 3168 756 3218 L.
773 3181 792 3217 i.
814 3168 839 3216 C.
855 3168 940 3230 depos.
957 3165 993 3232 (⁴,
1008 3166 1059 3233 aa),
1074 3184 1142 3233 quoe

175 3239 244 3303 quod
257 3239 367 3301 arrrplius
386 3237 460 3285 dubet
480 3245 594 3285 utronno
613 3236 770 3288 Triboninno
785 3238 901 3287 additum
922 3239 968 3295 ait,
988 3255 1022 3287 an
1039 3240 1065 3287 r'n
1083 3239 1141 3288 Cot-

175 3310 271 3358 lutione
281 3308 402 3370 perierit,
414 3309 564 3370 plerumque
580 3309 704 3356 incertum
717 3317 761 3358 eat.
815 3307 835 3375 ⁶)
850 3308 894 3357 Ex
907 3309 966 3358 Cod.
977 3309 1001 3357 J.
1011 3311 1139 3373 supplevi.

176 3374 257 3443 ⁶)Ex
273 3377 331 3427 Cod.
345 3377 369 3424 J.
395 3392 421 3424 ex
441 3385 563 3439 praetextu
581 3378 642 3426 cdd.
658 3379 733 3435 edd.,·
752 3380 799 3429 sed
812 3387 934 3443 praetextu
955 3382 995 3429 uel
1009 3381 1054 3429 sub
1069 3396 1141 3445 prae-

174 3448 359 3497 texludieitur.
417 3443 436 3511 l)
452 3448 521 3498 Pitlr.
532 3451 660 3512 suppleuit
671 3465 705 3499 em
717 3451 776 3500 Cori.
788 3451 812 3498 J.
870 3447 892 3515 ⁸)
907 3463 989 3502 naal.
1046 3447 1142 3516 ⁹)Eu·

172 3526 225 3568 atui
238 3519 296 3567 eine
310 3533 433 3581 responso
447 3519 560 3571 arrdieeto
575 3520 607 3569 L.
623 3534 643 3571 1.
665 3521 691 3570 C.
706 3523 738 3571 de
752 3524 800 3571 loe.
816 3522 848 3585 (a,
861 3520 905 3585 oa).
963 3518 996 3586 ¹⁰)
1012 3520 1057 3570 Er
1073 3522 1099 3571 0.
1115 3524 1140 3571 J.

173 3590 298 3652 supplevi.
323 3588 357 3636 Et
376 3591 423 3638 uico
441 3594 557 3641 consulto
575 3592 624 3641 doc
640 3592 754 3642 Colluior
773 3595 903 3646 omiserit:
922 3609 980 3642 rrum
999 3594 1023 3641 ai
1042 3596 1140 3643 reseri-

170 3667 243 3724 ptum
266 3660 302 3709 ud
324 3661 465 3724 depositum
484 3663 613 3724 refertur,
637 3679 724 3713 rurum
746 3680 796 3715 non
816 3672 866 3723 esi,
890 3664 1019 3714 dominum
1038 3665 1141 3727 eulpam

169 3738 310 3868 pgugsgege
324 3734 928 3871 oppletarktggegu{zcrespopnirrrdPngrllilsubieguzr
942 3750 1119 3855 reaponalmil

238 3839 243 3850 .
297 3840 302 3852 .
520 3821 666 3868 rrpaorreur
688 3843 693 3854 .
739 3822 769 3856 .e
790 3844 795 3855 .
927 3843 932 3855 .
965 3822 992 3855 ro
1011 3821 1071 3855 osta
1116 3821 1138 3853 e.

173 3875 322 3939 propositam
342 3874 382 3923 Vi.
399 3876 438 3927 ed.
456 3875 496 3925 Bl.
948 3823 962 3871 p
993 3821 1008 3870 p
