2378 4386
112 612 153 671 26
453 618 481 655 rr.
500 618 611 654 enarro
629 618 729 654 cronno.

173 746 207 805 Α.
230 744 404 812 Rectissime,
432 750 460 798 ει
488 741 597 815 quidem
624 743 676 798 ista
698 742 767 799 duce
789 744 873 799 errari
895 742 971 799 uuilo
994 751 1075 816 pacto

134 836 216 884 mm

113 847 132 904 p
173 911 226 967 vit,
250 907 295 969 21.
317 909 358 966 M.
381 908 466 964 dasne
481 910 566 982 igitur
581 909 633 964 hoc
647 907 736 980 nobis,
754 907 897 982 Pomponi,
909 925 970 964 nam
982 907 1076 977 Quinti

110 996 175 1052 noui
190 994 362 1064 sententiam,
382 991 496 1048 deorum
510 993 692 1049 inmortalium
715 993 753 1062 ui,
774 1000 880 1063 natura,
896 994 1010 1065 ratione,
1026 1009 1077 1066 po·

110 1085 220 1149 testate,
235 1086 340 1149 mente,
354 1077 481 1148 numine,
496 1077 554 1130 siue
570 1075 643 1148 quod
658 1084 699 1131 εει
715 1074 785 1131 aliud
801 1075 932 1147 uerbum,
948 1092 1002 1150 quo
1018 1076 1076 1150 pia·

110 1162 171 1217 nius
190 1158 339 1235 significem
355 1159 428 1234 quod
444 1159 524 1230 uolo,
545 1167 668 1215 naturam
684 1175 790 1214 omnem
805 1160 880 1232 regii
901 1177 963 1215 nam
986 1161 1008 1215 si
1023 1153 1076 1216 hdo

110 1260 166 1301 non
181 1244 289 1319 probas,
305 1243 338 1299 ab
353 1260 385 1299 co
402 1242 480 1298 nobis
495 1255 576 1299 causa
592 1242 721 1298 ordienda
735 1250 778 1298 est
793 1244 973 1316 potissimum.

174 1329 208 1384 Α.
231 1327 268 1384 Do
280 1342 354 1400 sano,
375 1327 399 1382 si
416 1325 553 1400 postulas;
577 1329 677 1381 etenim
694 1333 806 1399 propter
823 1327 895 1382 hunc
913 1336 1075 1385 concentum

110 1412 200 1468 auium
215 1412 414 1484 strepitumque
429 1407 568 1466 fluminum
584 1425 639 1464 non
654 1424 753 1465 uereor
771 1409 1020 1483 condiscipulorum
1040 1427 1076 1467 ne

113 1497 176 1571 quis
191 1494 323 1552 exaudiat.

174 1579 215 1636 M.
238 1578 319 1651 Atqui
341 1576 489 1632 cauendum
511 1584 572 1645 est3
594 1575 684 1632 solent
706 1578 788 1648 euim,
810 1577 837 1633 id
859 1576 932 1650 quod
953 1580 1075 1634 uirorum

110 1663 244 1718 bonorum
265 1669 318 1732 est,
338 1658 481 1715 admodum
501 1660 597 1733 irasci,
618 1675 668 1716 uec
682 1676 749 1716 uero
762 1660 867 1732 ierant,
888 1663 911 1716 si
931 1661 1075 1733 audierint,

110 1754 139 1801 tc
153 1747 268 1819 primum
283 1751 365 1816 caput
380 1742 440 1799 libri
456 1745 550 1818 optimi
570 1743 731 1816 prodidisse,
748 1745 777 1800 in
792 1761 846 1818 quo
862 1745 981 1818 scripsit,
997 1744 1076 1801 ‘nihil

112 1845 206 1884 curare
222 1828 300 1884 deum
316 1843 366 1883 nec
381 1827 423 1881 sui
439 1842 489 1882 nec
504 1827 606 1883 alieni!

173 1908 221 1971 22.
242 1912 278 1967 A.
302 1909 398 1984 Perge,
414 1925 528 1982 quaeso:
548 1925 608 1966 nam
622 1909 658 1980 id,
682 1910 756 1984 quod
778 1909 826 1967 tibi
843 1913 977 1982 concessi,
994 1928 1075 1984 quor·

111 2012 158 2052 sus
172 1997 306 2069 pertineat
322 2001 445 2066 expecto.

172 2079 214 2135 M.
236 2077 296 2133 Non
318 2077 411 2133 faciam
430 2076 555 2150 longius,
583 2076 637 2133 huc
656 2077 727 2132 enim
752 2078 887 2151 pertinet,
909 2076 1005 2132 animal
1023 2077 1076 2135 hoc

110 2163 265 2235 prouidom,
279 2178 371 2235 sagas,
387 2160 537 2234 multiplex,
558 2168 678 2237 acutum,
699 2176 812 2231 memor,
835 2160 945 2233 plenum
960 2162 1074 2217 rationis

111 2254 139 2303 ει
161 2246 283 2317 consilii,
304 2261 385 2319 quem
404 2258 533 2300 necamus
553 2244 704 2315 hominem,
726 2243 861 2317 praeclara
882 2245 995 2317 quadarn
1010 2260 1075 2300 con·

111 2330 216 2386 dicione
231 2337 390 2402 generatum
405 2344 465 2383 esse
479 2345 494 2383 a
509 2343 636 2401 supremo
651 2327 713 2383 deo.
740 2327 829 2383 solum
844 2337 887 2384 εει
903 2329 973 2383 euim
988 2345 1021 2385 cr
1033 2337 1076 2386 tot

111 2414 282 2469 animantium
298 2411 442 2486 generibus
457 2419 538 2485 atque
552 2413 655 2467 naturis
671 2413 806 2486 particeps
828 2414 941 2468 rationis
957 2422 985 2469 ct
1000 2414 1075 2486 cogi·

112 2497 234 2566 tationis,
258 2512 340 2570 quom
362 2503 451 2551 cetera
472 2497 527 2551 sint
547 2497 635 2551 omnia
655 2497 785 2569 expertia.
821 2496 885 2569 quid
911 2504 953 2552 cst
974 2504 1074 2567 autem,

111 2596 166 2636 non
181 2579 267 2637 dicam
282 2582 310 2636 in
324 2580 444 2651 homino,
459 2579 507 2636 sed
523 2581 637 2636 inomni
658 2579 733 2637 caelo
754 2589 837 2654 atque
857 2589 943 2652 terra,
968 2581 1075 2636 ratione

111 2663 245 2720 diniuius?
268 2680 336 2738 quae
359 2680 442 2737 quom
463 2663 583 2720 adoleuit
603 2673 684 2738 atque
702 2663 822 2737 periccta
841 2672 900 2734 est,
921 2665 1076 2720 nominatur

110 2749 163 2805 rite
177 2749 317 2822 sapientia.
347 2743 397 2807 28.
411 2757 453 2805 est
467 2749 561 2820 igitur,
577 2749 701 2821 quoniam
717 2746 783 2803 nihii
799 2755 840 2803 εει
855 2748 959 2802 ratione
980 2747 1075 2803 melius

111 2828 210 2904 eaque¹
231 2841 259 2887 et
273 2834 300 2886 in
316 2831 423 2887 homine
439 2842 467 2887 et
480 2833 508 2886 iu
524 2832 584 2900 deo,
607 2832 692 2904 prima
707 2829 808 2884 homiui
821 2846 882 2885 cum
897 2829 948 2885 deo
963 2831 1074 2886 rationis

111 2917 235 2970 societas.
270 2917 341 2970 inter
366 2930 435 2988 quos
458 2923 548 2969 autem
568 2914 652 2982 ratio,
674 2913 746 2965 inter
767 2910 877 2967 eosdem
899 2915 979 2967 etiam
1001 2920 1074 2969 recta

111 2991 197 3053 ratio²
217 2999 366 3053 communis
387 3005 448 3065 est;
470 3011 538 3068 quac
561 3010 621 3051 curn
642 2995 678 3048 sit
698 2991 752 3063 lex,
773 2993 835 3067 lege
852 3010 962 3067 quoque
977 3010 1073 3050 conso·

111 3081 173 3138 ciati
192 3080 314 3136 homines
335 3096 395 3135 cum
415 3079 456 3134 dis
477 3077 589 3151 putandi
608 3091 712 3131 sumus.
746 3077 817 3132 iuter
837 3092 906 3149 quos
928 3091 1010 3148 porro
1033 3087 1075 3133 εει

111 3166 265 3222 communio
287 3162 367 3235 legis,
388 3163 458 3217 inter
477 3175 525 3215 cos
540 3160 693 3215 communio
708 3159 774 3214 iuris
789 3167 847 3226 εει;
871 3158 969 3231 quibus
984 3168 1075 3216 autern

111 3249 177 3304 haec
196 3255 260 3303 suut
280 3247 351 3301 iuter
371 3260 418 3298 cos
445 3243 610 3312 communia,
633 3243 657 3297 ei
679 3241 795 3297 ciuitatis
817 3241 938 3297 eiusdem
961 3241 1073 3300 habendi

110 3339 184 3387 sunt.
214 3331 237 3386 ai
253 3343 319 3384 uero
335 3327 419 3382 isdem
433 3327 550 3399 imperiis
566 3333 593 3380 ει
608 3323 789 3398 potestatibus
804 3334 909 3396 parent,
925 3325 1012 3382 multo
1023 3328 1074 3382 iam

111 3414 214 3486 magis3
237 3416 332 3485 parent
352 3417 442 3464 autom
457 3408 520 3464 huic
535 3407 645 3464 caelesti
660 3407 836 3481 descriptioni
850 3411 989 3481 mentique
1005 3409 1074 3467 diul-

110 3510 160 3551 nae
175 3503 202 3549 et
217 3490 388 3566 praepotenti
404 3491 465 3547 deo.
493 3498 523 3546 ut
538 3492 590 3547 iam
605 3492 749 3547 uniuersus
764 3492 808 3548 hic
823 3492 939 3548 mundos
952 3489 1008 3568 (sit)
1022 3510 1074 3551 una

110 3578 205 3634 ciuitas
217 3575 365 3631 communis
376 3574 488 3631 deorum
500 3581 581 3648 atque
592 3575 730 3631 hominurn
741 3575 927 3633 existimanda.
958 3586 985 3634 et
1001 3577 1073 3651 quod

110 3661 139 3716 in
160 3656 315 3716 ciuitatibus
337 3659 440 3715 rationo
463 3658 592 3732 quadam,
622 3658 655 3714 dc
677 3675 728 3731 qua
750 3658 856 3716 dicetur
877 3659 976 3717 idoneo
999 3661 1073 3734 loco,

184 3845 203 3912 ¹)
219 3845 269 3896 AB
281 3855 318 3895 cst
331 3862 365 3896 ex
380 3847 509 3913 Modor‘pt't'
526 3849 559 3910 cj.
578 3846 683 3896 addidit
697 3847 727 3896 V.
762 3844 783 3914 ¹)
798 3856 823 3897 ct
840 3849 941 3899 addunt
955 3850 1009 3910 AB,
1032 3852 1072 3901 ed.

115 3918 146 3968 V.
165 3933 209 3983 par
228 3925 252 3968 ct
265 3920 297 3981 ci.
313 3919 386 3968 idem.
