2378 4386
49 39 1159 291 a

284 560 290 571 ,
377 590 384 604 .
407 546 473 583 tvm
491 546 586 583 ruem
605 545 675 582 stur.
694 526 714 580 Ι.
735 533 759 582 9.
994 529 1059 594 463

108 679 216 736 restitui
232 693 286 733 uon
302 683 401 750 potest.
436 672 464 733 2.
483 668 553 744 ¹Qui
569 676 665 731 minori
680 674 825 738 inundauit.
841 685 872 732 ut
886 676 997 751 negotia
1012 693 1060 732 suu

108 770 180 838 egat,
193 762 294 818 eteius
307 775 422 834 persona
435 760 461 815 iu
474 761 611 832 integrum
630 760 736 814 restitui
749 775 804 815 uon
821 767 927 832 potest;
939 753 1060 833 'quodsi²
1138 808 1142 815 .

109 848 196 903 minor
211 861 258 900 suo
274 853 371 917 sponte
384 844 500 916 negotiis
516 844 573 898 eius
589 844 774 913 intervenerit,
788 839 996 915 (restituendus
1007 848 1061 900 erit

108 947 144 988 ne
168 931 272 985 maiori
289 929 422 984 domnum
443 919 598 1002 occidet).³
635 922 666 998 ,8.
695 919 744 983 ⁴Si
766 928 851 984 maior
873 927 984 984 eiiectus
1006 944 1059 993 res.
1121 944 1128 959 ·

108 1030 174 1088 ques
197 1013 284 1069 minor
305 1013 372 1084 egit,
394 1004 494 1067 ’iacto⁵
516 1010 560 1066 uei
583 1009 691 1066 silentio
714 1010 910 1085 conprobauit,
934 1010 1061 1068 adversus

109 1099 161 1154 hoc
183 1111 291 1169 quoque
312 1097 340 1150 iu
366 1096 501 1168 integrum
524 1095 630 1150 restitui
652 1093 751 1149 trustra
773 1094 915 1151 desiderat.
958 1093 988 1154 4.
1015 1089 1061 1152 ist

110 1183 197 1237 minor
213 1181 308 1235 minori
325 1179 404 1235 ireres
419 1179 545 1243 exsistat,
561 1194 593 1233 ct
608 1194 656 1233 sua
672 1194 801 1251 persona,
822 1194 876 1235 nou
892 1195 925 1235 ex
939 1179 1061 1237 defuncti

109 1267 137 1321 in
152 1266 287 1338 integrum
303 1264 409 1319 restitui
425 1270 525 1336 potest.

154 1342 199 1423 [L.
217 1346 258 1404 34
271 1365 317 1419 pr.
334 1347 363 1418 S.
381 1348 408 1402 l.
432 1347 468 1402 D.
484 1348 520 1403 de
535 1348 635 1402 minor.
654 1342 698 1418 (4,
712 1339 773 1422 4)]

171 1427 200 1486 5.
225 1423 332 1503 ¹iiinor
353 1446 382 1486 se
405 1431 431 1485 iu
453 1429 504 1499 his,
528 1445 596 1501 quoe
611 1427 742 1485 fideiussit
764 1428 807 1484 uei
824 1426 1001 1502 iidepromisit
1016 1429 1061 1486 uel

109 1514 259 1589 spopondit
273 1513 318 1568 uei
332 1513 478 1582 mandauit,
492 1515 520 1569 in
536 1514 673 1587 integrum
688 1512 856 1569 restituendo
873 1529 947 1569 reum
963 1515 1061 1588 priuci-

110 1594 388 1672 paiemuonliberet.
489 1586 499 1605 '

377 1673 422 1754 [L.
439 1679 488 1737 te.
511 1680 560 1752 88.
578 1680 606 1736 1.
623 1679 653 1736 2.
675 1680 710 1737 D.
726 1674 802 1757 eon]

173 1759 201 1821 6.
226 1756 295 1830 8Qui
310 1764 398 1819 sciens
413 1763 585 1837 prudensque
600 1779 629 1819 se
645 1780 693 1838 pro
710 1765 812 1821 minore
828 1764 973 1839 obligauit,
997 1768 1019 1822 si
1035 1767 1061 1823 id

110 1846 237 1905 consulto
254 1845 367 1904 consilio
390 1845 469 1916 tecit,
490 1847 554 1904 iicet
575 1849 672 1904 minori
694 1857 878 1919 succurratur,
900 1849 952 1922 ipsi
974 1856 1061 1906 temen

109 1940 164 1988 non
179 1939 362 1990 succurretur.
404 1927 431 1989 7.
448 1923 553 1987 9Μίιιοτ
568 1931 698 1989 aduersus
719 1939 868 2007 emptorem
883 1933 910 1988 iu
925 1933 1060 2008 integrum

109 2017 253 2072 restitutus
283 2015 370 2088 pretio
396 2016 524 2071 restituto
547 2014 658 2071 iundum
687 2016 805 2089 recipere
828 2024 933 2091 potest;
957 2017 1061 2074 iructus

110 2101 222 2156 enimin
238 2100 485 2172 compensationem
501 2114 640 2155 usurarum
657 2116 738 2172 penes
760 2110 910 2176 emptorem
925 2115 1062 2157 remouere

109 2183 217 2256 placuit.
249 2180 279 2240 8.
295 2182 382 2238 Minor
393 2183 522 2239 aduersus
541 2181 731 2240 distractiones
746 2184 866 2241 'suorum
875 2178 899 2217 ¹⁰
915 2185 1059 2258 pignorum

111 2273 140 2321 et
155 2265 325 2337 iunctarum,
341 2283 395 2322 uon
412 2283 479 2340 quas
494 2272 571 2339 pater
583 2265 765 2338 obligaueru,
780 2271 802 2323 si
819 2271 869 2332 ite,
887 2277 916 2324 ut
932 2270 1061 2342 oportuit,

112 2365 126 2404 a
142 2349 275 2406 creditore
291 2350 433 2406 distractae
448 2351 513 2417 sint,
529 2353 636 2405 restitui
651 2352 678 2405 in
693 2352 829 2424 integrum
844 2361 946 2425 potest.

113 2426 186 2510 [Hic
202 2436 254 2490 rub
270 2438 311 2490 tit.
339 2435 388 2490 Ex
403 2435 505 2506 quibus
520 2438 618 2490 causis
633 2438 758 2491 maiores
773 2443 826 2491 ete.
840 2437 954 2507 quidam
965 2439 1062 2494 locent

261 2518 294 2574 L.
312 2517 361 2575 39.
385 2518 418 2573 Ι).
436 2535 475 2575 ex
490 2519 566 2591 quib.
583 2534 664 2574 cuns.
680 2520 745 2574 mei.
763 2517 803 2590 (4,
820 2514 874 2591 tii]
886 2512 909 2551 ¹¹

102 2700 108 2709 ·
184 2683 204 2748 ¹)
221 2685 257 2747 Cf.
274 2684 306 2735 L.
321 2696 354 2735 ut.
370 2684 401 2735 D.
417 2687 473 2736 cod.
542 2681 563 2750 ¹)
579 2684 690 2734 Restitui
703 2700 737 2733 ex
752 2684 783 2733 L.
798 2697 825 2735 et
834 2700 877 2747 pr.
897 2685 928 2733 D.
944 2685 968 2733 lt.
984 2693 1001 2734 t.
1016 2688 1062 2736 uisi

113 2755 174 2804 cdd.
190 2755 247 2804 edd.
299 2751 320 2818 ¹)
334 2753 456 2817 Suppleui
469 2771 503 2803 ec
517 2754 547 2804 L.
560 2767 586 2806 tt
597 2771 639 2819 pr.
656 2757 707 2813 eit,
722 2756 796 2804 cuius
811 2757 970 2818 insequentia
984 2755 1062 2805 verba

111 2840 146 2874 erc
161 2824 250 2874 Pautti
264 2824 306 2873 tto.
325 2824 373 2872 XI.
389 2825 424 2874 od
441 2827 551 2875 edietum
567 2828 649 2889 petitu
668 2842 723 2876 eum
743 2826 790 2876 ioc
805 2828 860 2875 ioco
875 2840 909 2873 ex
922 2823 1062 2875 Sententiis

111 2903 209 2957 sumpto
224 2897 358 2950 coaluisse,
376 2895 496 2944 Cuiuciur
511 2897 582 2946 vidit.
622 2896 751 2962 Visipotii
765 2903 859 2945 mutato
873 2896 958 2961 quodsi
974 2898 999 2944 in
1015 2897 1061 2946 nisi

111 2964 175 3015 leaeo
190 2967 283 3028 finalia
297 2964 374 3014 verbo
389 2968 470 3014 omitti
486 2981 561 3028 posse
580 2969 644 3016 maie
664 2966 837 3016 crediderunt.
903 2964 923 3022 ⁴)
940 2965 978 3029 Cf.
993 2966 1024 3016 L.
1039 2979 1060 3018 u.

112 3037 135 3097 ἓ.
152 3049 170 3086 t.
186 3035 218 3084 D.
233 3036 256 3083 t.
272 3043 288 3083 t.
304 3038 342 3083 tit.
360 3035 385 3083 C.
400 3037 424 3084 ei
438 3039 520 3085 maior
531 3037 595 3099 fact.
611 3035 642 3101 (t,
656 3036 701 3100 te).
766 3033 787 3100 ⁶)
802 3035 846 3084 Ex
861 3035 1013 3086 Rittcrekue.
1029 3039 1061 3099 ej.

112 3113 181 3168 pecto
197 3106 259 3154 Cetei.
275 3106 314 3154 ed.
329 3105 413 3154 Haeo.
428 3113 453 3154 et
467 3106 499 3154 A.
564 3103 585 3170 θ)
602 3107 737 3169 CfiL.19.
755 3106 786 3154 tt.
802 3106 826 3155 it.
841 3112 857 3155 t.
874 3105 905 3154 L.
920 3116 939 3156 5.
960 3108 983 3168 5.
999 3120 1018 3157 t.
1036 3106 1061 3156 C.

111 3177 143 3225 de
158 3184 230 3240 temp.
247 3178 273 3224 in
289 3178 335 3224 int.
350 3183 410 3224 rent.
425 3178 456 3241 (t,
466 3176 510 3241 ts).
564 3174 584 3242 7)
599 3177 701 3227 Mutata
715 3184 787 3226 eoetnt
798 3179 824 3225 in
835 3176 865 3225 L.
876 3188 902 3229 te
913 3192 955 3241 pr.
967 3177 998 3226 D.
1009 3177 1033 3226 ii.
1044 3183 1061 3227 t.

112 3243 133 3310 ⁸)
151 3247 187 3309 Cf.
205 3247 236 3294 L.
252 3258 276 3297 1s
288 3262 330 3309 pr.
346 3245 378 3296 1).
393 3246 417 3295 Ιι.
434 3253 450 3295 t.
534 3243 555 3310 9)
572 3247 610 3309 Cf.
625 3247 656 3296 L.
672 3260 705 3298 rt.
725 3249 748 3309 ἕ.
763 3260 783 3297 e.
804 3247 835 3296 L.
850 3258 884 3298 m.
904 3250 926 3310 5.
942 3259 961 3298 r.
981 3248 1013 3297 L.
1027 3259 1062 3298 eo.

112 3318 134 3378 §-
146 3329 166 3368 1.
186 3317 217 3365 D.
229 3317 283 3366 eod.
300 3315 332 3365 L.
346 3328 381 3367 ut.
396 3318 419 3378 ἓ.
429 3329 450 3367 t.
470 3317 501 3365 D.
516 3318 548 3366 de
562 3318 627 3366 adm.
643 3326 667 3367 et
678 3333 735 3382 per.
751 3317 794 3380 (te,
805 3319 835 3382 t).
890 3315 923 3382 ¹⁰)
937 3318 995 3368 Duo
1010 3334 1063 3366 mu·

111 3388 179 3444 taoi,·
193 3388 216 3435 Ιι.
233 3389 249 3435 ἱ.
262 3402 313 3450 pro
329 3401 411 3436 corum
426 3403 477 3436 una
488 3389 576 3437 littera
587 3390 789 3452 mutataecripsi
798 3402 894 3437 suorum
903 3396 928 3437 et
938 3397 1030 3452 poetea
1040 3404 1062 3437 o.

112 3472 166 3516 uon,
182 3472 247 3521 quoe
262 3459 288 3505 in
306 3457 473 3507 educente.
489 3465 547 3507 ante
562 3459 592 3507 its
608 3460 711 3524 ἱερέων,
726 3460 892 3522 transposito,
906 3461 1002 3522 scripsi
1016 3473 1063 3507 nou

112 3543 178 3590 quus,
194 3543 224 3576 ne
239 3529 287 3577 toti
299 3529 440 3577 sententiae
455 3527 486 3578 L.
502 3539 577 3591 supr.
597 3529 628 3578 D.
640 3529 663 3578 ir.
679 3537 696 3578 t.
711 3528 804 3594 (ipsius
815 3528 913 3594 Punite)
923 3536 947 3577 et
957 3528 988 3578 L.
999 3540 1018 3579 t.
1036 3529 1062 3578 0.

112 3600 136 3645 si
149 3599 206 3647 odo.
224 3599 295 3647 vend.
307 3600 381 3663 pipo.
398 3597 428 3663 (e,
439 3597 484 3664 eo),
499 3605 524 3648 et
538 3601 591 3648 tttts
605 3601 626 3648 si
641 3615 686 3648 uon
702 3600 781 3648 ite-
797 3599 923 3647 distrectoe
938 3600 986 3647 sint
999 3598 1030 3647 L.
1041 3610 1062 3650 5.

113 3667 138 3716 0.
153 3669 185 3717 de
201 3669 275 3717 distr.
288 3671 362 3733 pipn.
377 3668 412 3734 (e,
427 3668 464 3734 28)
483 3676 507 3718 et
521 3668 552 3718 L.
568 3680 588 3719 2.
616 3669 641 3719 0.
656 3671 680 3717 ri
694 3670 765 3718 vend.
777 3669 850 3733 pipn.
867 3667 902 3732 (8,
917 3668 953 3731 tto)
971 3669 1063 3718 aduer-

111 3745 206 3787 seutur.
238 3738 389 3787 Plancium
409 3739 539 3804 Visipotit'
557 3741 709 3802 interpretes
728 3740 818 3788 vitioso
838 3739 927 3788 codiee
942 3740 982 3786 usi
995 3746 1062 3787 runt.

117 3807 253 3874 Vulpatum
274 3810 405 3858 tectionem
426 3812 500 3859 uarie
518 3816 621 3857 tuentur
635 3807 750 3874 Snoipny
764 3808 862 3873 Sprtem
886 3806 946 3855 VII.
968 3822 994 3870 p.
1015 3819 1062 3858 lue.

112 3876 250 3945 Dernburp
267 3879 437 3943 Psondreckt.
452 3878 489 3928 Il.
501 3894 528 3941 p.
543 3890 591 3929 tut.
639 3876 671 3943 ¹¹)
690 3879 759 3939 Quae
771 3879 797 3928 lt.
812 3880 827 3928 t.
843 3878 966 3927 dicuntur
980 3877 1012 3924 de
1025 3890 1064 3934 eo,
