2378 4386
565 1040 614 1093 EX

230 1164 445 1238 EIVSDEM
472 1165 662 1237 AEMILII
690 1163 947 1237 PAPINIANI

442 1339 554 1381 opums
576 1339 670 1381 LIBRO
694 1341 737 1380 lx.

177 1452 386 1505 lucrementum
403 1449 458 1503 hue
477 1467 510 1504 ex
528 1449 677 1519 Papiniani
695 1465 892 1518 responsorum
910 1447 990 1502 libris
1008 1464 1074 1501 cum

109 1519 203 1588 Paulli
222 1520 252 1572 et
270 1517 384 1586 Ulpiani
402 1517 476 1571 notis
494 1516 631 1584 reliquiae
649 1533 740 1586 nuper
752 1520 903 1572 senserunt
914 1533 948 1572 ex
961 1514 1073 1569 laciniis

129 1585 279 1640 uibusdum
297 1585 520 1650 membranaciis,
540 1601 612 1653 quse
628 1585 698 1638 item
712 1601 747 1639 ex
759 1588 799 1639 Ae
840 1587 890 1653 pto
909 1586 939 1637 et
957 1583 1072 1651 regione

112 1672 122 1707 1
147 1652 315 1719 sentiquse
333 1653 463 1706 Arsinoes
480 1653 540 1715 rel,
559 1655 592 1706 ut
608 1655 673 1720 post
691 1668 725 1706 ea
743 1652 803 1706 rels
816 1669 864 1705 um
882 1654 937 1715 est,
955 1649 1073 1718 Serapei

110 1719 248 1774 oriundus
271 1735 345 1773 nunc
367 1719 479 1773 Parisiis
501 1721 530 1773 in
553 1736 650 1775 museo
673 1720 722 1773 ‘du
740 1719 863 1774 Lourre’
882 1719 1069 1784 asservantur,

111 1786 245 1857 vulgatae
263 1785 329 1841 inde
347 1786 398 1840 sub
416 1786 469 1840 hoc
487 1787 584 1841 titulo:
611 1792 706 1843 Teretes
727 1793 819 1842 inediis
837 1793 869 1840 de
887 1791 956 1840 dreit
973 1789 1071 1840 romain

108 1875 162 1924 pur
186 1858 215 1911 ll.
241 1859 359 1913 Dareste.
396 1860 474 1908 Paris
500 1862 572 1910 1883.
617 1855 689 1910 Sunt
711 1857 806 1909 eutem
825 1855 959 1921 quattuor
981 1852 1072 1906 frusta

109 1921 277 2001 opisthogra
296 1922 333 1976 hs
359 1938 495 1990 perquem
522 1922 617 1977 lueers
643 1926 673 1976 et
698 1923 803 1977 diversi
832 1921 920 1983 modi,
947 1920 1009 1984 sed,
1038 1918 1072 1972 ut

110 2006 203 2044 meum
221 1991 264 2043 est
308 1991 409 2044 crestio
420 1996 440 2054 ¹,
457 1988 540 2043 unius
558 1991 740 2059 eiusdemque
760 1989 821 2043 folii
833 1988 935 2043 litteris
951 1985 1070 2041 unciali-

109 2058 172 2123 bus,
191 2073 248 2111 uon
265 2072 329 2110 rsro
348 2057 434 2110 etism
448 2057 637 2127 singularibus
649 2059 708 2112 sire
721 2058 795 2112 notis
806 2058 884 2120 iuris,
903 2056 939 2110 ub
951 2057 1070 2122 utreque

110 2129 192 2195 purte
212 2126 241 2179 et
259 2124 346 2193 (quod
364 2125 510 2178 Dureetius
528 2142 641 2180 monere
660 2125 827 2195 supersedit)
868 2140 899 2178 er
910 2122 989 2177 binus
1001 2137 1072 2191 quus

109 2193 223 2263 propris
245 2209 319 2246 nunc
342 2194 456 2253 vocant,
484 2192 628 2245 columnas
655 2195 709 2247 scri
730 2195 766 2247 ti:
794 2143 897 2262 quiEus
922 2191 951 2244 in
978 2187 1073 2243 frustis

109 2261 188 2329 quod
210 2260 240 2313 iu
262 2261 321 2314 inte
343 2275 373 2312 ro
396 2259 506 2325 codice,
532 2259 626 2329 amplo
649 2262 685 2314 sd
708 2211 853 2315 dexterum
881 2262 910 2314 et
931 2258 1072 2312 sinistrum

111 2326 240 2397 margins
258 2277 367 2391 relieIo,
387 2327 522 2396 seriptum
542 2330 604 2381 erut
619 2328 647 2382 le
670 2332 734 2397 ique
753 2329 844 2382 adhuc
862 2328 969 2398 potuit,
989 2325 1074 2379 centu

110 2396 280 2517 purgatione
299 2397 329 2448 et
346 2395 477 2449 chemicis
498 2395 631 2449 remediis
649 2346 770 2451 Iertesse
788 2397 913 2450 nondum
931 2392 1073 2457 adhibitis,

65 2512 70 2517 .
137 2464 257 2518 erestius
270 2479 333 2516 cum
351 2465 447 2517 tumen
460 2479 516 2516 nen
529 2464 600 2527 octe,
620 2464 669 2517 sed
682 2464 839 2529 duedecim,
855 2465 886 2515 ut
902 2462 962 2531 ipse
976 2477 1011 2527 sp
1033 2459 1071 2512 el·

110 2530 165 2610 lat,
178 2530 290 2609 psginis
308 2530 532 2599 repraesentavit
548 2530 707 2598 litterisque
720 2529 898 2593 ABCDEF,
917 2477 1072 2581 efltsltn

110 2600 272 2666 lusignrvit,
296 2597 499 2676 amplissimum
522 2599 642 2650 frustum
666 2598 774 2666 ipsique
797 2595 925 2650 Dercetio
951 2594 1073 2662 primum

110 2664 313 2743 (AB-GH'),
340 2683 369 2718 m
396 2681 452 2734 quo
479 2668 578 2733 aperte
605 2664 678 2718 duee
709 2681 838 2718 versuum
865 2675 1028 2739 quenquam
1057 2675 1072 2712 e

110 2731 268 2801 longinquo
287 2734 413 2786 turture
428 2733 541 2809 positae
559 2734 645 2787 series
662 2733 690 2785 in
711 2731 810 2784 tebulu
831 2729 1005 2797 hehotypicu
1022 2742 1072 2794 up-

111 2802 227 2868 petent,
249 2801 374 2868 itemque
398 2799 489 2865 uliud,
512 2801 541 2852 iu
565 2817 619 2920 Ἑιο
638 2799 713 2853 idem
731 2799 800 2852 licet
817 2796 918 2850 tectius
936 2809 1073 2864 apparere

111 2870 209 2920 temen
226 2867 325 2944 negari
343 2883 397 2945 neu
415 2869 510 2987 petest
528 2867 571 2945 (I)¹
604 2867 737 2946 etuti),
755 2864 905 2929 utrobique
924 2861 992 2943 dues
1010 2860 1074 2939 illus

113 2948 246 2987 versuum
258 2950 342 2988 senes
354 2951 414 2988 erus
435 2950 480 2988 em
492 2935 573 2988 frustr
585 2937 671 2988 tacite
690 2950 741 3003 pre
760 2932 868 2986 duobus
886 2945 966 3000 quusi
977 2930 1074 2982 Irustus

111 3003 144 3055 et
160 3000 235 3055 soliis
253 3017 311 3055 esse
329 3002 429 3057 iubens
447 3004 477 3055 et
493 3001 612 3071 paginus
630 3000 793 3073 appellens,
817 3000 856 3053 sic
874 3000 936 3053 octe
955 2997 1074 3067 paginus

188 3141 208 3210 ¹)
223 3145 257 3194 lu
277 3145 346 3194 iure?
366 3145 456 3195 dubito.
490 3144 593 3193 Primum
608 3146 671 3194 enim
687 3141 807 3209 ‘paginus’
824 3144 859 3192 rel
874 3144 1004 3205 fragments
1019 3142 1037 3190 l
1052 3148 1076 3189 et

113 3215 130 3264 B
146 3217 180 3281 (iu
195 3223 261 3278 terge
277 3216 296 3265 G
312 3224 336 3264 et
350 3213 391 3282 Il),
406 3216 435 3265 dc
450 3215 536 3278 quibus
551 3217 631 3264 stetim
646 3216 748 3278 dicetur,
763 3231 818 3276 neu,
833 3222 858 3264 ut
873 3214 991 3278 opinerls,
1005 3213 1075 3262 bins-

112 3300 164 3336 rum
183 3287 291 3336 eiusdem
314 3287 364 3335 ielii
383 3287 559 3348 columnarum,
580 3288 621 3336 sed
640 3288 751 3337 biuorum
771 3287 881 3336 loliorum
900 3291 990 3334 tentum
1009 3297 1075 3332 com·

112 3357 254 3421 plicuterum
269 3358 412 3421 scripturum
426 3358 562 3417 continere,
581 3358 628 3406 ism
643 3359 714 3421 spetii
730 3357 891 3406 interiacentis
906 3355 992 3405 litteris
1007 3354 1074 3403 uscui

112 3429 249 3491 magnitude
264 3429 364 3490 evincit,
385 3428 455 3492 idque
470 3428 611 3477 confirment
626 3429 648 3476 ln
663 3429 792 3491 heliotypis
806 3425 1010 3490 complicationis,
1029 3438 1073 3488 qun

111 3513 140 3548 ex
155 3515 201 3549 unc
218 3499 264 3548 duo
280 3499 335 3548 lolia
351 3500 443 3560 gequs
459 3498 560 3561 fiebunt,
575 3500 703 3562 conspicue
720 3499 744 3547 iu
759 3499 850 3559 medie,
870 3499 894 3546 ni
909 3497 990 3557 lullus,
1010 3501 1075 3544 certe

112 3571 220 3633 vestigia.
250 3570 312 3619 idem
329 3584 384 3618 rere
398 3569 549 3618 statuendum
568 3569 661 3618 videtur
680 3570 752 3617 etium
771 3569 800 3617 de
816 3569 858 3617 DE
874 3575 897 3616 et
914 3567 964 3615 llh.
1003 3565 1075 3613 Prus-

111 3646 179 3690 tercu
194 3641 350 3690 etiamsinon
366 3641 469 3690 emnium
485 3636 646 3703 ‘pagiuurum’
664 3637 793 3705 (recturum
809 3639 844 3688 rel
858 3632 999 3698 versurum),
1015 3649 1075 3699 quse

113 3711 241 3776 plerusque
260 3717 351 3760 ιιιίιιι
370 3711 493 3760 columnae
513 3712 630 3760 incertum
645 3711 743 3759 eluistre
758 3725 787 3758 sn
802 3711 898 3759 dextere
914 3715 976 3768 sunt,
992 3719 1075 3754 versus

111 3783 279 3832 connumerari
290 3783 398 3845 possead
407 3781 578 3830 aestimandum
586 3789 693 3829 ceterum
703 3781 819 3829 Incertum
829 3779 920 3828 codicis
927 3776 1076 3827 silitudinem

113 3852 137 3901 iu
151 3855 234 3916 aprico
250 3860 298 3914 cst,
319 3859 397 3902 tumen
412 3852 484 3900 etism
506 3851 548 3900 huc
564 3851 655 3900 ratione
671 3865 684 3899 s
699 3850 825 3900 statuendo
844 3864 890 3898 uno
910 3854 998 3896 tantum
1018 3844 1076 3894 lullo

112 3925 276 3986 prohibemur,
291 3924 354 3987 quod
370 3924 393 3972 id
408 3922 527 3971 insolitum
542 3922 633 3972 ceditis
649 3920 796 3970 silitudinem
812 3919 945 3983 prucheret
