2378 4386
368 513 505 549 summisi
522 513 712 549 coorsrioiivis.
950 492 1012 558 631
1094 502 1098 511 ⁴

64 640 183 692 stemma
199 636 379 701 inserviisset,
398 636 457 690 sine
470 635 556 689 dubio
567 636 653 689 etiam
671 635 783 704 septimi
800 633 903 703 gradus
919 649 1015 702 perso·

64 721 117 826 gae
130 704 174 758 vel
186 704 285 783 saltem
298 704 409 823 ςῖὺήιιο
425 703 571 821 εοῦξίηανῂθ
590 702 792 822 ηαὶυῖεηᾳὺανθ
809 701 914 821 rethibus
931 702 1015 819 ςίῗεθῒ.

65 833 1017 967 r

66 974 153 1026 etiam
171 922 300 1026 crinibus
317 945 382 1039 lege'
393 968 478 1021 Furia
490 920 613 1036 exoegptis
625 970 752 1036 cognatis
765 968 891 1034 dederat,
910 969 1017 1035 postea,

66 1040 210 1103 Hadriani,
230 1042 262 1091 ut
274 1038 380 1106 opinor.
400 1036 491 1089 edicto
508 1040 554 1099 (an
568 1035 600 1090 D.
614 1034 719 1087 Marci?
739 1034 777 1088 Ca
797 1034 1017 1092 itol.11.l¹ront.

67 1124 110 1175 ep.
124 1113 148 1170 2,
163 1109 213 1173 11.)
225 1107 254 1158 iii
267 1103 395 1157 omuibus
410 1101 621 1166 hereditatibus,
641 1116 710 1167 quas
722 1101 766 1154 lex
778 1051 851 1154 iulia
861 1103 1019 1170 apprehen-

66 1174 166 1237 debat,
190 1173 226 1226 ad
246 1174 376 1238 quartum
400 1185 487 1235 usque
524 1168 631 1245 ,redum
641 1170 775 1222 statutam
794 1183 876 1245 esse„
889 1184 941 1245 ries
959 1168 1020 1222 veri

66 1239 197 1293 dissimile
217 1241 269 1301 est,
289 1254 323 1290 ex
341 1187 531 1312 iurisconsulli
549 1236 666 1311 alicuius
684 1236 717 1288 ut
744 1237 803 1311 'uta
820 1234 920 1288 Licinii
931 1234 1020 1288 Macri

67 1308 103 1360 ad
112 1308 205 1375 legem
215 1304 315 1357 Iuliam
328 1303 362 1356 de
375 1318 509 1356 vicesima
519 1302 718 1355 hereditatium
729 1253 809 1357 libris
820 1303 849 1355 id
861 1302 1018 1371 profectum

66 1390 135 1429 esse.
171 1371 257 1425 Plane
283 1371 306 1422 si
327 1369 447 1437 primam
470 1369 605 1438 originem
632 1373 754 1437 spectas,
781 1369 850 1424 haee
871 1369 907 1422 ad
929 1368 1019 1422 multo

67 1441 226 1557 stutiffiullffi
243 1441 372 1504 tempora
384 1436 531 1488 referenda
543 1436 604 1501 erit,
623 1453 685 1489 cum
694 1436 789 1556 'prisco
802 1452 879 1514 mora
891 1435 1019 1489 Romano

67 1501 760 1648 tildifi‘lttltitulatarum,
776 1503 892 1624 {fidit
909 1503 1020 1623 *titt

68 1639 133 1692 dem
151 1646 226 1689 uitae
238 1637 336 1714 'ortum
355 1637 385 1689 et
401 1652 482 1702 quasi
499 1651 611 1713 succum
628 1637 893 1755 nuptiasn‘prohiben
927 1637 1020 1714 mde-

68 1705 223 1757 monstrare
236 1704 381 1767 intererat,
396 1705 490 1756 ‘arbor
500 1706 709 1771 cognationum’
723 1721 751 1756 vi
772 1705 834 1756 etur
848 1719 1019 1757 successisse.

135 1769 279 1824 Eiusmodi
296 1768 401 1823 arboris
419 1770 507 1822 ferme
525 1769 554 1822 iii
571 1771 693 1838 speciem
710 1771 796 1823 etiam
813 1769 884 1822 illud
902 1773 1021 1822 stemma

69 1837 193 1892 effictum
217 1837 270 1901 est,
314 1836 370 1889 uod
387 1835 573 1904 Boeelsiiigius
596 1853 630 1890 ex
652 1837 751 1890 eodem
768 1836 828 1890 cod.
850 1835 1019 1901 victoriano,

89 1921 123 1958 iio
142 1903 281 1959 enarratio
294 1853 334 1957 (de
352 1902 486 1972 gradibus
504 1905 702 1980 cognationum
719 1904 886 1980 continetur,
905 1902 1020 1978 nonin·

68 1923 154 2026 ieritis
172 1971 266 2025 seculo
284 1974 382 2048 quarto
400 1970 444 2023 uel
463 1973 560 2037 quinto
579 1971 608 2023 id
626 1987 685 2024 esse
704 1972 789 2034 ratus,
806 1985 913 2037 primus
930 1968 1021 2022 edidit

67 2039 165 2107 illique
193 2038 319 2096 subiecit,
358 2036 419 2090 Hoc
441 2052 508 2090 vero
531 2052 622 2105 neque
648 2037 684 2090 ad
707 2036 776 2089 illud
803 2038 901 2104 caput,
928 2051 1020 2102 neque

67 2106 180 2160 omniuo
204 2105 240 2158 ad
262 2106 305 2158 ius
328 2103 576 2158 anteiustiuianum
598 2105 753 2172 pertinere,
778 2104 827 2157 sed
849 2102 936 2158 medii
957 2102 1021 2156 aevi

68 2173 184 2240 eiusque
213 2171 461 2246 iurisprudentiae¹
480 2170 682 2225 ecclesiasticae
712 2171 800 2248 letum
827 2187 901 2248 esse,
930 2170 1022 2223 multa

69 2235 800 2383 litteratis{inalterabiliter
812 2237 1022 2360 {deluditis

68 2374 152 2424 niano
170 2373 322 2436 retentam,
345 2385 417 2439 quas
439 2370 513 2423 intra
535 2373 642 2423 sextum
662 2371 708 2424 vel
729 2380 879 2441 septimum
902 2371 1021 2441 gradum

69 2436 449 2569 {lliltdtlmtttitilt
463 2438 1022 2558 {tetri0‘dl03t‘eiitiltttulit

70 2572 132 2626 loeo
171 2571 252 2634 osuit,
271 2570 361 2623 veteri
378 2544 612 2638 iurisprudentia’e
627 2522 683 2623 (issi
725 2573 765 2623 ari
783 2573 883 2638 potest.
914 2570 1021 2623 Deinde

68 2640 98 2692 iii
111 2588 243 2713 iufflriore
256 2635 362 2706 figurae
374 2639 455 2705 parte
468 2637 504 2689 ad
521 2638 556 2689 sti
567 2638 646 2689 >item
658 2652 689 2690 ar
710 2638 773 2700 oris,
791 2637 839 2705 qui
851 2638 1021 2690 descenden-

69 2710 112 2760 tes
131 2705 264 2768 coutinet,
282 2719 366 2772 caper
383 2720 401 2757 a
418 2703 530 2758 sinistra
548 2655 627 2767 (liaeo
646 2704 720 2756 enim
738 2704 842 2770 ubique
855 2705 897 2757 eet
914 2718 1021 2757 mascu-

69 2773 182 2839 lorum),
200 2785 285 2839 capra
296 2786 313 2823 a
325 2770 424 2824 dextra
435 2786 464 2824 se
477 2770 597 2823 invicem
609 2770 791 2824 amicabiliter
807 2771 937 2839 petentes
948 2773 1021 2823 stan·

69 2842 169 2904 tesqua
187 2838 216 2891 iii
233 2841 310 2890 terra
336 2854 408 2905 quae
420 2854 438 2890 a
449 2837 547 2905 quinto
566 2837 794 2892 descendentium
806 2836 896 2906 gradu
913 2836 1022 2912 incipit,

69 2905 228 2972 superiores
250 2877 353 2973 gradus
375 2903 452 2980 coelo
475 2906 601 2980 tenente,
628 2905 717 2957 multa
739 2921 802 2957 cuin
829 2905 889 2957 arte
916 2903 1023 2979 adpicti

70 2974 148 3037 sunt,
172 2988 229 3041 qua
247 2971 451 3024 ‘fecundissimi
475 2972 615 3024 animalis’
634 2973 745 3040 pictura
766 2987 847 3024 nemo
870 2983 926 3023 non
943 2969 1024 3023 videt

69 3038 234 3116 significari,
256 3054 274 3090 a
291 3038 389 3106 quinto
408 3038 521 3114 demum
563 3039 631 3116 radu
655 3056 691 3115 nu
714 3040 767 3115 tias
784 3038 933 3106 permissas
952 3052 1020 3116 esse,

69 3056 1024 3242 tlt”redimitorum”tlssei‘lllmirztlttttlt

70 3239 231 3293 Germanici
255 3239 324 3291 iuris
349 3253 431 3291 sensu
458 3239 591 3309 intelligi,
609 3241 791 3317 superiorem
817 3256 884 3294 vero
910 3241 1023 3360 1parterii

70 3305 187 3375 figurae,
205 3322 278 3372 quae
296 3307 429 3374 cognatos
448 3322 481 3358 ex
500 3307 714 3360 ascendentibus
731 3324 782 3375 pro
804 3308 893 3361 euitos
930 3323 1023 3361 emon·

70 3375 148 3439 strat,
165 3376 276 3426 tantum
289 3374 321 3425 ut
333 3372 417 3425 etiam
430 3371 484 3424 iuri
501 3373 578 3426 civili
590 3375 705 3492 eius3us
723 3391 774 3440 gra
796 3392 861 3427 uum
880 3377 1024 3443 computa·

10 3454 58 3502 5³5]
69 3441 140 3492 ttoni
158 3440 318 3499 satisfieret,
337 3438 462 3491 additam
481 3455 548 3494 esse.
585 3439 644 3502 Quo

70 3509 227 3572 merantur,
246 3506 327 3573 quasi
344 3506 388 3558 tot
404 3508 521 3559 naturae
539 3505 602 3574 lege
620 3507 688 3570 sint,
710 3507 766 3560 iam
785 3508 1022 3561 commendandae

69 3573 139 3648 legis
157 3573 360 3627 ecclesiasticae
379 3587 463 3625 causa
484 3573 737 3649 sactum-apparet,
760 3591 832 3641 quae
857 3574 1023 3642 aequissime

69 3657 173 3707 primos
187 3642 321 3707 quattuor
333 3637 447 3692 coelesti
465 3638 658 3706 prohibitioni,
677 3640 780 3693 alteros
797 3642 924 3694 terrestri
937 3640 1022 3694 licen·

69 3707 125 3760 tiae
144 3706 331 3775 adscripserit.
359 3705 417 3758 lam
431 3707 462 3758 ut
474 3706 543 3758 illud
555 3705 693 3758 hircinum
707 3708 876 3760 matrimonii
888 3707 1025 3775 iungendi

69 3772 227 3839 symbolum
245 3771 403 3826 clericalem
422 3772 480 3826 olet
497 3772 669 3828 matrimonii
690 3775 876 3837 contemtum,
899 3773 935 3826 ab
953 3774 1024 3826 anti·

70 3838 179 3904 quitata
197 3839 282 3907 plane
301 3840 432 3904 alienum,
454 3839 495 3892 ita
511 3856 563 3895 neo
582 3838 622 3890 rei
640 3839 853 3892 matrimonialis
871 3840 961 3906 gratia
978 3854 1028 3892 ve·

683 3457 749 3494 vero
768 3444 830 3494 octo
852 3441 956 3509 gradus
973 3456 1024 3493 nii·
1125 3488 1129 3495 .
