2378 4386
374 564 500 600 nonnanes
514 562 661 628 ussermann
681 551 793 601 69-76.
993 546 1057 610 421

110 703 240 768 quattuor
255 691 323 749 liunt
338 694 487 764 uicesimae,
504 694 555 750 hac
571 702 611 749 εει
626 693 695 750 duae
710 693 838 766 decimae,
854 710 923 768 quae
938 696 1060 768 superia-

111 778 183 834 ribus
199 780 305 834 iunctae
317 779 472 835 sestertium
485 777 631 851 complent.
668 773 717 835 69.
735 780 771 833 Αε
781 780 862 834 semis
876 780 965 835 nutari
980 778 1061 835 dehet

110 885 151 909 ε
165 890 199 901 -
213 857 272 931 ir,
289 868 403 918 uocatur
417 869 474 916 tres
488 860 594 917 libellae
609 862 715 936 singula
731 865 867 920 teruncius
883 871 910 919 et
924 870 989 919 suut
1005 868 1071 919 tres‘

110 945 242 1015 decimae,
264 961 317 1000 una
332 945 474 1015 uicesima,
493 960 545 1000 uua
561 945 779 1018 quadragesima,
801 948 852 1003 lucc
867 955 909 1003 est
923 956 1017 1021 quarta
1033 955 1061 1003 et

110 1038 204 1085 octaua
225 1029 358 1096 sestertii3
379 1035 525 1101 supersunt
548 1036 658 1084 octauae
673 1031 806 1103 quinque,
826 1030 851 1085 id
873 1039 915 1087 est
934 1032 1060 1087 semisses

111 1113 243 1187 quinque,
267 1120 297 1168 ut
319 1112 471 1185 compleant
485 1113 650 1168 sestertium.
686 1107 735 1171 70.
758 1113 912 1186 dupondius
933 1113 983 1170 hac
996 1122 1060 1170 ncta

110 1195 142 1268 ὃς
160 1205 292 1252 uacautur
307 1197 427 1268 qusinque
442 1192 558 1264 libellae,
574 1211 642 1268 quae
658 1202 722 1249 sunt
734 1197 852 1268 quinque
864 1196 994 1269 decimae;
1011 1199 1060 1255 luae

111 1278 259 1351 duplicatae
274 1280 428 1335 sestertium
450 1278 572 1350 impleut.
608 1274 649 1334 71.
667 1277 822 1351 liupandius
838 1282 918 1334 semis
933 1280 982 1335 hac
997 1289 1062 1335 ncta

111 1361 129 1417 S
142 1393 176 1404 -
190 1364 227 1432 'l3
244 1371 357 1419 uocatur
372 1379 418 1418 sex
430 1360 535 1418 libellas
548 1362 700 1434 teruncius3
713 1369 778 1417 sunt
787 1371 875 1418 autem
887 1378 934 1418 sex
945 1362 1061 1418 decimae

111 1456 138 1502 et
161 1446 374 1519 quadragesima,
398 1445 424 1500 id
446 1452 489 1500 est
503 1444 609 1499 dimidia
630 1453 658 1499 et
681 1451 776 1500 actaua
791 1448 889 1517 tatius;
912 1453 1061 1518 supersunt

111 1540 225 1587 octauae
242 1538 310 1597 tres,
333 1528 359 1583 id
375 1538 417 1583 est
432 1530 557 1583 semisses
580 1537 649 1598 tres,
672 1536 703 1583 ut
724 1529 877 1584 sestertium
900 1528 1061 1602 compleant.

108 1608 155 1668 72.
171 1613 276 1667 Tressis
291 1612 340 1667 hac
355 1607 555 1682 uotaS==133
571 1619 686 1666 uocatur
700 1620 803 1684 septem
818 1610 922 1668 libellas
937 1612 1060 1687 siugula3

111 1704 175 1749 sunt
191 1704 280 1750 autem
296 1710 356 1767 pars
372 1694 478 1749 dimidia
493 1702 522 1750 et
536 1695 603 1750 duae
619 1696 735 1751 decimae
750 1703 778 1751 et
791 1697 931 1765 uicesima,
952 1698 1004 1754 hac
1019 1702 1062 1754 εει

109 1795 173 1852 pars
188 1777 296 1833 dimidia
312 1787 338 1833 et
360 1786 469 1850 quarta;
491 1777 590 1834 desunt
610 1778 677 1834 duae
699 1787 822 1851 octenae,
844 1779 871 1834 ld
893 1788 935 1836 est
957 1790 1061 1854 quarta,

110 1879 179 1935 quae
199 1863 289 1917 iuncta
308 1861 416 1935 impleat
436 1863 599 1918 sestertium.
642 1858 687 1920 73.
709 1863 813 1919 Tressis
828 1864 909 1918 seruis
929 1864 978 1920 lunc
998 1873 1063 1920 uota

110 1945 128 2001 S
139 1970 181 1993 ει
193 1975 233 1985 -
245 1941 312 2017 2T3
346 1954 459 2001 necatur
481 1953 543 2001 acta
566 1945 669 2001 libellae
692 1947 797 2020 singula
819 1949 974 2011 teruncius:
998 1956 1062 2004 sunt

109 2046 170 2103 pars
183 2029 289 2084 dimidia
306 2037 334 2084 et
350 2037 404 2084 tres
420 2028 536 2086 decimae
551 2037 578 2084 et
594 2031 718 2086 uicesima
733 2039 761 2086 et
776 2031 993 2105 quadragesima,
1006 2026 1062 2088 bac

110 2122 228 2186 estpars
244 2112 349 2167 dimidia
370 2120 397 2167 et
419 2121 513 2185 quarta
536 2121 562 2168 et
583 2122 696 2183 octaua;
718 2123 843 2188 superest
865 2124 967 2185 octaua,
992 2131 1061 2189 quae

111 2196 213 2252 adiecta
227 2197 383 2251 sestertium
399 2196 543 2269 compleat.

172 2274 219 2338 74.
242 2278 341 2335 libella
364 2280 433 2340 dicta
453 2279 573 2335 creditur
589 2282 664 2353 quasi
678 2280 784 2355 'pusilla
799 2274 891 2338 ιιιεεε.1
924 2299 984 2339 nam
1000 2299 1059 2340 cuna

112 2362 175 2417 alim
191 2378 262 2418 asses
278 2361 376 2418 libriles
392 2373 502 2434 esseut,
523 2370 550 2419 et
564 2363 688 2421 denarius
704 2364 795 2423 decem
810 2382 884 2422 asses
900 2367 1017 2438 ualeret,
1033 2377 1060 2423 et

111 2446 210 2502 decima
225 2463 287 2520 pars
303 2446 403 2502 denarii
419 2444 530 2518 libram,
546 2464 613 2520 quae
629 2448 719 2505 eadem
736 2467 764 2505 as
780 2461 853 2518 erat,
868 2445 1004 2523 ’singula²
1018 2467 1059 2506 se·

110 2529 213 2599 libram,
229 2546 296 2603 quae
311 2528 402 2586 eadem
416 2533 498 2587 semis
512 2539 578 2602 erat,
595 2535 732 2588 teruncius
748 2533 923 2605 quadrantem
939 2532 1060 2603 haberet,

110 2616 168 2670 siue
182 2613 328 2669 denariaria
343 2614 402 2671 siue
413 2617 576 2670 sestertiaria
587 2617 656 2669 ralia
669 2613 860 2682 conficeretur,
871 2615 965 2669 iisdem
977 2615 1059 2684 natis,

110 2697 135 2752 ld
157 2707 200 2753 est
222 2696 371 2752 iibeiiarum
394 2706 420 2753 ει
442 2698 608 2771 singularum
631 2705 658 2752 et
687 2698 883 2764 terunciorum‚
909 2697 1061 2768 praeposita

111 2787 174 2835 nata
188 2780 290 2837 denarii
310 2781 354 2836 uel
376 2781 502 2843 sestertii,
526 2789 555 2836 ut
576 2789 634 2835 erat
655 2781 732 2848 ratic,
748 2793 808 2832 aera
831 2776 1060 2850 exprimebantur,

111 2858 157 2920 'ld-
185 2862 363 2938 Posteaquam
390 2866 416 2921 in
440 2864 553 2920 sedecim
582 2880 654 2919 asses
682 2862 805 2917 denarius
828 2860 987 2917 distributus
1010 2869 1060 2933 est,

113 2946 257 3004 denariaria
272 2949 342 3004 ratio
358 2947 507 3021 expeditius
522 2947 618 3005 caulici
633 2947 733 3019 caepit,
750 2954 779 3000 ut
794 2960 876 3018 supra
891 2944 992 3001 dictum
1003 2955 1060 3020 est;

113 3032 275 3087 sestertias-ia
297 3033 394 3088 mansit
416 3031 466 3086 sub
487 3030 580 3086 iisdem
603 3032 691 3101 natis,
714 3030 801 3085 ’aucta
823 3038 909 3084 tamen
925 3038 1061 3103 computa·

113 3107 212 3171 ιίοεε.3
253 3110 300 3174 76.
325 3114 393 3171 llaec
413 3131 522 3188 quoque
542 3114 630 3170 libella
651 3113 774 3187 exemplo
794 3115 922 3169 maiarum
943 3116 971 3170 iu
992 3114 1062 3171 duas

187 3253 206 3322 ¹)
221 3255 266 3304 Eae
276 3257 392 3320 pandere
403 3254 545 3312 dicebatur,
560 3263 688 3306 utaereus
698 3271 819 3314 nummus,
833 3255 919 3307 libella
929 3273 997 3315 uero,
1012 3273 1062 3308 nan

112 3325 191 3379 libra.
211 3329 272 3390 quia
287 3329 337 3375 ium
352 3342 408 3376 cum
422 3327 539 3375 denariis
557 3334 582 3375 et
595 3329 721 3376 sestertiis
734 3329 865 3393 arpenteis
879 3343 950 3377 asses
963 3328 1062 3378 libriles

113 3396 241 3446 imminuta
253 3396 369 3460 pondere
381 3396 552 3459 feriebantur.
601 3395 622 3463 ²)
634 3398 709 3447 Dicta
716 3398 839 3461 sortasse,
850 3399 918 3461 quod
927 3400 952 3446 in
963 3398 1063 3447 duabus

112 3466 214 3517 selibris
224 3469 337 3531 primum
350 3469 454 3531 singula
469 3482 635 3531 unaquaeque
649 3476 712 3516 erat.
778 3465 799 3532 ¹)
814 3468 872 3517 Huc
885 3470 924 3517 sic
940 3469 1061 3532 intellige.

114 3535 172 3586 Cum
186 3537 311 3586 denarius
324 3537 446 3593 sedecim,
464 3540 598 3586 sestertius
611 3545 731 3601 quattuor
745 3552 817 3588 asses
831 3540 916 3586 ualere
930 3540 1063 3600 caepisset,

113 3606 224 3665 libellas,
247 3610 367 3672 stapulas
386 3615 410 3656 et
429 3610 541 3656 teruncii
560 3610 661 3656 numina
684 3622 760 3656 sensu
777 3610 895 3671 ,qenerali
919 3609 1005 3670 accipi
1025 3609 1062 3654 in·

113 3686 243 3741 ceperunt,
259 3686 286 3726 ui
299 3678 480 3741 significarent
493 3680 615 3741 cuiusque
634 3680 751 3742 argentei
764 3679 869 3735 nummi,
889 3679 933 3726 cui
946 3678 1062 3738 applica-

112 3756 211 3811 rentur,
221 3749 352 3805 decimam,
362 3749 513 3809 vicesimam,
524 3749 743 3811 quudrapesimam
750 3754 858 3810 partem.
881 3746 952 3796 Unde
962 3759 1063 3793 neeesse

112 3827 176 3876 erat,
192 3825 219 3869 ui
232 3821 256 3868 si
269 3819 305 3868 ad
317 3820 461 3867 sestertium
476 3820 544 3868 ratio
559 3816 738 3880 conficeretur,
754 3820 779 3866 in
791 3817 979 3880 significatione
992 3814 1064 3862 aeris

112 3891 277 3938 excurrentis
288 3890 441 3951 computatio
449 3895 595 3952 auperetur.
617 3888 899 3947 Panamuseoeemplnm.
919 3881 1063 3942 Inantiquo
