2378 4386
439 1218 690 1272 (COMMENTARIVS
701 1219 871 1270 suerrum.)
1142 1230 1185 1278 [iii

128 1353 170 1404 55.
243 1350 266 1412 1.
296 1351 453 1425 Superiora
475 1355 679 1409 commentario
700 1351 735 1407 de
753 1355 818 1407 iure
833 1365 1028 1422 personarum
1050 1369 1131 1426 erpo·

129 1431 171 1474 ¹⁴·
182 1438 299 1499 suimus:
323 1435 403 1492 modo
420 1435 556 1493 uideamus
579 1433 720 1492 derebus:
744 1450 816 1508 quae
831 1434 876 1490 uei
890 1436 917 1490 in
930 1443 1026 1492 nostru
1048 1439 1131 1510 patri·

182 1523 273 1577 monio
289 1529 363 1592 sunt,
380 1520 424 1576 uel
439 1529 514 1576 extra
529 1528 651 1576 uestrum
667 1519 856 1592 patrimonium
871 1517 1012 1575 habentur.

247 1603 277 1662 2.
301 1605 408 1661 Summa
430 1607 521 1678 iraque
536 1620 626 1660 rerum
649 1602 745 1659 diuisis
767 1604 794 1657 in
816 1601 885 1658 riuus
907 1603 1034 1660 articulos
1057 1604 1132 1660 didu-

182 1678 277 1745 uitur:¹
291 1703 352 1744 nam
375 1688 442 1743 aliae
464 1695 528 1743 sunt
550 1687 633 1743 diuini
655 1687 732 1756 iuris,
755 1685 821 1741 aliae
841 1687 959 1743 humaui.
994 1683 1024 1744 8.
1048 1687 1133 1744 Diuiui

182 1773 248 1828 iuris
271 1780 336 1827 sunu
359 1772 443 1828 ueluti
467 1787 509 1827 res
532 1786 622 1826 sacrae
645 1778 672 1824 ei
694 1769 849 1843 religiosae.
885 1768 915 1826 4.
938 1769 1039 1828 Sacrae
1060 1783 1133 1840 sunt,

183 1872 256 1928 quae
287 1857 339 1912 Diis
368 1856 475 1928 superis
504 1861 675 1909 consecrares
704 1862 782 1919 suun
806 1854 962 1928 religiosae,
986 1871 1053 1929 quae
1081 1856 1133 1911 Diis

182 1938 303 1995 Manibus
325 1938 433 1994 relictae
455 1945 527 1993 sunt.
576 1932 604 1992 ⁶.
633 1935 685 1991 Sed
707 1952 811 1993 sacrum
835 1937 942 2011 quidem
972 1939 1023 1994 hoc
1045 1938 1132 1995 solum

181 2024 363 2090 existimatur,
386 2020 458 2094 quod
481 2036 520 2077 ea·
534 2020 692 2076 auctoritate
707 2020 800 2094 popuii
819 2021 928 2077 Romani
944 2030 1132 2077 consecratum

181 2115 234 2177 est,
246 2106 330 2162 ueluti
342 2105 403 2178 lege
415 2103 448 2159 de
459 2120 488 2160 ea
500 2120 529 2159 re
541 2104 593 2160 lara
605 2111 651 2159 aui
661 2112 771 2160 senatus
783 2105 908 2160 consulto
920 2104 998 2162 iacto.
1031 2100 1060 2160 θ.
1082 2104 1132 2160 Re·

181 2189 308 2264 ligiosum
324 2204 390 2243 uero
406 2196 499 2244 nostra
515 2186 654 2243 uoluntate
670 2187 781 2244 iacimus
797 2196 931 2244 mortuum
944 2187 1090 2243 inferentes
1105 2191 1132 2244 iu

181 2272 271 2329 iocum
287 2281 428 2342 nostrum,
445 2273 467 2326 si
488 2271 568 2327 modo
590 2273 646 2326 eius
662 2272 762 2327 mortui
778 2271 858 2327 sunus
874 2273 909 2328 ad
920 2288 971 2327 uos
993 2275 1134 2344 pertineat.

180 2351 206 2411 7.
231 2355 278 2411 Ser
294 2357 321 2411 iu
336 2354 493 2428 prouinciali
515 2354 576 2410 solo
596 2354 683 2428 placet
704 2355 841 2430 plerisque
867 2355 954 2412 solum
975 2355 1132 2430 religiosum

181 2455 236 2495 uon
251 2436 318 2504 fieri,
341 2441 403 2512 quia
425 2441 450 2495 in
467 2455 500 2494 eo
515 2437 584 2494 ’solu
607 2438 753 2494 dominium
776 2439 870 2512 pupuli
893 2438 1003 2495 Romani
1025 2448 1067 2495 est
1090 2440 1132 2495 uei

181 2521 318 2592 Caesaris,
338 2539 389 2579 uos
410 2533 498 2580 autem
520 2523 721 2597 possessionem
743 2530 846 2578 tantum
868 2522 911 2577 uei
936 2523 1132 2579 usumfructum

181 2608 280 2666 habere
295 2607 432 2681 uidemur;
451 2609 543 2680 utique
559 2616 657 2675 tamer,
674 2608 777 2662 etiamsi
793 2622 846 2661 uon
862 2607 897 2661 sit
912 2607 1067 2680 religiosus,
1084 2623 1132 2681 pro

181 2693 310 2767 relipioso
326 2693 453 2749 habetur:
476 2695 540 2748 irem
562 2691 633 2765 quud
650 2692 676 2745 in
692 2692 841 2764 prouinciis
856 2705 909 2745 uon
925 2706 957 2745 ex
973 2694 1133 2746 auctoritate

180 2778 274 2852 populi
289 2777 400 2832 Romani
415 2785 602 2833 consecratum
623 2784 679 2842 est,
700 2776 808 2848 proprie
823 2789 927 2828 sacrum
943 2789 997 2829 nou
1015 2775 1081 2843 'est‚
1103 2779 1185 2830 atini

179 2854 288 2917 iamen¹
314 2877 364 2933 pro
389 2877 466 2916 sacro
494 2858 614 2915 habetur.
656 2857 684 2915 8.
709 2859 822 2914 Sanctae
846 2872 955 2930 quoque
975 2873 1033 2928 res,
1058 2857 1133 2913 uelut

254 3024 273 3090 ¹)
288 3034 357 3074 esum
372 3024 472 3074 Bluhm.
497 3024 582 3073 Malui
595 3040 664 3073 nunc
677 3033 799 3082 statuere,
814 3027 840 3074 in
855 3025 895 3074 Iris
910 3028 1021 3075 litteram
1035 3039 1131 3087 sproa

179 3099 303 3159 scriptum
317 3097 355 3144 uei
370 3097 459 3144 lectam
474 3109 536 3144 ease.
568 3094 681 3144 Ceterum
697 3097 720 3143 iu
735 3097 865 3158 prouinciis
880 3099 934 3145 noli
948 3113 1004 3146 carm
1019 3094 1132 3144 Momms.

179 3174 203 3214 et
223 3167 264 3216 ed.
282 3164 355 3213 stud.
373 3179 424 3226 pro
441 3166 592 3228 glossemate
610 3165 705 3214 habere
724 3181 862 3229 nouamque
881 3166 923 3216 ric
942 3169 965 3229 ὃ.
981 3169 1015 3218 ⁵1⁸.
1026 3181 1132 3230 ponere.

180 3235 218 3298 Cf.
233 3237 255 3297 ξ.
271 3247 291 3286 s.
307 3235 329 3282 I.
345 3235 376 3282 de
391 3249 443 3283 rer.
459 3235 509 3282 diu.
525 3234 557 3299 (2,
572 3234 595 3299 1)
610 3234 694 3298 ibique
708 3236 849 3287 Schrader.

249 3389 274 3461 ᾖ.
292 3395 364 3442 1.=
375 3392 503 3455 pr.I.de
518 3408 570 3442 rer.
585 3392 703 3458 diuis.(r,
715 3393 745 3458 1).
796 3390 821 3461 ξ
837 3395 862 3442 2.
878 3394 998 3442 3.=L.
1010 3408 1029 3443 1.
1042 3411 1085 3457 pr.
1100 3394 1132 3442 Β.

178 3464 209 3512 de
224 3479 276 3513 rer.
292 3464 367 3512 diuis.
383 3462 413 3526 (ι,
426 3462 456 3525 8).
507 3460 532 3531 ξ.
548 3468 572 3514 4.
594 3465 631 3526 Cf.
647 3466 669 3525 ξ.
686 3475 705 3513 r.
721 3464 742 3511 I.
758 3464 790 3512 de
804 3477 856 3512 rer.
871 3463 922 3511 div.
938 3463 969 3527 (2,
986 3462 1015 3527 1).
1067 3461 1092 3532 ξ.
1109 3468 1132 3514 5.

180 3534 217 3596 Of.
233 3537 255 3596 ἓ.
271 3546 291 3585 8.
312 3534 332 3582 I.
349 3533 381 3583 ib.
401 3534 460 3584 Μ
471 3549 513 3596 pr.
534 3537 571 3596 ἓξ.
588 3549 607 3585 1.
623 3546 642 3584 2.
662 3534 693 3582 D.
708 3534 764 3582 eod.
784 3531 866 3597 (1‚8).
891 3532 922 3581 L.
942 3536 986 3581 ult.
1007 3534 1039 3580 D.
1061 3542 1087 3581 ut
1107 3536 1133 3581 in

174 3619 244 3668 poss.
260 3607 308 3669 lep.
324 3604 368 3668 (su,
383 3604 414 3667 s).
436 3604 487 3653 Cic.
503 3605 534 3653 de
549 3605 654 3668 harusp.
669 3617 736 3665 resp.
752 3615 772 3653 s.
788 3603 824 3651 ad
837 3603 917 3650 Arrio.
931 3613 952 3658 ⁴,
963 3613 983 3650 2.
995 3605 1018 3662 ξ,
1028 3613 1048 3651 a.
1067 3603 1131 3650 Fert.

177 3691 199 3724 v.
222 3675 349 3724 Sacratae
370 3678 446 3740 lepra.
466 3673 548 3724 Sacer
567 3690 636 3725 mons
653 3689 680 3737 p.
700 3684 747 3723 aru.
820 3667 845 3738 ξ
868 3673 892 3720 6.
921 3671 958 3733 Cf.
981 3672 1003 3730 ξ.
1019 3682 1039 3719 s.
1059 3670 1081 3717 I.
1101 3673 1132 3718 de

178 3760 230 3795 rer.
246 3747 297 3795 diu.
314 3744 384 3809 (2.1).
440 3741 465 3813 ξ.
482 3747 505 3794 i.
528 3746 565 3808 Cf.
577 3759 596 3802 r,
607 3758 627 3795 u.
642 3756 662 3799 u,
673 3753 706 3792 21.
716 3752 751 3791 aa.
773 3740 888 3789 frantia.
904 3739 935 3787 rie
950 3747 1063 3788 controv.
1074 3754 1131 3802 apr.

174 3833 201 3880 p.
218 3828 251 3869 ar.
268 3828 300 3868 ss.
316 3816 421 3866 Lacum.
447 3817 515 3864 Prin.
531 3830 569 3878 ep.
586 3825 623 3868 ru.
643 3824 669 3863 ss
689 3808 744 3874 (se).
768 3809 897 3872 Tueopuu.
914 3821 935 3869 ε,
951 3823 969 3859 ι.
989 3810 1012 3869 §-
1027 3821 1061 3859 ro.

177 3884 203 3956 ᾖ,
219 3891 243 3940 8,
260 3886 339 3935 ab.
356 3901 421 3952 lpr.
437 3886 469 3935 I).
484 3886 516 3934 de
530 3899 581 3933 rer.
597 3883 647 3931 div.
664 3880 694 3948 (1,
710 3879 740 3945 8).
756 3882 779 3941 §-
795 3879 936 3931 raised.
952 3877 983 3942 (i,
999 3877 1029 3946 1).
