2378 4386
116 641 179 696 Gaii
196 640 275 694 libris
293 642 329 694 ad
347 641 470 695 edictum
488 639 615 692 urbicum
633 639 737 692 alteros
755 640 791 692 ad
810 640 933 694 edictum
955 643 1067 708 provin·

52 768 56 774 .
116 709 185 762 ciale
203 707 369 761 substitutos
386 722 453 766 esse.
472 705 633 758 solennibus
649 707 745 758 tamen
763 707 890 773 partibus
909 710 938 761 et
949 708 1067 760 nomini·

114 775 168 826 bus
185 775 311 833 retentis,
328 772 358 825 id
377 789 439 826 curu
456 788 487 824 re
504 772 565 838 ipsa
582 770 732 825 verisimile
752 775 817 834 est,¹
837 775 897 826 tuni
917 789 949 827 eo
968 776 1066 826 confir-

114 840 215 902 matur,
235 841 309 907 quod
328 838 475 892 Iustiniani
494 840 551 891 teni
574 853 621 890 ore
633 837 698 890 libri
711 839 746 891 nd
759 839 881 893 edictum
894 841 1066 908 provinciale

114 905 218 973 integri
231 906 373 968 extabant,
392 921 427 958 ex
439 904 517 957 libris
583 905 626 960 ed,
639 905 766 958 urbicum
784 922 850 961 vero
868 909 896 959 in
915 908 1065 974 provinciis

115 971 223 1025 scilicet
239 973 375 1043 neglectis
392 973 502 1026 tantum
521 969 618 1025 decem
636 975 810 1049 supererant.

159 1037 272 1114 'Etiam
296 1040 381 1092 libros
403 1055 437 1091 ex
460 1037 605 1116 Q3Mucio
628 1038 729 1133 Garum
755 1042 784 1093 iii
807 1041 962 1095 scholarum
985 1057 1119 1111 usurum]

113 1106 1066 1249 trittaiittttdttttt,tlttttgtfttartt

113 1237 241 1292 mulsidis
267 1241 330 1294 loeo
353 1239 459 1307 ahquid
482 1240 587 1293 addens
610 1241 703 1294 verbis
725 1241 794 1295 ‘hoo
817 1242 907 1296 solum
928 1242 1067 1309 tantisper

114 1304 219 1360 suflicit
244 1307 430 1362 admonuisse’
459 1311 498 1371 (1,
522 1313 577 1362 188.
600 1308 634 1361 cl.
653 1314 683 1370 2,
705 1312 771 1376 97.),
797 1325 889 1364 nonne
916 1308 1067 1376 discipulos

114 1373 227 1452 videtur
244 1375 392 1452 respicere.
411 1389 445 1427 ex
463 1375 517 1451 illis
534 1374 613 1452 libris
650 1377 728 1429 ostea
740 1377 853 1431 uberius
870 1375 1066 1429 instruendos?

115 1439 257 1521 Suspicari
275 1444 362 1520 igitur
378 1441 454 1501 licet,
472 1459 501 1493 ιιι
518 1442 618 1495 scholis
630 1392 686 1496 iios
703 1444 789 1498 libros
800 1447 885 1498 autea
896 1459 960 1497 eum
973 1442 1066 1496 locum

115 1509 278 1573 obtinuisse,
296 1528 326 1562 ιιι
343 1525 427 1577 quem
466 1510 544 1561 ostea
560 1508 708 1577 Papiniani
726 1528 858 1580 responsa
874 1510 1011 1564 venerint.

183 1579 311 1654 Denique
328 1525 542 1651 primusflaius,
561 1579 593 1629 ut
609 1576 665 1630 iani
684 1578 750 1643 dixi,
769 1579 910 1633 elementa
927 1577 1065 1644 quaedam

113 1643 181 1696 iuris
199 1644 289 1697 civilis
307 1643 464 1711 composuit
481 1644 510 1695 et
527 1643 562 1696 ab
580 1644 647 1710 ipsis
664 1645 841 1699 instituendis
858 1644 988 1699 studiosis
1006 1660 1066 1697 ora·

114 1711 207 1764 torum
225 1710 385 1779 exemplum
397 1710 524 1786 secutus²
536 1710 692 1777 appellavit
703 1712 905 1776 institutiones,
923 1712 970 1764 vel
982 1727 1066 1788 quem

113 1777 256 1847 integrum
274 1779 293 1832 i.
308 1794 331 1832 s.
350 1793 368 1830 a
384 1776 505 1828 librariis
521 1776 646 1829 nondum
658 1779 819 1831 mutilatum
832 1779 968 1832 eiusmodi
983 1779 1066 1832 hbro·

114 1861 175 1898 rum
193 1845 277 1899 fuisse
294 1843 409 1897 titulum
421 1842 517 1895 malim
533 1843 650 1909 opinari,
669 1845 872 1899 ‘institutiones
884 1847 951 1898 iuris
964 1846 1064 1898 civilis’

114 1913 228 1966 auctore
251 1910 376 1964 Lactant.
397 1916 423 1973 1,
445 1915 568 1973 1.§.12.
604 1908 656 1963 ‘Et
678 1911 700 1962 si
722 1912 836 1987 quidam
860 1912 1014 1979 prudentes
1038 1914 1067 1965 et

113 1979 212 2032 arbitri
234 1977 384 2044 aequitatis
405 1976 594 2029 institutiones
617 1976 707 2030 civilis
728 1978 795 2029 iuris
818 1979 985 2045 compositas
1008 1980 1066 2031 edi·

113 2045 228 2107 derunt,
256 2044 356 2112 quibus
379 2044 482 2096 civium
509 2042 701 2096 dissidentium
727 2043 792 2097 lites
818 2046 1065 2111 contentionesque

113 2126 143 2164 so
164 2113 246 2176 irent,
265 2113 370 2178 quanto
391 2110 492 2163 melius
509 2126 558 2163 nos
580 2112 610 2164 et
626 2111 728 2163 rectius
750 2111 859 2164 divinas
876 2110 1066 2164 institutiones

112 2178 133 2231 li
162 2181 216 2234 eris
246 2194 326 2246 perse
348 2182 476 2230 uemur’?
506 2177 604 2246 Neque
627 2177 782 2231 audiendus
804 2180 847 2231 est
868 2178 1065 2253 Mommsenus,

113 2247 161 2312 qui
184 2195 404 2298 Lactantiiqlooo
426 2244 556 2321 ignorato
572 2246 601 2298 et
624 2245 723 2365 spretis
745 2244 920 2309 Collationis,
944 2243 1065 2310 Boethii,

111 2312 321 2381 visigothorum
339 2312 369 2364 et
386 2310 532 2364 Iustiniani
549 2328 578 2364 in
595 2310 634 2365 La

111 2378 1067 2514 ttulittttwtttttltttlut‘titttlttttlltmtt

134 2555 141 2568 .
160 2519 209 2568 ιιι
227 2513 272 2580 P.)
290 2513 457 2566 auctoritate
476 2513 552 2580 (addi
570 2515 665 2568 tamen
684 2516 796 2582 poterat
813 2513 911 2567 Boeth.
926 2514 1065 2571 commin

111 2531 170 2635 Ele.
183 2581 252 2650 Top.
272 2580 306 2634 ll.
325 2597 353 2649 p.
367 2586 424 2634 299.
437 2587 494 2635 303.
507 2581 599 2646 Bait),
619 2598 681 2634 cum
700 2580 806 2634 dudum
818 2580 868 2634 En,
882 2580 949 2635 Otto
966 2596 1065 2639 comni.

649 2312 701 2364 inis
721 2313 967 2366 constitutionibus
991 2315 1020 2364 et
1038 2314 1065 2364 in

112 2649 147 2703 ad
165 2649 232 2702 lnst.
271 2655 320 2702 .3.
346 2647 450 2715 aliique
472 2648 525 2701 viri
548 2648 623 2702 docti
646 2648 831 2711 ostenderint,
854 2650 1003 2716 scriptores
1025 2649 1065 2701 in·

112 2716 195 2771 fimas
213 2665 373 2769 Lessinitatis
391 2716 421 2791 et
437 2716 465 2767 in
484 2715 527 2791 liis
545 2716 630 2768 etiarn
649 2716 797 2791 scriptores
815 2715 952 2782 quosdam
974 2731 1065 2769 exem·

112 2784 233 2852 plarium
257 2783 402 2836 iustiniani
425 2783 635 2835 Institutionum
662 2797 720 2834 eius
743 2799 771 2834 in
792 2783 876 2834 titulo
899 2783 991 2849 operis
1013 2782 1066 2837 hoc

114 2851 198 2904 verbo
216 2865 280 2903 usos
299 2865 359 2901 esse
377 2864 411 2901 ex
430 2849 546 2901 licentia
563 2847 746 2912 Graecorum,
765 2850 856 2902 totum
875 2865 945 2917 opus
963 2844 999 2903 τὰ
1013 2843 1066 2902 Ἰν-

112 2922 246 2971 σιίτουια
264 2918 307 2981 (ut
324 2916 396 2967 Flor,
414 2913 471 2966 ind.
491 2915 576 2967 etiam
594 2914 681 2968 habet
699 2914 863 2969 ‘Definiton’
882 2933 933 2983 pro
953 2916 1066 2969 ‘Defini-

110 2983 257 3047 tionum'),
281 2981 405 3049 singulos
427 2981 487 3031 eius
509 2980 594 3033 libros
616 2981 668 3048 τὴν
689 2978 817 3050 πρώτην,
841 2981 982 3050 δευτέραν
1005 2986 1064 3038 nrt.

109 3043 336 3102 'Ivorrrovri‘mva
355 3045 567 3164 appellantium,
604 3046 763 3101 Secundum
781 3065 815 3102 oa
833 3065 912 3115 veru,
936 3064 1007 3116 quae
1030 3049 1065 3103 de

113 3114 199 3169 edicti
217 3113 297 3167 libris
310 3113 390 3181 singu

114 3220 323 3229 ..—.————

403 3112 496 3164 aribus
509 3112 659 3181 disputavi,
672 3130 723 3168 neo
736 3116 843 3181 dubito,
857 3115 958 3170 Gaium
974 3117 1066 3185 ipsum

186 3270 205 3338 ¹)
221 3271 367 3321 provinciale
387 3271 449 3319 enini
470 3271 571 3321 edictum
591 3280 613 3321 et
632 3276 710 3336 ipsum
725 3276 859 3325 continebat
879 3276 983 3326 edictum
1002 3277 1068 3325 urbi·

112 3358 179 3404 cuni,
198 3343 261 3406 quod
276 3350 301 3391 ut
316 3343 418 3391 lulianus
433 3349 530 3403 praetor
544 3353 710 3406 composuerat
730 3354 752 3394 et
767 3353 924 3409 proposuerat
942 3354 997 3409 post
1011 3361 1067 3409 per·

111 3422 181 3478 petuo
201 3411 311 3462 similiter
329 3412 521 3475 proponendam,
543 3415 574 3462 ita
595 3415 727 3465 Hadrianus
747 3418 873 3479 proconsul
892 3418 916 3465 in
936 3418 1067 3480 provinciis

111 3486 161 3533 suis
180 3483 334 3546 proposuisse
354 3490 378 3531 et
396 3481 456 3532 scio
471 3485 533 3532 tacto
553 3484 630 3549 (cuius
647 3487 788 3536 lastinianus
803 3495 879 3536 const.
909 3488 982 3537 Tanta
1002 3489 1066 3537 ciros

110 3557 133 3617 ξ.
149 3565 181 3604 1⁸.
197 3554 313 3615 meminit)
328 3569 341 3601 a
356 3555 457 3603 caeteris
473 3557 654 3617 proconsulibus
673 3552 851 3621 proponenduin
872 3572 969 3606 curasse
984 3559 1067 3607 eristi·

111 3625 209 3675 mundns
228 3631 272 3672 est.
301 3625 367 3673 Unde
387 3624 486 3674 Paeonio
506 3632 566 3675 teste
581 3627 620 3691 (nil
636 3628 732 3691 Eutrop.
752 3639 772 3679 o.
792 3627 814 3690 9)
834 3628 937 3677 edictam
957 3629 1020 3691 quod
1042 3629 1066 3676 in

111 3696 174 3744 ltalia
190 3695 271 3744 Latine
287 3696 411 3744 dicebatur
424 3704 576 3759 perpetuum,
596 3699 666 3747 eliani
686 3712 729 3747 siio
745 3705 851 3760 tempore
866 3692 897 3749 τὸ
911 3691 1066 3762 Ἀδριοὶνιον

109 3767 236 3817 vocitatum
257 3774 300 3815 est.
375 3762 395 3821 ²)
412 3767 468 3816 Noni
489 3776 512 3815 et
531 3768 685 3825 Quintilianus
705 3769 877 3817 institutionem
897 3770 1025 3818 oratoriam
1042 3776 1065 3817 et

110 3838 192 3887 Celsus
208 3845 288 3886 orator
308 3844 368 3885 teste
384 3836 462 3886 Schol.
478 3839 507 3886 nil
523 3838 623 3887 larenal.
639 3851 659 3898 s,
675 3851 721 3890 ιιι.
747 3839 909 3889 institutiones
924 3840 1063 3902 scripserat.
