2378 4386
388 627 424 662 ns
441 626 552 662 morsos
570 625 647 662 ninsn
664 625 685 661 r.
977 619 1017 678 33

56 757 168 828 scriptis
183 753 289 828 legibus
305 753 490 825 institutisque
501 750 663 826 populorum
679 755 755 825 etsi,
771 761 802 810 ut
816 751 901 808 eidem
913 752 1017 827 dicunt,

56 840 174 897 utilitate
197 838 284 892 omnia
306 835 439 892 metienda
454 842 526 906 suni,
548 837 677 910 negleget
692 836 768 911 leges
784 852 882 909 eosque
897 853 1019 910 perrum-
1122 834 1126 842 '

55 932 113 998 pet,
134 924 158 979 sl
178 922 292 995 poterit,
312 921 347 990 is,
363 921 409 992 qui
424 919 474 974 sibi
495 934 553 974 eam
568 935 625 974 rem
641 920 806 977 fructuosam
822 919 927 994 putabit
944 919 1017 987 iore;

55 1010 94 1064 lta
116 1005 159 1077 tir,
181 1011 213 1060 ut
234 1002 307 1059 nulla
328 1003 363 1058 sit
385 1004 492 1058 omnino
515 1003 627 1073 iustitia,
649 1005 672 1059 sl
694 1003 758 1059 ’uon
780 1012 875 1059 natura
897 1011 952 1070 est,
975 1020 1018 1059 ea·

56 1085 134 1166 que¹,
159 1104 228 1162 qnae
250 1094 364 1160 propter
386 1087 528 1141 utilitatem
544 1088 728 1157 constituitur,
754 1087 870 1142 utilitate
895 1086 939 1142 iila
954 1104 1018 1143 con·

56 1175 178 1231 nellitur.
214 1168 262 1228 43.
285 1172 372 1242 litque
393 1171 415 1225 si
435 1178 530 1224 natura
551 1168 739 1226 confirmatura
754 1173 795 1227 ius
812 1187 866 1227 non
881 1171 944 1239 erit,
967 1171 1018 1226 tol·

57 1259 151 1314 lentur
164 1250 228 1313 μθ
244 1255 288 1310 ubl
305 1255 374 1310 enim
391 1251 545 1323 liberalitas,
561 1252 604 1308 ubi
621 1255 719 1326 patriae
736 1257 842 1325 caritas,
864 1253 908 1309 ubi
923 1256 1017 1327 pletas.

58 1341 106 1397 ubi
121 1350 167 1396 aut
181 1339 249 1395 bene
265 1336 384 1393 merendi
399 1336 432 1391 ele
447 1336 532 1392 altero
548 1344 593 1391 aut
608 1337 764 1394 relerendae
779 1340 880 1411 gratiae
891 1337 1018 1393 uoluntas

58 1426 161 1498 poterit
176 1419 315 1479 existere?
331 1436 390 1476 nam
410 1420 476 1475 baec
490 1427 638 1476 nascuntur
652 1437 685 1476 ex
700 1437 747 1491 eo,
771 1423 832 1493 quia
847 1429 940 1476 natura
956 1437 1019 1495 pro·

58 1509 138 1581 pensi
154 1522 247 1562 sumus
262 1503 294 1561 ad
309 1502 462 1577 diligendos
479 1504 615 1574 immines,
637 1503 711 1576 quod
733 1503 934 1559 fundamentum
954 1505 1019 1559 iuris

59 1600 113 1647 est.
157 1604 246 1661 neque
266 1587 356 1644 solum
378 1589 404 1642 ln
427 1588 549 1642 homines
572 1586 711 1660 obsequia,
734 1586 882 1642 sedetiam
904 1587 931 1642 ln
954 1586 1020 1643 eleos

59 1674 237 1732 caerimoniae
258 1672 457 1745 religionesque
481 1670 620 1740 tollentur,
643 1686 709 1742 quas
725 1666 802 1745 (non)
819 1678 902 1740 metu,
925 1678 967 1726 set
989 1687 1020 1727 ea

59 1757 265 1825 coniunctione,
286 1771 353 1828 quae
375 1763 417 1810 est
439 1755 539 1810 homini
562 1772 622 1810 cum
645 1754 706 1823 deo,
729 1754 926 1811 conseruandas
940 1764 1017 1829 puto.

60 1838 128 1897 xvi.
152 1836 266 1906 Quodsi
282 1837 442 1912 populorum
458 1839 549 1909 iussis,
571 1840 593 1894 si
609 1837 759 1912 principum
775 1837 901 1908 decretis,
919 1840 941 1894 si
957 1855 1018 1894 sen·

59 1923 153 1979 tentiis
168 1920 285 1978 iudicum
306 1923 362 1977 iura
386 1923 626 1993 constituerentur,
648 1923 690 1978 ius
706 1931 777 1978 esset
792 1921 955 1992 latrocinari,
977 1924 1019 1977 ius

61 2006 222 2076 adulterare,
246 2007 287 2061 lus
310 2012 468 2062 testamenta
490 2005 556 2062 laisa
579 2022 742 2080 supponere,
765 2008 788 2062 sl
808 2007 872 2062 haec
886 2005 1020 2081 suilragiis

61 2096 110 2146 aut
123 2090 196 2145 seitls
212 2088 389 2145 multitudinis
404 2088 591 2162 probarentur.
617 2087 666 2146 44.
689 2107 757 2164 quae
772 2092 795 2145 sl
810 2098 881 2146 tanta
898 2098 1019 2164 potestas

63 2180 106 2230 est
127 2172 274 2229 stultorum
297 2173 437 2228 sententiis
460 2181 541 2245 atque
569 2175 665 2243 iussis,
693 2182 724 2229 ut
752 2167 860 2229 eorum³
886 2174 1020 2246 suiiragiis

61 2272 153 2313 rerum
168 2264 261 2312 natura
277 2263 409 2327 uertatur,
426 2273 473 2312 cur
488 2273 542 2313 nou
556 2259 690 2328 sanciunt,
707 2264 744 2326 ut,
767 2273 835 2329 quae
851 2255 917 2312 mala
932 2258 1021 2329 perni-

63 2341 191 2412 cioseque
204 2348 278 2410 sunt,
300 2339 447 2395 habeantur
462 2357 511 2413 pro
533 2339 611 2396 bonis
634 2348 661 2396 et
683 2340 860 2397 salutaribus?
881 2348 927 2395 aut
951 2355 1022 2412 quor

64 2425 107 2480 ius
123 2438 155 2478 ex
170 2424 264 2478 iniurln
279 2423 322 2479 lex
336 2423 422 2480 lacere
437 2425 534 2497 possit,
548 2423 648 2480 bonum
664 2424 756 2479 eadem
768 2424 855 2480 iacere
867 2440 922 2479 non
934 2425 1021 2497 possit

64 2522 96 2564 ex
110 2503 201 2562 maloi
214 2507 288 2578 atqui
302 2522 353 2562 nos
367 2504 455 2579 legem
469 2505 564 2562 bonam
580 2525 593 2561 o
609 2507 675 2562 mala
692 2507 764 2562 nulla
779 2508 827 2563 alia
843 2509 893 2564 nisi
908 2515 1021 2563 naturae

64 2605 156 2646 norma
170 2588 291 2646 diuidere
305 2605 466 2663 possumus3
489 2605 538 2645 uec
559 2589 645 2644 solum
662 2592 703 2644 ius
719 2597 746 2644 et
762 2592 856 2645 iniuria
872 2599 965 2645 natura
981 2589 1020 2646 di-

63 2672 206 2745 iudlcatur,
228 2671 277 2728 sed
299 2674 408 2728 omnino
432 2675 519 2728 omnia
541 2674 654 2729 honesta
674 2680 700 2726 et
721 2675 818 2744 turpia.
851 2687 909 2727 nam
925 2681 952 2728 et
968 2669 1020 2745 (ot)

63 2759 212 2814 eommunis
233 2755 418 2829 intellegentia
440 2755 518 2811 nobis
543 2763 621 2811 notas
643 2771 687 2810 res
709 2753 790 2809 elficit
814 2771 868 2824 eas,
892 2748 972 2824 quas⁴
995 2756 1022 2809 in

63 2841 157 2896 anlmls
172 2841 273 2896 uostris
287 2840 437 2910 inchoanti,
452 2834 528 2911 (ιίιι)ὁ
544 2841 657 2895 honesta
672 2840 699 2894 in
714 2840 816 2893 uirtute
830 2845 979 2911 ponuntur,
994 2839 1021 2892 ln

63 2922 139 2978 uitiis
161 2923 257 2996 turpia.
302 2919 350 2979 46.
373 2939 403 2978 ea
424 2930 512 2979 autern
534 2925 561 2979 in
584 2924 710 2996 opinione
733 2923 896 2992 existimare,
919 2937 973 2977 non
995 2922 1021 2978 ln

63 3013 158 3062 natura
178 3009 267 3081 posita
288 3006 420 3063 dementis
442 3015 500 3074 est;
522 3024 583 3063 nam
605 3023 654 3062 nec
675 3006 779 3062 arboris
794 3023 844 3062 nec
858 3008 927 3078 equi·
936 3008 1021 3062 uirtus

62 3107 131 3165 quae
145 3089 255 3160 dicitur,
271 3091 298 3145 ln
313 3106 368 3164 quo
383 3088 520 3146 abutimur
534 3092 652 3162 nomine,
663 3092 690 3146 ln
706 3092 831 3164 opinione
844 3091 895 3145 sita
907 3098 959 3162 est,
973 3089 1022 3146 sed

63 3175 90 3230 in
111 3181 224 3230 natura:
247 3173 321 3247 quod
343 3175 365 3229 si
387 3175 424 3229 lta
446 3182 498 3244 est,
521 3174 634 3229 honesta
657 3190 765 3247 quoque
781 3181 809 3228 et
824 3175 911 3246 turpia
927 3184 1021 3230 natura

63 3255 229 3313 diiudicanda
244 3267 316 3312 sunt
346 3272 406 3311 narn
421 3258 443 3312 sl
459 3258 584 3330 opinione
600 3258 725 3312 uniuersa
741 3259 836 3330 virtus,
857 3255 948 3312 eadem
965 3259 1022 3313 elus

21 3397 24 3403 ,
64 3341 142 3397 etiam
164 3347 256 3414 partes
278 3339 473 3413 probarentur:
497 3343 557 3413 quis
580 3341 664 3413 igitur
684 3340 845 3413 prurientem
868 3349 911 3409 et,
935 3348 964 3395 nt
986 3341 1022 3395 ita

64 3421 158 3496 dicam,
179 3432 270 3481 catum
291 3440 347 3480 non
367 3425 504 3496 exipsius
526 3423 626 3493 habitu,
649 3423 696 3479 sed
716 3440 749 3479 ex
766 3424 854 3494 aliqua
870 3440 899 3478 re
914 3433 1023 3479 externa

64 3505 184 3565 reticeri
205 3514 249 3563 est
269 3509 340 3563 enlm
363 3508 449 3563 untes
469 3506 588 3581 perlecta
609 3509 688 3578 ratio,
709 3508 782 3579 quod
798 3516 871 3563 certe
886 3509 913 3562 in
929 3515 1023 3561 natura

136 3651 156 3721 ¹)
166 3668 244 3719 neque
300 3661 389 3717 etpost
399 3668 426 3703 en
436 3653 494 3713 AB,
504 3655 566 3702 oite'o
575 3667 612 3703 so.
621 3669 655 3702 ex
662 3656 862 3717 transpositione
872 3661 936 3703 orto.
948 3665 1023 3713 neque

65 3740 196 3791 ...eaque
210 3724 250 3774 ed.
262 3723 293 3773 V.
319 3720 340 3789 ¹)
355 3723 494 3774 Excidisse
506 3724 565 3786 fere
576 3724 675 3772 uirtutes
685 3739 776 3785 omnes,
791 3739 850 3787 quae
866 3724 888 3771 in
903 3722 1024 3771 bominum

64 3796 176 3846 societate
191 3802 321 3845 cernuntur
340 3793 370 3843 V.
387 3797 419 3857 ci.
431 3794 535 3843 Malim:
549 3793 660 3843 tollsntor
673 3796 721 3859 (sic
735 3793 795 3856 AB)
810 3807 909 3842 neeesse
924 3799 961 3840 est
975 3790 1024 3836 uir-

64 3869 123 3916 tutes
138 3881 223 3917 omnes
236 3873 286 3915 ete.
317 3860 338 3922 ⁸)
352 3878 451 3927 quorum
467 3864 548 3927 (corr.
564 3863 655 3928 eorum)
672 3863 721 3912 AB
728 3865 767 3913 ed.
783 3863 814 3912 V.
843 3860 865 3928 ⁴)
876 3877 916 3911 ess
930 3871 989 3922 quae
999 3855 1026 3903 Α

64 3947 149 4001 sanus
163 3936 190 3987 n
201 3935 243 3986 ea.
263 3934 294 3985 V.
323 3931 345 3999 ⁶)
359 3932 467 3983 Aeaeae.

115 4031 220 4064 nerent.
235 4030 318 4060 um
332 4028 386 4059 sss..
400 4029 438 4058 sn.
463 4029 486 4058 v.
674 4068 681 4082 Ι
777 4019 794 4067 3
