2378 4386
45 39 1151 365 -

450 601 485 636 ΒΕ
503 600 615 638 mutnus
633 603 711 638 uteru
728 605 746 639 l.
1040 599 1078 656 21

111 738 238 800 tempus,
259 743 329 801 quae
349 734 393 784 est
413 745 427 783 a
443 727 545 783 nostris
568 727 719 783 hominibus
734 728 822 785 adbuc
836 739 882 787 aut
897 731 1020 804 ignorata
1035 742 1081 790 aut

111 811 223 879 relicta3
246 826 308 866 nam
324 819 389 885 post
402 811 504 868 annalis
519 809 676 884 pontificum
692 815 876 886 maximorum,
902 814 999 888 quibus
1014 817 1080 874 nibil

112 903 205 969 potest
226 910 288 950 esse
306 895 440 966 ieiunius,
462 898 485 952 si
504 902 550 949 aut
570 893 602 950 ad
616 893 727 952 Fabium
746 905 792 952 aut
815 895 848 952 ad
868 914 943 970 eum,
965 903 1011 973 qui
1033 901 1079 957 tibi

111 994 222 1052 semper
238 979 266 1033 in
282 994 330 1034 ore
345 987 400 1048 est,
422 979 550 1036 Catonem
571 988 618 1034 aut
638 979 670 1034 ad
692 978 816 1036 Pisonem
836 992 883 1037 aut
902 983 935 1038 ad
950 981 1080 1041 Fannium

111 1071 155 1117 rut
178 1060 215 1117 ad
239 1061 408 1118 Vennonium
430 1064 533 1131 uenias,
555 1079 714 1135 quamquam
737 1080 769 1119 er
791 1065 833 1120 bis
855 1067 922 1122 alius
942 1067 995 1122 alio
1018 1069 1078 1141 plus

111 1145 192 1202 babet
216 1147 328 1215 uirium,
351 1154 439 1202 tamen
461 1145 525 1220 quid
546 1152 600 1200 tam
616 1145 683 1202 exile
699 1163 778 1220 qnam
794 1149 839 1204 isti
856 1152 967 1206 omnes?
997 1150 1078 1207 Fanni

112 1237 204 1285 autem
231 1229 313 1285 aetati
342 1230 502 1286 coniunctus
531 1229 673 1302 Antipater
701 1230 781 1303 paulo
809 1232 913 1290 inllanit
936 1235 1079 1291 uehemen-

112 1315 166 1369 tius
188 1311 341 1385 habuitque
355 1314 426 1369 uires
441 1315 557 1388 agrestis
572 1312 618 1368 ille
641 1315 746 1385 quidem
761 1324 842 1388 atque
864 1318 997 1394 horridas,
1020 1321 1078 1375 sine

112 1399 201 1453 nitore
228 1412 261 1452 ac
288 1395 439 1469 palaestra,
466 1397 514 1453 sed
543 1403 631 1452 tamen
658 1397 802 1454 admouere
828 1400 949 1474 reliquos
978 1404 1078 1475 potuit,

112 1488 142 1536 ot
163 1480 321 1538 adcuratius
347 1480 505 1536 scriberent.
542 1497 604 1537 ecce
630 1488 719 1537 autem
741 1498 896 1539 successere
919 1485 981 1540 huic
1003 1484 1077 1551 belli,

113 1562 232 1635 Clodius,
255 1563 371 1620 Asellio:
393 1564 462 1620 nihil
482 1563 514 1619 ad
529 1562 655 1634 Caelium,
678 1564 726 1620 sed
746 1568 837 1637 potius
858 1566 891 1620 ad
906 1568 1077 1639 antiquorum

114 1646 274 1722 languorem
288 1655 318 1703 et
332 1649 474 1704 inscitiam.
502 1643 528 1704 7.
545 1665 604 1704 nam
626 1648 690 1720 quid
706 1647 821 1704 Macrum
836 1665 983 1718 numeram,
1000 1651 1077 1707 ouius

112 1728 262 1804 loquacitas
276 1731 360 1788 habet
375 1731 475 1805 aliquid
490 1733 672 1806 argutiarum,
693 1747 743 1788 neo
764 1731 791 1786 id
807 1739 893 1788 tamen
910 1749 941 1788 er
957 1733 1001 1790 illa
1017 1751 1078 1791 eru·

113 1814 171 1869 dita
186 1814 349 1872 Graecorum
364 1818 449 1888 copia,
471 1816 517 1871 sed
534 1832 566 1871 en
581 1814 725 1871 librariolis
741 1813 850 1886 Latinis,
868 1818 895 1871 in
911 1819 1077 1874 orationibus

113 1906 203 1955 autem
226 1899 326 1956 multas
347 1900 473 1972 ineptias,
497 1897 535 1971 (in
550 1893 716 1974 menidacio¹
739 1916 869 1956 summam
885 1900 1076 1974 inpudentiam.

115 1981 239 2053 Sisenna,
256 1984 315 2039 eins
330 1984 440 2053 amicus,
456 1999 549 2039 omnes
566 1984 653 2039 adbuc
667 1993 778 2040 nostros
789 1987 946 2059 scriptores,
965 1987 1016 2041 nisi
1029 1988 1077 2059 qui

114 2064 185 2122 torte
199 2065 321 2123 nondum
337 2066 489 2138 ediderunt,
512 2067 545 2122 de
567 2067 664 2141 quibus
687 2071 838 2125 existimare
855 2087 909 2125 non
921 2086 1075 2143 possumus,

114 2148 190 2206 lacile
204 2152 361 2225 superauit;
383 2153 407 2206 is
422 2159 508 2207 tamen
524 2167 612 2224 neque
627 2159 720 2208 oratur
734 2154 761 2208 iu
777 2170 889 2208 numero
910 2161 1003 2208 uestro
1020 2171 1077 2209 um·

112 2249 193 2307 ιιιιιιιιι
216 2242 259 2289 est
281 2233 387 2291 babitus
402 2244 430 2291 et
445 2236 473 2290 in
494 2235 606 2291 historia
625 2235 728 2308 puerile
748 2236 874 2310 quiddam
894 2244 1078 2305 consectatur,

114 2324 146 2372 ut
168 2332 251 2371 unum
272 2316 434 2375 Clitarchum
456 2334 543 2391 neque
565 2326 703 2392 praeterea
724 2336 885 2393 quemquam
910 2319 942 2373 de
971 2317 1077 2373 Graecis

114 2397 217 2472 legisse
238 2400 370 2473 uideatur,
391 2418 452 2458 eum
469 2410 557 2458 tamen
572 2403 642 2458 uelle
658 2402 720 2457 dum
736 2411 807 2458 taam
822 2404 935 2459 imitari:
959 2418 1039 2476 quem
1054 2404 1077 2458 si

112 2481 227 2556 adsequi
241 2493 345 2557 posset,
360 2486 525 2558 aliquantum
541 2485 572 2540 ab
593 2493 705 2559 optumo
722 2493 810 2542 tamen
829 2486 944 2543 abesset.
975 2503 1028 2560 qua
1048 2503 1077 2542 re

115 2574 194 2623 tuum
216 2576 258 2623 est
278 2585 375 2624 munus
392 2569 453 2642 hoc,
468 2586 483 2625 a
499 2578 526 2623 te
542 2576 712 2642 expectatur,
736 2571 787 2624 nisi
807 2570 872 2641 qnid
888 2568 986 2634 Quinto
1004 2569 1077 2625 uide·

118 2657 165 2705 tur
178 2666 264 2708 seem.

179 2732 220 2790 lll.
242 2733 272 2792 8.
294 2734 328 2803 Q.
350 2735 412 2792 ldihi
428 2753 494 2792 uero
509 2735 593 2805 nihil,
614 2743 642 2789 et
660 2749 741 2805 saepe
756 2732 788 2787 de
803 2735 856 2788 isto
872 2733 1010 2787 conlocuti
1032 2747 1077 2788 su-

115 2833 191 2888 mus3
206 2818 254 2876 red
268 2828 311 2876 est
326 2819 456 2893 quaedam
471 2822 543 2876 inter
557 2834 607 2874 nos
622 2833 706 2891 parua
721 2815 864 2871 dissensio.

180 2902 215 2959 Α.
236 2901 310 2971 Quae
325 2903 449 2959 tandem?

179 2985 213 3055 0.
235 2989 258 3041 Α
280 2984 378 3060 quibus
401 2986 566 3062 temporibus
589 2985 723 3043 scribendi
744 2985 830 3058 capiat
846 2983 1000 3040 exordium:
1024 3000 1076 3058 ego

112 3070 185 3126 enlm
208 3070 241 3126 ab
264 3070 365 3125 ultimis
387 3086 497 3142 censeo,
520 3072 646 3143 quoniam
667 3069 711 3125 illa
733 3071 772 3125 sic
786 3069 886 3143 scripta
902 3077 976 3139 sunt,
998 3077 1028 3125 ut
1043 3086 1077 3124 ue

113 3153 244 3228 legantur
259 3153 383 3226 quidem,
398 3156 456 3227 ipse
471 3162 561 3210 autem
576 3154 713 3226 aequalem
729 3154 825 3209 aetatis
841 3168 905 3208 suae
921 3153 1076 3208 memoriam

112 3236 249 3312 deposcit,
267 3246 298 3293 ut
312 3253 342 3293 ea
357 3237 556 3310 conplectatur,
573 3237 670 3311 quibus
685 3239 743 3310 ipse
759 3236 892 3293 interluit.

175 3325 213 3380 A.
237 3319 295 3396 ligo
319 3336 384 3377 uero
408 3321 469 3376 huic
490 3324 581 3394 potius
597 3321 751 3389 adsentior3
773 3328 838 3376 sunt
853 3322 924 3376 enim
940 3335 1076 3376 maxumae

111 3423 155 3464 res
170 3409 199 3464 ln
220 3405 273 3462 bac
287 3406 414 3460 memoria
429 3413 510 3478 atque
531 3414 618 3462 aetate
640 3412 747 3474 nostra,
770 3413 827 3461 tum
848 3412 937 3460 autem
959 3402 1075 3460 hominis

109 3490 265 3549 amicissimi
288 3486 337 3544 Cn.
355 3488 464 3564 Pompei
486 3489 579 3545 laudes
601 3487 773 3557 inlustrabit,
801 3489 923 3545 incurret
944 3488 1024 3542 etiam
1048 3489 1075 3542 in

108 3575 186 3633 illum
209 3573 359 3649 (nouom)
381 3582 409 3629 et
431 3573 631 3629 memorabilem
652 3587 751 3629 annum
773 3586 866 3627 suum:
890 3586 958 3643 quae
973 3569 1006 3626 ab
1021 3572 1075 3625 isto

108 3661 181 3719 malo
198 3657 349 3733 praedicari
365 3673 455 3731 qnam,
473 3665 503 3711 ut
518 3659 602 3728 aiunt,
618 3656 651 3711 de
666 3655 749 3712 Remo
765 3662 792 3711 et
806 3653 932 3710 Romulo.

164 3730 216 3802 Μ.
240 3740 374 3815 intellego
390 3741 514 3814 equidem
529 3757 544 3795 a
559 3756 601 3797 me
615 3742 697 3797 istum
711 3738 831 3795 laborem
852 3740 903 3794 iam
918 3734 966 3795 diu
980 3744 1072 3809 postu·

107 3857 317 3875 —nae‘—

182 3919 205 3988 ¹)
219 3918 267 3970 Ex
279 3916 383 3982 Sigonii
397 3919 430 3979 ρι’.
446 3916 514 3966 dario
529 3915 554 3964 Α
568 3915 631 3964 detio
647 3913 673 3964 B
685 3914 755 3962 elatio
769 3914 808 3963 ed.
829 3914 860 3962 V.
