2378 4386
319 590 355 627 oe
373 590 563 628 aoosraonmre
582 591 614 628 aa
632 591 867 628 rsocvuarontsre.
1014 578 1076 643 813

184 716 251 777 338.
269 712 351 775 ¹Da'ui
368 720 549 779 Diocletianus
564 731 593 778 et
607 721 784 778 Constantius
799 763 806 778 .
820 763 827 778 .
840 762 847 778 .
862 767 869 783 .
891 721 983 780 Irrita
999 714 1172 793 esse,5¹'r¹‘}ssssa

121 817 196 876 quoe
208 821 226 858 a
239 811 435 875 procuratore
450 806 516 862 citra
529 805 682 862 mandatum
693 805 799 862 domini
811 813 893 878 penta
904 812 980 881 sunt,
992 807 1074 861 insiu-
1087 797 1175 841 ⁸¹¹⁸?-

122 889 203 943 bitati
222 890 295 943 iuris
317 896 369 944 est.
400 887 431 944 Si
451 884 558 962 ipituri
579 891 713 960 praedia,
737 903 812 962 quae
835 896 861 946 te
889 893 1179 963 conparueeemaite]

119 970 269 1042 perhibes,
297 970 387 1028 inuito
415 971 524 1028 domiuo
552 988 567 1026 a
594 971 817 1046 procuratoribus
849 971 987 1030 distracto
1009 976 1074 1044 sint,
1090 968 1162 1035 tpo.

122 1056 251 1110 dominus
274 1070 308 1110 ea
325 1055 474 1111 uindicare
493 1073 551 1112 non
570 1055 751 1127 probibetur.
781 1072 814 1112 et
828 1055 967 1130 superfluo
984 1065 1074 1114 autem

122 1153 162 1211 ea,
179 1154 248 1211 quae
263 1144 462 1210 procuratores
483 1146 613 1211 eperunt,
632 1140 793 1210 principaii
811 1144 954 1212 rescripto
969 1144 1074 1212 confir·

122 1236 194 1277 mare
210 1221 354 1278 desideres.
384 1237 443 1276 uam
460 1221 617 1293 principum
639 1238 703 1279 cum
719 1224 795 1278 utine
805 1231 911 1294 partes
925 1231 1001 1294 sunt,
1017 1232 1075 1280 tum

116 1308 264 1374 possessio
280 1311 341 1375 tua,
356 1308 383 1360 si
404 1306 532 1377 temporis
546 1306 675 1361 terminos
687 1312 839 1379 perpetuae
854 1309 962 1362 actioni
974 1312 1077 1364 statuti

123 1403 240 1461 epressa
257 1394 310 1458 est,
326 1392 440 1443 satiate
460 1396 565 1445 tuetur.
597 1389 675 1445 Data
692 1387 818 1444 ..Mart
831 1388 1014 1446 Nicomediae.
1027 1430 1035 1444 .
1049 1431 1074 1446 ..

184 1464 254 1527 339.
270 1462 428 1540 ²Ulpianus
441 1472 488 1528 tib.
500 1471 546 1531 VI.
564 1471 603 1527 ud
623 1473 753 1529 edictum.
780 1472 929 1546 Copnitore
945 1476 990 1530 uei
1004 1491 1072 1546 pro·
1085 1469 1175 1550 'ibi'

123 1560 261 1609 curatore
276 1567 315 1610 eo·
330 1555 466 1610 eiusmodi
480 1570 570 1611 causa
587 1556 727 1625 damnato,
746 1571 814 1628 quae
829 1555 977 1629 periculum
993 1559 1072 1631 igno·
1083 1556 1116 1593 ΑΒ
1129 1555 1169 1592 ⁸⁰·

123 1637 219 1691 miniae
231 1637 331 1708 affert,
344 1651 436 1710 neque
451 1638 588 1709 dominus,
601 1654 694 1711 neque
705 1643 766 1710 ipse
782 1639 904 1711 infamia
915 1641 1074 1710 notabitur;

123 1721 185 1793 quia
200 1734 288 1792 neque
303 1719 426 1777 dontinus
441 1721 642 1779 condemnatus
658 1729 710 1798 est,
721 1738 814 1794 neque
828 1727 890 1796 ipse
901 1739 953 1781 suo
964 1728 1075 1782 nomine

122 1805 257 1861 iudicium
273 1809 395 1876 accepit.
425 1806 517 1863 sedet
532 1808 555 1862 si
577 1808 704 1878 coguitor
718 1808 745 1862 in
760 1822 816 1862 rem
831 1822 914 1864 suam
929 1809 1015 1865 buttes
1028 1812 1073 1879 sit,

123 1888 195 1944 idem
217 1888 351 1943 dicemus.
386 1889 515 1961 Denique
537 1895 563 1946 ei
576 1907 632 1963 quo
652 1893 776 1962 primum
791 1894 821 1947 in
842 1906 899 1946 nem
921 1907 996 1948 suam
1012 1891 1075 1948 dato

122 1963 185 2027 ‘lis³
199 1973 227 2026 iu
241 1971 383 2028 dominum
402 1987 508 2029 rursus
528 1979 665 2046 tanquam
682 1981 908 2045 procuratorem
929 1992 948 2031 o
968 1991 1076 2046 procu·

123 2063 223 2112 ratore
251 2053 294 2111 uel
321 2056 462 2128 cognitore
490 2057 668 2127 transfertur,
698 2071 791 2129 neque
811 2061 837 2113 is
858 2058 1012 2116 damnatus
1033 2063 1077 2115 in·

139 2142 210 2196 amis
249 2145 267 2195 t.

121 2140 142 2210 s
185 2142 257 2280 3413.
282 2216 416 2281 ⁴Paulius
436 2225 483 2282 tib.
493 2221 518 2280 1.
542 2223 762 2282 Sententiarum.
787 2220 842 2300 (1.)
867 2223 983 2293 Quoties
997 2230 1074 2284 actio
1095 2227 1163 2307 'ff'

125 2322 175 2362 suo
186 2309 297 2363 nomine
310 2309 496 2363 condemnato
509 2308 600 2379 saurae
616 2308 766 2382 periculum
778 2309 897 2383 inrogat,
909 2311 980 2368 solet
992 2311 1029 2367 ab
1041 2325 1074 2368 eo
1087 2312 1159 2352 ⁸⁵³⁷·

71 2393 254 2462 taotcopnttor
276 2392 352 2460 dari,
367 2395 434 2464 qnia
457 2392 546 2447 iudex
573 2393 834 2450 condemnationem
854 2397 884 2449 in
906 2395 1076 2468 cognitorem

125 2473 242 2547 dirigere
257 2473 349 2544 aiebet,
361 2482 392 2531 ut
407 2480 510 2531 neuter
526 2475 714 2546 insaniebat.
740 2471 790 2552 (2.)
804 2471 1077 2551 interstrepente

125 2559 201 2613 actio
218 2555 356 2630 popularis
377 2559 544 2630 cognitorem
567 2566 634 2614 unte
659 2560 735 2615 iitem
750 2566 939 2617 contestatam
954 2576 1010 2618 non
1026 2562 1076 2618 aei·

124 2643 216 2696 mittit.
234 2646 303 2712 post
316 2640 392 2697 litem
408 2649 583 2697 contestatam
605 2639 730 2702 admittit.
757 2639 812 2715 (3.)
824 2636 884 2699 ⁶Ad
895 2646 971 2700 iiten
986 2648 1077 2700 susci·

122 2725 258 2796 piendam
281 2728 410 2796 eopnitor
423 2725 510 2780 dutus
524 2726 658 2781 iudicium
680 2726 800 2799 accipere
815 2728 932 2800 cogitur,
949 2720 1076 2784 manime'

126 2808 286 2864 sidominus
297 2808 452 2864 iudicatum
463 2810 537 2865 solui
549 2825 604 2880 pro
618 2823 651 2865 eo
661 2810 811 2865 eatisdedit
819 2834 825 2862 ε
836 2813 893 2866 nisi
904 2810 938 2866 ob
947 2825 1076 2882 caueam,

127 2893 206 2948 uelut
220 2889 348 2963 capitales
363 2892 525 2962 iuimicitias,
546 2907 622 2964 quae
636 2895 820 2964 interipsum
835 2901 863 2949 et
877 2894 1018 2950 dominum
1033 2897 1076 2951 in-

126 2981 323 3044 teruenerunt,
342 2977 419 3032 iusto
434 2976 611 3048 permittitur
625 2978 763 3032 excusatio
778 2978 926 3050 cognitori,
946 2992 984 3034 ne
1003 2979 1077 3035 iudi·

125 3063 199 3116 ciram
214 3061 353 3130 accipiat.
381 3054 439 3133 (4.)
455 3052 595 3129 ⁸Pioeuit,
610 3062 636 3115 si
650 3059 755 3116 absens
768 3064 832 3132 quis
847 3070 990 3135 suspectus
1000 3068 1078 3119 tutor

125 3290 270 3340 babituram
284 3290 458 3350 eutitianam,
472 3291 644 3342 aduersarius
657 3292 766 3356 accipere
781 3290 894 3342 iudicium
908 3306 958 3342 noa
970 3293 1077 3356 compel-

125 3363 196 3410 litur.
224 3359 277 3410 Sed
290 3360 357 3412 bunc
376 3363 457 3425 ipsum
474 3364 625 3412 sententium
643 3364 704 3412 aliie
722 3361 806 3412 uerbis
822 3362 930 3412 Pontius
948 3365 1078 3426 acmessit

127 3431 238 3481 Censuit.
254 3443 275 3492 a,
289 3443 310 3483 s.
363 3427 382 3496 ¹)
398 3432 459 3481 Item
474 3435 588 3490 restitui,
603 3433 752 3497 quibusdam
766 3432 798 3481 ab
812 3432 905 3483 Holiao.
920 3436 1077 3485 monstretis.

128 3496 148 3564 ¹)
165 3501 227 3549 Item
245 3503 359 3559 restitui,
375 3504 473 3565 purtim
491 3502 593 3552 Biumio
608 3510 757 3565 praeeunte.
788 3503 826 3565 Cf.
842 3503 873 3552 L.
889 3515 909 3553 1.
928 3503 960 3553 L.
975 3517 995 3554 e.
1017 3506 1040 3566 3.
1055 3516 1076 3556 t.

126 3570 158 3620 L.
175 3582 207 3620 te.
227 3570 259 3618 Ι).
275 3571 305 3620 de
319 3571 360 3620 bie
374 3574 418 3634 qui
432 3579 482 3621 not.
498 3572 529 3634 (s,
543 3570 576 3635 e).
591 3571 623 3620 L.
634 3584 659 3622 tt
665 3589 709 3636 pr.
723 3573 754 3621 D.
766 3573 878 3636 deprcc.
890 3572 921 3636 (3,
931 3575 963 3639 s).
992 3575 1078 3623 Aliter

128 3638 240 3689 Momme.
307 3637 378 3702 ⁶)bis
398 3641 455 3689 Vat.
471 3642 544 3695 edri:
563 3640 593 3689 lis
612 3644 662 3690 ium
681 3643 847 3703 confirmatur
866 3643 892 3690 V
894 3641 913 3691 ⁴.
978 3641 1000 3707 ⁴)
1015 3643 1077 3693 Item

126 3711 238 3767 restitui,
252 3710 401 3773 quibusdum
412 3712 559 3760 monstratis
569 3709 601 3758 ab
611 3710 703 3760 Hatita.
729 3711 762 3759 Et
773 3728 828 3761 eum
838 3719 927 3775 aperte
936 3717 1077 3763 sententiae

125 3783 186 3838 sint,
202 3779 295 3829 Paullo
314 3795 358 3829 eus
376 3780 517 3829 attribuere
537 3795 587 3829 non
607 3779 729 3830 dubitaui.
758 3781 802 3830 Art
815 3780 848 3846 (1)
864 3784 898 3844 cs.
913 3784 936 3842 §-
951 3794 998 3833 nte.
1019 3782 1076 3831 Gai.

126 3861 196 3904 net.
250 3846 270 3913 ¹⁵)
287 3849 324 3912 Cf.
340 3849 406 3902 Μ.
427 3849 753 3914 1).ἀιρορ.αει.(4τ,2ε).
801 3848 822 3916 ⁶)
839 3852 876 3914 Cf.
893 3851 924 3899 1..
935 3863 955 3901 s.
970 3853 992 3911 ξ.
1003 3863 1024 3902 s.
1044 3850 1076 3898 D.

126 3918 158 3967 de
168 3932 276 3981 procur.
292 3917 323 3981 (t,
337 3919 369 3983 e).
435 3916 749 3984 ⁷)Cs.L.1e.1s.D.ib.
813 3919 835 3985 ⁸)
854 3919 923 3980 Quae
936 3927 1077 3988 sequanmur
