<?xml version="1.0" encoding="UTF-8"?>
<!DOCTYPE html PUBLIC "-//W3C//DTD XHTML 1.0 Transitional//EN"
    "http://www.w3.org/TR/xhtml1/DTD/xhtml1-transitional.dtd">
<html xmlns="http://www.w3.org/1999/xhtml" xml:lang="en" lang="en">
 <head>
  <title>
</title>
<meta http-equiv="Content-Type" content="text/html;charset=utf-8" />
  <meta name='ocr-system' content='tesseract 3.04.00' />
  <meta name='ocr-capabilities' content='ocr_page ocr_carea ocr_par ocr_line ocrx_word'/>
</head>
<body>
  <div class='ocr_page' id='page_1' title='image "./iurisprvdentiae00huscgoog_0355.png"; bbox 0 0 2378 4386; ppageno 0'>
   <div class='ocr_carea' id='block_1_1' title="bbox 169 513 850 583">
    <p class='ocr_par' dir='ltr' id='par_1_1' title="bbox 169 513 850 583">
     <span class='ocr_line' id='line_1_1' title="bbox 169 513 850 583; baseline -0.01 -6"><span class='ocrx_word' id='word_1_1' title='bbox 169 518 233 583; x_wconf 76' lang='lat'>320</span> <span class='ocrx_word' id='word_1_2' title='bbox 446 534 506 571; x_wconf 81' lang='lat' dir='ltr'>amr</span> <span class='ocrx_word' id='word_1_3' title='bbox 525 533 622 571; x_wconf 80' lang='lat' dir='ltr'>msam.</span> <span class='ocrx_word' id='word_1_4' title='bbox 640 513 688 572; x_wconf 86' lang='grc' dir='ltr'><strong>ΙΙΙ.</strong></span> <span class='ocrx_word' id='word_1_5' title='bbox 710 520 850 570; x_wconf 77' lang='lat' dir='ltr'>lib-140.</span> 
     </span>
    </p>
   </div>
   <div class='ocr_carea' id='block_1_2' title="bbox 103 673 1180 2016">
    <p class='ocr_par' dir='ltr' id='par_1_2' title="bbox 169 673 1133 836">
     <span class='ocr_line' id='line_1_2' title="bbox 169 673 1133 749; baseline -0.003 -15"><span class='ocrx_word' id='word_1_6' title='bbox 169 694 203 734; x_wconf 92' lang='lat' dir='ltr'>eo</span> <span class='ocrx_word' id='word_1_7' title='bbox 218 677 326 734; x_wconf 91' lang='lat' dir='ltr'>nomine</span> <span class='ocrx_word' id='word_1_8' title='bbox 340 674 481 748; x_wconf 75' lang='lat' dir='ltr'><strong>stipulatio</strong></span> <span class='ocrx_word' id='word_1_9' title='bbox 504 691 559 731; x_wconf 91' lang='lat' dir='ltr'>non</span> <span class='ocrx_word' id='word_1_10' title='bbox 582 673 641 730; x_wconf 89' lang='lat' dir='ltr'>liat:</span> <span class='ocrx_word' id='word_1_11' title='bbox 665 673 738 749; x_wconf 86' lang='lat' dir='ltr'>quod</span> <span class='ocrx_word' id='word_1_12' title='bbox 761 691 848 749; x_wconf 90' lang='lat' dir='ltr'>genus</span> <span class='ocrx_word' id='word_1_13' title='bbox 872 674 1046 748; x_wconf 68' lang='lat' dir='ltr'>obligationis</span> <span class='ocrx_word' id='word_1_14' title='bbox 1068 691 1133 749; x_wconf 91' lang='lat' dir='ltr'>pro·</span> 
     </span>
     <span class='ocr_line' id='line_1_3' title="bbox 170 760 549 836; baseline -0.003 -19"><span class='ocrx_word' id='word_1_15' title='bbox 170 763 258 836; x_wconf 89' lang='lat' dir='ltr'>prium</span> <span class='ocrx_word' id='word_1_16' title='bbox 274 760 480 834; x_wconf 88' lang='lat' dir='ltr'>peregrinorum</span> <span class='ocrx_word' id='word_1_17' title='bbox 496 768 549 816; x_wconf 89' lang='lat' dir='ltr'>est.</span> 
     </span>
    </p>

    <p class='ocr_par' dir='ltr' id='par_1_3' title="bbox 169 841 1180 1087">
     <span class='ocr_line' id='line_1_4' title="bbox 232 841 1134 917; baseline -0.002 -15"><span class='ocrx_word' id='word_1_18' title='bbox 232 841 294 902; x_wconf 76' lang='grc'><strong>186.</strong></span> <span class='ocrx_word' id='word_1_19' title='bbox 316 844 456 900; x_wconf 86' lang='lat' dir='ltr'>Consensu</span> <span class='ocrx_word' id='word_1_20' title='bbox 480 841 549 900; x_wconf 83' lang='lat' dir='ltr'>fiunt</span> <span class='ocrx_word' id='word_1_21' title='bbox 571 843 751 916; x_wconf 73' lang='lat' dir='ltr'>obligationes</span> <span class='ocrx_word' id='word_1_22' title='bbox 772 845 800 900; x_wconf 93' lang='lat' dir='ltr'>in</span> <span class='ocrx_word' id='word_1_23' title='bbox 822 843 1005 917; x_wconf 79' lang='lat' dir='ltr'>emptionibus</span> <span class='ocrx_word' id='word_1_24' title='bbox 1024 853 1052 900; x_wconf 92' lang='lat' dir='ltr'>et</span> <span class='ocrx_word' id='word_1_25' title='bbox 1069 859 1134 900; x_wconf 91' lang='lat' dir='ltr'>uen-</span> 
     </span>
     <span class='ocr_line' id='line_1_5' title="bbox 170 926 1134 1000; baseline 0.003 -16"><span class='ocrx_word' id='word_1_26' title='bbox 170 927 330 998; x_wconf 86' lang='lat' dir='ltr'>ditionibus,</span> <span class='ocrx_word' id='word_1_27' title='bbox 344 926 524 984; x_wconf 71' lang='lat' dir='ltr'>locationibus</span> <span class='ocrx_word' id='word_1_28' title='bbox 538 929 776 995; x_wconf 86' lang='lat' dir='ltr'>conductionibus,</span> <span class='ocrx_word' id='word_1_29' title='bbox 792 928 979 1000; x_wconf 90' lang='lat' dir='ltr'>societatibus,</span> <span class='ocrx_word' id='word_1_30' title='bbox 995 927 1134 987; x_wconf 88' lang='lat' dir='ltr'>mandatis.</span> 
     </span>
     <span class='ocr_line' id='line_1_6' title="bbox 169 1008 1180 1087; baseline -0.006 -16"><span class='ocrx_word' id='word_1_31' title='bbox 169 1008 234 1071; x_wconf 76' lang='lat' dir='ltr'>tas.</span> <span class='ocrx_word' id='word_1_32' title='bbox 257 1013 319 1069; x_wconf 90' lang='lat' dir='ltr'>ideo</span> <span class='ocrx_word' id='word_1_33' title='bbox 342 1020 431 1068; x_wconf 87' lang='lat' dir='ltr'>autem</span> <span class='ocrx_word' id='word_1_34' title='bbox 459 1014 518 1068; x_wconf 89' lang='lat' dir='ltr'>istis</span> <span class='ocrx_word' id='word_1_35' title='bbox 541 1013 629 1070; x_wconf 89' lang='lat' dir='ltr'>modis</span> <span class='ocrx_word' id='word_1_36' title='bbox 651 1029 789 1070; x_wconf 90' lang='lat' dir='ltr'>consensu</span> <span class='ocrx_word' id='word_1_37' title='bbox 812 1013 924 1069; x_wconf 85' lang='lat' dir='ltr'>dicimus</span> <span class='ocrx_word' id='word_1_38' title='bbox 951 1012 1132 1087; x_wconf 81' lang='lat' dir='ltr'>obligationes</span> <span class='ocrx_word' id='word_1_39' title='bbox 1147 1025 1180 1077; x_wconf 80' lang='lat' dir='ltr'>{aa</span> 
     </span>
    </p>

    <p class='ocr_par' dir='ltr' id='par_1_4' title="bbox 103 1092 1135 2016">
     <span class='ocr_line' id='line_1_7' title="bbox 103 1092 1135 1175; baseline 0 -21"><span class='ocrx_word' id='word_1_40' title='bbox 103 1097 304 1169; x_wconf 62' lang='lat' dir='ltr'>liitcoutrahi,</span> <span class='ocrx_word' id='word_1_41' title='bbox 327 1100 393 1171; x_wconf 88' lang='lat' dir='ltr'>quio</span> <span class='ocrx_word' id='word_1_42' title='bbox 416 1112 505 1170; x_wconf 88' lang='lat' dir='ltr'>neque</span> <span class='ocrx_word' id='word_1_43' title='bbox 527 1098 673 1155; x_wconf 90' lang='lat' dir='ltr'>uerborum</span> <span class='ocrx_word' id='word_1_44' title='bbox 698 1092 702 1175; x_wconf 80' lang='grc' dir='ltr'>Ι</span> <span class='ocrx_word' id='word_1_45' title='bbox 725 1114 814 1171; x_wconf 87' lang='lat' dir='ltr'>neque</span> <span class='ocrx_word' id='word_1_46' title='bbox 828 1099 979 1171; x_wconf 90' lang='lat' dir='ltr'>scripturae</span> <span class='ocrx_word' id='word_1_47' title='bbox 995 1097 1049 1153; x_wconf 90' lang='lat' dir='ltr'>ulla</span> <span class='ocrx_word' id='word_1_48' title='bbox 1072 1114 1135 1170; x_wconf 92' lang='lat' dir='ltr'>pro·</span> 
     </span>
     <span class='ocr_line' id='line_1_8' title="bbox 171 1181 1134 1256; baseline 0 -18"><span class='ocrx_word' id='word_1_49' title='bbox 171 1184 271 1256; x_wconf 88' lang='lat' dir='ltr'>prietas</span> <span class='ocrx_word' id='word_1_50' title='bbox 294 1182 477 1252; x_wconf 88' lang='lat' dir='ltr'>desideratur,</span> <span class='ocrx_word' id='word_1_51' title='bbox 499 1181 549 1238; x_wconf 90' lang='lat' dir='ltr'>sed</span> <span class='ocrx_word' id='word_1_52' title='bbox 570 1181 687 1253; x_wconf 80' lang='lat' dir='ltr'>suflicit,</span> <span class='ocrx_word' id='word_1_53' title='bbox 710 1198 774 1254; x_wconf 90' lang='lat' dir='ltr'>eos,</span> <span class='ocrx_word' id='word_1_54' title='bbox 797 1185 845 1255; x_wconf 90' lang='lat' dir='ltr'>qni</span> <span class='ocrx_word' id='word_1_55' title='bbox 866 1183 1007 1256; x_wconf 80' lang='lat' dir='ltr'>negotium</span> <span class='ocrx_word' id='word_1_56' title='bbox 1023 1190 1134 1256; x_wconf 89' lang='lat' dir='ltr'>gerunt,</span> 
     </span>
     <span class='ocr_line' id='line_1_9' title="bbox 170 1265 1133 1340; baseline -0.002 -15"><span class='ocrx_word' id='word_1_57' title='bbox 170 1268 354 1325; x_wconf 82' lang='lat' dir='ltr'>consensisse:</span> <span class='ocrx_word' id='word_1_58' title='bbox 379 1265 450 1323; x_wconf 87' lang='lat' dir='ltr'>unde</span> <span class='ocrx_word' id='word_1_59' title='bbox 464 1268 536 1323; x_wconf 89' lang='lat' dir='ltr'>inter</span> <span class='ocrx_word' id='word_1_60' title='bbox 553 1267 679 1324; x_wconf 88' lang='lat' dir='ltr'>absentes</span> <span class='ocrx_word' id='word_1_61' title='bbox 696 1283 806 1340; x_wconf 89' lang='lat' dir='ltr'>quoque</span> <span class='ocrx_word' id='word_1_62' title='bbox 825 1265 885 1322; x_wconf 92' lang='lat' dir='ltr'>talia</span> <span class='ocrx_word' id='word_1_63' title='bbox 901 1268 1012 1340; x_wconf 91' lang='lat' dir='ltr'>negotia</span> <span class='ocrx_word' id='word_1_64' title='bbox 1028 1275 1133 1324; x_wconf 90' lang='lat' dir='ltr'>contra·</span> 
     </span>
     <span class='ocr_line' id='line_1_10' title="bbox 170 1350 1133 1425; baseline -0.001 -18"><span class='ocrx_word' id='word_1_65' title='bbox 170 1350 283 1422; x_wconf 85' lang='lat' dir='ltr'>liuntur,</span> <span class='ocrx_word' id='word_1_66' title='bbox 306 1350 392 1407; x_wconf 91' lang='lat' dir='ltr'>ueluti</span> <span class='ocrx_word' id='word_1_67' title='bbox 414 1367 464 1425; x_wconf 89' lang='lat' dir='ltr'>per</span> <span class='ocrx_word' id='word_1_68' title='bbox 478 1350 621 1425; x_wconf 82' lang='lat' dir='ltr'>epistulam</span> <span class='ocrx_word' id='word_1_69' title='bbox 636 1361 683 1408; x_wconf 88' lang='lat' dir='ltr'>aut</span> <span class='ocrx_word' id='word_1_70' title='bbox 697 1368 747 1425; x_wconf 89' lang='lat' dir='ltr'>per</span> <span class='ocrx_word' id='word_1_71' title='bbox 761 1352 970 1421; x_wconf 87' lang='lat' dir='ltr'>internuntium,</span> <span class='ocrx_word' id='word_1_72' title='bbox 991 1367 1052 1407; x_wconf 90' lang='lat' dir='ltr'>cum</span> <span class='ocrx_word' id='word_1_73' title='bbox 1068 1351 1133 1407; x_wconf 92' lang='lat' dir='ltr'>alio·</span> 
     </span>
     <span class='ocr_line' id='line_1_11' title="bbox 170 1426 1133 1511; baseline -0.001 -18"><span class='ocrx_word' id='word_1_74' title='bbox 170 1438 236 1510; x_wconf 89' lang='lat' dir='ltr'>quin</span> <span class='ocrx_word' id='word_1_75' title='bbox 265 1435 410 1492; x_wconf 89' lang='lat' dir='ltr'>uerborum</span> <span class='ocrx_word' id='word_1_76' title='bbox 439 1435 569 1511; x_wconf 87' lang='lat' dir='ltr'>obligatio</span> <span class='ocrx_word' id='word_1_77' title='bbox 602 1438 674 1492; x_wconf 85' lang='lat' dir='ltr'>inter</span> <span class='ocrx_word' id='word_1_78' title='bbox 701 1426 826 1492; x_wconf 79' lang='lat' dir='ltr'>absentes</span> <span class='ocrx_word' id='word_1_79' title='bbox 861 1434 918 1491; x_wconf 84' lang='lat' dir='ltr'>beri</span> <span class='ocrx_word' id='word_1_80' title='bbox 947 1453 1003 1492; x_wconf 90' lang='lat' dir='ltr'>non</span> <span class='ocrx_word' id='word_1_81' title='bbox 1035 1436 1133 1510; x_wconf 86' lang='lat' dir='ltr'>possit.</span> 
     </span>
     <span class='ocr_line' id='line_1_12' title="bbox 172 1514 1133 1597; baseline -0.003 -19"><span class='ocrx_word' id='word_1_82' title='bbox 172 1514 270 1597; x_wconf 77' lang='lat' dir='ltr'>[tas]</span> <span class='ocrx_word' id='word_1_83' title='bbox 298 1515 372 1595; x_wconf 89' lang='lat' dir='ltr'>¹(sed</span> <span class='ocrx_word' id='word_1_84' title='bbox 388 1519 493 1576; x_wconf 88' lang='lat' dir='ltr'>absenti</span> <span class='ocrx_word' id='word_1_85' title='bbox 509 1537 658 1594; x_wconf 76' lang='lat' dir='ltr'>expensum</span> <span class='ocrx_word' id='word_1_86' title='bbox 679 1520 744 1577; x_wconf 88' lang='lat' dir='ltr'>lerri</span> <span class='ocrx_word' id='word_1_87' title='bbox 759 1528 868 1593; x_wconf 91' lang='lat' dir='ltr'>potest,</span> <span class='ocrx_word' id='word_1_88' title='bbox 891 1522 943 1576; x_wconf 89' lang='lat' dir='ltr'>etsi</span> <span class='ocrx_word' id='word_1_89' title='bbox 959 1519 1050 1576; x_wconf 88' lang='lat' dir='ltr'>uerbis</span> <span class='ocrx_word' id='word_1_90' title='bbox 1066 1518 1133 1576; x_wconf 93' lang='lat' dir='ltr'>obli·</span> 
     </span>
     <span class='ocr_line' id='line_1_13' title="bbox 170 1596 1131 1682; baseline -0.003 -21"><span class='ocrx_word' id='word_1_91' title='bbox 170 1607 245 1679; x_wconf 91' lang='lat' dir='ltr'>gatio</span> <span class='ocrx_word' id='word_1_92' title='bbox 268 1621 328 1660; x_wconf 90' lang='lat' dir='ltr'>cum</span> <span class='ocrx_word' id='word_1_93' title='bbox 351 1604 462 1661; x_wconf 87' lang='lat' dir='ltr'>absente</span> <span class='ocrx_word' id='word_1_94' title='bbox 484 1605 608 1662; x_wconf 91' lang='lat' dir='ltr'>contrahi</span> <span class='ocrx_word' id='word_1_95' title='bbox 631 1621 685 1661; x_wconf 92' lang='lat' dir='ltr'>non</span> <span class='ocrx_word' id='word_1_96' title='bbox 707 1596 819 1682; x_wconf 87' lang='lat' dir='ltr'>possit).</span> <span class='ocrx_word' id='word_1_97' title='bbox 861 1600 925 1662; x_wconf 80' lang='lat' dir='ltr'>tat.</span> <span class='ocrx_word' id='word_1_98' title='bbox 950 1604 1016 1661; x_wconf 88' lang='lat' dir='ltr'>item</span> <span class='ocrx_word' id='word_1_99' title='bbox 1036 1606 1063 1660; x_wconf 92' lang='lat' dir='ltr'>in</span> <span class='ocrx_word' id='word_1_100' title='bbox 1089 1603 1131 1659; x_wconf 87' lang='lat' dir='ltr'>his</span> 
     </span>
     <span class='ocr_line' id='line_1_14' title="bbox 170 1687 1133 1764; baseline -0.003 -18"><span class='ocrx_word' id='word_1_101' title='bbox 170 1689 354 1747; x_wconf 84' lang='lat' dir='ltr'>contractibus</span> <span class='ocrx_word' id='word_1_102' title='bbox 376 1689 445 1747; x_wconf 87' lang='lat' dir='ltr'>alter</span> <span class='ocrx_word' id='word_1_103' title='bbox 465 1689 542 1746; x_wconf 86' lang='lat' dir='ltr'>alteri</span> <span class='ocrx_word' id='word_1_104' title='bbox 557 1688 695 1763; x_wconf 86' lang='lat' dir='ltr'>obligatur</span> <span class='ocrx_word' id='word_1_105' title='bbox 715 1688 748 1744; x_wconf 88' lang='lat' dir='ltr'>de</span> <span class='ocrx_word' id='word_1_106' title='bbox 765 1704 812 1761; x_wconf 86' lang='lat' dir='ltr'>eo,</span> <span class='ocrx_word' id='word_1_107' title='bbox 835 1689 908 1764; x_wconf 88' lang='lat' dir='ltr'>quod</span> <span class='ocrx_word' id='word_1_108' title='bbox 924 1689 1040 1747; x_wconf 89' lang='lat' dir='ltr'>alterum</span> <span class='ocrx_word' id='word_1_109' title='bbox 1055 1687 1133 1744; x_wconf 89' lang='lat' dir='ltr'>alteri</span> 
     </span>
     <span class='ocr_line' id='line_1_15' title="bbox 170 1772 1132 1848; baseline -0.001 -19"><span class='ocrx_word' id='word_1_110' title='bbox 170 1790 202 1830; x_wconf 82' lang='lat' dir='ltr'>ex</span> <span class='ocrx_word' id='word_1_111' title='bbox 217 1772 290 1830; x_wconf 90' lang='lat' dir='ltr'>bono</span> <span class='ocrx_word' id='word_1_112' title='bbox 306 1783 334 1831; x_wconf 92' lang='lat' dir='ltr'>et</span> <span class='ocrx_word' id='word_1_113' title='bbox 349 1790 435 1848; x_wconf 87' lang='lat' dir='ltr'>aequo</span> <span class='ocrx_word' id='word_1_114' title='bbox 451 1783 591 1847; x_wconf 85' lang='lat' dir='ltr'>praestare</span> <span class='ocrx_word' id='word_1_115' title='bbox 606 1781 727 1846; x_wconf 87' lang='lat' dir='ltr'>oportet,</span> <span class='ocrx_word' id='word_1_116' title='bbox 742 1790 804 1830; x_wconf 91' lang='lat' dir='ltr'>cum</span> <span class='ocrx_word' id='word_1_117' title='bbox 815 1773 936 1848; x_wconf 90' lang='lat' dir='ltr'>alioquin</span> <span class='ocrx_word' id='word_1_118' title='bbox 947 1776 974 1830; x_wconf 94' lang='lat' dir='ltr'>in</span> <span class='ocrx_word' id='word_1_119' title='bbox 986 1773 1132 1830; x_wconf 90' lang='lat' dir='ltr'>uerborum</span> 
     </span>
     <span class='ocr_line' id='line_1_16' title="bbox 170 1856 1132 1933; baseline -0.002 -19"><span class='ocrx_word' id='word_1_120' title='bbox 170 1857 382 1931; x_wconf 88' lang='lat' dir='ltr'>obligationibus</span> <span class='ocrx_word' id='word_1_121' title='bbox 397 1857 465 1914; x_wconf 88' lang='lat' dir='ltr'>alius</span> <span class='ocrx_word' id='word_1_122' title='bbox 480 1856 635 1930; x_wconf 87' lang='lat' dir='ltr'>stipuletur,</span> <span class='ocrx_word' id='word_1_123' title='bbox 651 1857 720 1913; x_wconf 91' lang='lat' dir='ltr'>alius</span> <span class='ocrx_word' id='word_1_124' title='bbox 737 1860 886 1933; x_wconf 78' lang='lat' dir='ltr'>promittat,</span> <span class='ocrx_word' id='word_1_125' title='bbox 900 1866 929 1914; x_wconf 93' lang='lat' dir='ltr'>et</span> <span class='ocrx_word' id='word_1_126' title='bbox 939 1859 966 1914; x_wconf 92' lang='lat' dir='ltr'>in</span> <span class='ocrx_word' id='word_1_127' title='bbox 978 1857 1132 1914; x_wconf 83' lang='lat' dir='ltr'>nominibus</span> 
     </span>
     <span class='ocr_line' id='line_1_17' title="bbox 171 1940 910 2016; baseline -0.003 -17"><span class='ocrx_word' id='word_1_128' title='bbox 171 1942 239 1999; x_wconf 80' lang='lat' dir='ltr'>alim</span> <span class='ocrx_word' id='word_1_129' title='bbox 255 1959 401 2016; x_wconf 83' lang='lat' dir='ltr'>expensum</span> <span class='ocrx_word' id='word_1_130' title='bbox 418 1941 529 1999; x_wconf 85' lang='lat' dir='ltr'>lerendo</span> <span class='ocrx_word' id='word_1_131' title='bbox 546 1940 665 2015; x_wconf 90' lang='lat' dir='ltr'>obliget,</span> <span class='ocrx_word' id='word_1_132' title='bbox 679 1943 748 1998; x_wconf 91' lang='lat' dir='ltr'>alius</span> <span class='ocrx_word' id='word_1_133' title='bbox 763 1942 910 2016; x_wconf 90' lang='lat' dir='ltr'>obligetur.</span> 
     </span>
    </p>
   </div>
   <div class='ocr_carea' id='block_1_3' title="bbox 459 2055 842 2119">
    <p class='ocr_par' dir='ltr' id='par_1_5' title="bbox 459 2055 842 2119">
     <span class='ocr_line' id='line_1_18' title="bbox 459 2055 842 2119; baseline 0.005 -16"><span class='ocrx_word' id='word_1_134' title='bbox 459 2055 492 2104; x_wconf 87' lang='lat' dir='ltr'>iis</span> <span class='ocrx_word' id='word_1_135' title='bbox 507 2058 633 2119; x_wconf 88' lang='lat' dir='ltr'>emptione</span> <span class='ocrx_word' id='word_1_136' title='bbox 647 2064 671 2106; x_wconf 87' lang='lat' dir='ltr'>et</span> <span class='ocrx_word' id='word_1_137' title='bbox 686 2057 842 2106; x_wconf 74' lang='lat' dir='ltr'>venditione.</span> 
     </span>
    </p>
   </div>
   <div class='ocr_carea' id='block_1_4' title="bbox 169 2155 1134 2748">
    <p class='ocr_par' dir='ltr' id='par_1_6' title="bbox 169 2155 1134 2748">
     <span class='ocr_line' id='line_1_19' title="bbox 234 2155 1132 2238; baseline -0.007 -15"><span class='ocrx_word' id='word_1_138' title='bbox 234 2160 299 2223; x_wconf 80' lang='lat' dir='ltr'>tua.</span> <span class='ocrx_word' id='word_1_139' title='bbox 312 2166 424 2238; x_wconf 85' lang='lat' dir='ltr'>Emptlo</span> <span class='ocrx_word' id='word_1_140' title='bbox 437 2172 465 2221; x_wconf 91' lang='lat' dir='ltr'>et</span> <span class='ocrx_word' id='word_1_141' title='bbox 476 2167 601 2222; x_wconf 80' lang='lat' dir='ltr'>uenditis</span> <span class='ocrx_word' id='word_1_142' title='bbox 615 2157 823 2235; x_wconf 65' lang='grc' dir='ltr'>συνηναΙιιϊιιν,2</span> <span class='ocrx_word' id='word_1_143' title='bbox 833 2180 894 2221; x_wconf 87' lang='lat' dir='ltr'>cum</span> <span class='ocrx_word' id='word_1_144' title='bbox 906 2155 953 2219; x_wconf 84' lang='lat' dir='ltr'>de³</span> <span class='ocrx_word' id='word_1_145' title='bbox 964 2163 1053 2236; x_wconf 89' lang='lat' dir='ltr'>pretio</span> <span class='ocrx_word' id='word_1_146' title='bbox 1067 2179 1132 2218; x_wconf 89' lang='lat' dir='ltr'>con·</span> 
     </span>
     <span class='ocr_line' id='line_1_20' title="bbox 170 2247 1132 2324; baseline -0.005 -17"><span class='ocrx_word' id='word_1_147' title='bbox 170 2252 289 2320; x_wconf 83' lang='lat' dir='ltr'>uenerit,</span> <span class='ocrx_word' id='word_1_148' title='bbox 305 2249 428 2322; x_wconf 88' lang='lat' dir='ltr'>quamuis</span> <span class='ocrx_word' id='word_1_149' title='bbox 444 2250 564 2305; x_wconf 86' lang='lat' dir='ltr'>nondum</span> <span class='ocrx_word' id='word_1_150' title='bbox 580 2252 697 2324; x_wconf 89' lang='lat' dir='ltr'>pretinm</span> <span class='ocrx_word' id='word_1_151' title='bbox 715 2257 884 2306; x_wconf 89' lang='lat' dir='ltr'>numeratum</span> <span class='ocrx_word' id='word_1_152' title='bbox 899 2247 945 2319; x_wconf 92' lang='lat' dir='ltr'>sit,</span> <span class='ocrx_word' id='word_1_153' title='bbox 965 2263 996 2303; x_wconf 90' lang='lat' dir='ltr'>ac</span> <span class='ocrx_word' id='word_1_154' title='bbox 1016 2263 1052 2303; x_wconf 93' lang='lat' dir='ltr'>ne</span> <span class='ocrx_word' id='word_1_155' title='bbox 1073 2263 1132 2303; x_wconf 88' lang='lat' dir='ltr'>arra</span> 
     </span>
     <span class='ocr_line' id='line_1_21' title="bbox 170 2332 1133 2409; baseline 0 -21"><span class='ocrx_word' id='word_1_156' title='bbox 170 2333 278 2407; x_wconf 88' lang='lat' dir='ltr'>quidem</span> <span class='ocrx_word' id='word_1_157' title='bbox 295 2333 357 2389; x_wconf 88' lang='lat' dir='ltr'>data</span> <span class='ocrx_word' id='word_1_158' title='bbox 373 2333 470 2390; x_wconf 88' lang='lat' dir='ltr'>luerit:</span> <span class='ocrx_word' id='word_1_159' title='bbox 493 2351 554 2391; x_wconf 92' lang='lat' dir='ltr'>nam</span> <span class='ocrx_word' id='word_1_160' title='bbox 570 2334 644 2409; x_wconf 88' lang='lat' dir='ltr'>quod</span> <span class='ocrx_word' id='word_1_161' title='bbox 660 2351 740 2392; x_wconf 88' lang='lat' dir='ltr'>arrae</span> <span class='ocrx_word' id='word_1_162' title='bbox 761 2334 869 2390; x_wconf 88' lang='lat' dir='ltr'>nomine</span> <span class='ocrx_word' id='word_1_163' title='bbox 884 2332 972 2402; x_wconf 88' lang='lat' dir='ltr'>datur,</span> <span class='ocrx_word' id='word_1_164' title='bbox 989 2349 1133 2406; x_wconf 84' lang='lat' dir='ltr'>argumen-</span> 
     </span>
     <span class='ocr_line' id='line_1_22' title="bbox 170 2412 1133 2492; baseline -0.001 -19"><span class='ocrx_word' id='word_1_165' title='bbox 170 2425 226 2473; x_wconf 90' lang='lat' dir='ltr'>tum</span> <span class='ocrx_word' id='word_1_166' title='bbox 247 2426 290 2473; x_wconf 92' lang='lat' dir='ltr'>est</span> <span class='ocrx_word' id='word_1_167' title='bbox 311 2418 455 2492; x_wconf 87' lang='lat' dir='ltr'>emptionis</span> <span class='ocrx_word' id='word_1_168' title='bbox 477 2428 505 2475; x_wconf 93' lang='lat' dir='ltr'>et</span> <span class='ocrx_word' id='word_1_169' title='bbox 526 2418 689 2476; x_wconf 92' lang='lat' dir='ltr'>uenditionis</span> <span class='ocrx_word' id='word_1_170' title='bbox 710 2426 873 2477; x_wconf 89' lang='lat' dir='ltr'>contractae.</span> <span class='ocrx_word' id='word_1_171' title='bbox 922 2412 991 2474; x_wconf 83' lang='lat'><strong>140.</strong></span> <span class='ocrx_word' id='word_1_172' title='bbox 1013 2417 1133 2473; x_wconf 88' lang='lat' dir='ltr'>Pretium</span> 
     </span>
     <span class='ocr_line' id='line_1_23' title="bbox 169 2496 1134 2576; baseline 0.001 -19"><span class='ocrx_word' id='word_1_173' title='bbox 169 2509 259 2558; x_wconf 89' lang='lat' dir='ltr'>autem</span> <span class='ocrx_word' id='word_1_174' title='bbox 284 2511 389 2559; x_wconf 86' lang='lat' dir='ltr'>certum</span> <span class='ocrx_word' id='word_1_175' title='bbox 417 2521 476 2561; x_wconf 90' lang='lat' dir='ltr'>esse</span> <span class='ocrx_word' id='word_1_176' title='bbox 504 2503 598 2561; x_wconf 87' lang='lat' dir='ltr'>debet:</span> <span class='ocrx_word' id='word_1_177' title='bbox 625 2520 685 2560; x_wconf 92' lang='lat' dir='ltr'>nam</span> <span class='ocrx_word' id='word_1_178' title='bbox 712 2502 832 2576; x_wconf 86' lang='lat' dir='ltr'>alioquin</span> <span class='ocrx_word' id='word_1_179' title='bbox 853 2503 875 2560; x_wconf 89' lang='lat' dir='ltr'>si</span> <span class='ocrx_word' id='word_1_180' title='bbox 897 2504 933 2560; x_wconf 91' lang='lat' dir='ltr'>ita</span> <span class='ocrx_word' id='word_1_181' title='bbox 959 2504 1032 2559; x_wconf 88' lang='lat' dir='ltr'>inter</span> <span class='ocrx_word' id='word_1_182' title='bbox 1051 2496 1134 2558; x_wconf 85' lang='lat' dir='ltr'>&#39;nos⁴</span> 
     </span>
     <span class='ocr_line' id='line_1_24' title="bbox 169 2587 1131 2663; baseline 0 -21"><span class='ocrx_word' id='word_1_183' title='bbox 169 2587 340 2658; x_wconf 88' lang='lat' dir='ltr'>conuenerit,</span> <span class='ocrx_word' id='word_1_184' title='bbox 357 2597 388 2644; x_wconf 89' lang='lat' dir='ltr'>ut</span> <span class='ocrx_word' id='word_1_185' title='bbox 403 2590 496 2663; x_wconf 90' lang='lat' dir='ltr'>quanti</span> <span class='ocrx_word' id='word_1_186' title='bbox 512 2589 599 2646; x_wconf 86' lang='lat' dir='ltr'>Titius</span> <span class='ocrx_word' id='word_1_187' title='bbox 612 2606 668 2645; x_wconf 88' lang='lat' dir='ltr'>rem</span> <span class='ocrx_word' id='word_1_188' title='bbox 680 2589 877 2661; x_wconf 85' lang='lat' dir='ltr'>aestimauerit,</span> <span class='ocrx_word' id='word_1_189' title='bbox 895 2589 962 2643; x_wconf 91' lang='lat' dir='ltr'>tanti</span> <span class='ocrx_word' id='word_1_190' title='bbox 979 2589 1014 2643; x_wconf 95' lang='lat' dir='ltr'>sit</span> <span class='ocrx_word' id='word_1_191' title='bbox 1029 2594 1131 2658; x_wconf 89' lang='lat' dir='ltr'>empta,</span> 
     </span>
     <span class='ocr_line' id='line_1_25' title="bbox 169 2670 1132 2748; baseline -0.001 -21"><span class='ocrx_word' id='word_1_192' title='bbox 169 2670 257 2728; x_wconf 86' lang='lat' dir='ltr'>babeo</span> <span class='ocrx_word' id='word_1_193' title='bbox 273 2674 392 2747; x_wconf 81' lang='lat' dir='ltr'>negauit,</span> <span class='ocrx_word' id='word_1_194' title='bbox 410 2673 491 2732; x_wconf 90' lang='lat' dir='ltr'>ullam</span> <span class='ocrx_word' id='word_1_195' title='bbox 507 2675 561 2730; x_wconf 93' lang='lat' dir='ltr'>uim</span> <span class='ocrx_word' id='word_1_196' title='bbox 577 2673 630 2730; x_wconf 88' lang='lat' dir='ltr'>boc</span> <span class='ocrx_word' id='word_1_197' title='bbox 644 2673 785 2748; x_wconf 88' lang='lat' dir='ltr'>negotium</span> <span class='ocrx_word' id='word_1_198' title='bbox 801 2672 916 2741; x_wconf 89' lang='lat' dir='ltr'>habere;</span> <span class='ocrx_word' id='word_1_199' title='bbox 933 2673 1010 2728; x_wconf 90' lang='lat' dir='ltr'>cuius</span> <span class='ocrx_word' id='word_1_200' title='bbox 1026 2672 1132 2744; x_wconf 93' lang='lat' dir='ltr'>opinio·</span> 
     </span>
    </p>
   </div>
   <div class='ocr_carea' id='block_1_5' title="bbox 168 2823 1133 3668">
    <p class='ocr_par' dir='ltr' id='par_1_7' title="bbox 168 2823 1133 3668">
     <span class='ocr_line' id='line_1_26' title="bbox 244 2823 1132 2890; baseline -0.003 -16"><span class='ocrx_word' id='word_1_201' title='bbox 244 2823 263 2890; x_wconf 89' lang='lat'>¹)</span> <span class='ocrx_word' id='word_1_202' title='bbox 282 2825 369 2876; x_wconf 86' lang='lat' dir='ltr'>Verba</span> <span class='ocrx_word' id='word_1_203' title='bbox 387 2827 465 2875; x_wconf 80' lang='lat' dir='ltr'>isaias</span> <span class='ocrx_word' id='word_1_204' title='bbox 478 2827 505 2884; x_wconf 79' lang='lat' dir='ltr'>§i</span> <span class='ocrx_word' id='word_1_205' title='bbox 518 2840 588 2889; x_wconf 84' lang='lat' dir='ltr'>qnae</span> <span class='ocrx_word' id='word_1_206' title='bbox 598 2826 624 2873; x_wconf 91' lang='lat' dir='ltr'>in</span> <span class='ocrx_word' id='word_1_207' title='bbox 641 2824 667 2873; x_wconf 85' lang='lat' dir='ltr'>C.</span> <span class='ocrx_word' id='word_1_208' title='bbox 681 2832 742 2888; x_wconf 91' lang='lat' dir='ltr'>post</span> <span class='ocrx_word' id='word_1_209' title='bbox 756 2826 779 2886; x_wconf 65' lang='grc' dir='ltr'>ξ.</span> <span class='ocrx_word' id='word_1_210' title='bbox 794 2836 841 2877; x_wconf 77' lang='lat' dir='ltr'>tsi.</span> <span class='ocrx_word' id='word_1_211' title='bbox 856 2827 990 2889; x_wconf 80' lang='lat' dir='ltr'>legantur,</span> <span class='ocrx_word' id='word_1_212' title='bbox 1010 2838 1061 2874; x_wconf 91' lang='lat' dir='ltr'>non</span> <span class='ocrx_word' id='word_1_213' title='bbox 1076 2838 1132 2873; x_wconf 87' lang='lat' dir='ltr'>eum</span> 
     </span>
     <span class='ocr_line' id='line_1_27' title="bbox 169 2895 1131 2962; baseline -0.004 -16"><span class='ocrx_word' id='word_1_214' title='bbox 169 2896 254 2962; x_wconf 71' lang='lat' dir='ltr'>Krap.</span> <span class='ocrx_word' id='word_1_215' title='bbox 274 2899 300 2946; x_wconf 90' lang='lat' dir='ltr'>in</span> <span class='ocrx_word' id='word_1_216' title='bbox 319 2898 358 2946; x_wconf 87' lang='lat' dir='ltr'>ed.</span> <span class='ocrx_word' id='word_1_217' title='bbox 373 2896 448 2946; x_wconf 71' lang='lat' dir='ltr'>Sinni.</span> <span class='ocrx_word' id='word_1_218' title='bbox 467 2903 495 2944; x_wconf 89' lang='lat' dir='ltr'>nt</span> <span class='ocrx_word' id='word_1_219' title='bbox 511 2897 638 2960; x_wconf 78' lang='lat' dir='ltr'>glossema</span> <span class='ocrx_word' id='word_1_220' title='bbox 652 2896 821 2959; x_wconf 72' lang='lat' dir='ltr'>expellenda,</span> <span class='ocrx_word' id='word_1_221' title='bbox 839 2895 887 2945; x_wconf 82' lang='lat' dir='ltr'>sed</span> <span class='ocrx_word' id='word_1_222' title='bbox 901 2896 1016 2961; x_wconf 76' lang='lat' dir='ltr'>fugitiva</span> <span class='ocrx_word' id='word_1_223' title='bbox 1030 2901 1090 2944; x_wconf 84' lang='lat' dir='ltr'>eant</span> <span class='ocrx_word' id='word_1_224' title='bbox 1107 2900 1131 2943; x_wconf 90' lang='lat' dir='ltr'>et</span> 
     </span>
     <span class='ocr_line' id='line_1_28' title="bbox 168 2963 1132 3030; baseline -0.005 -15"><span class='ocrx_word' id='word_1_225' title='bbox 168 2967 192 3015; x_wconf 82' lang='lat' dir='ltr'>b.</span> <span class='ocrx_word' id='word_1_226' title='bbox 208 2969 225 3015; x_wconf 89' lang='lat' dir='ltr'>i.</span> <span class='ocrx_word' id='word_1_227' title='bbox 236 2968 359 3030; x_wconf 81' lang='lat' dir='ltr'>ponenda</span> <span class='ocrx_word' id='word_1_228' title='bbox 374 2975 434 3016; x_wconf 86' lang='lat' dir='ltr'>ante</span> <span class='ocrx_word' id='word_1_229' title='bbox 448 2968 470 3028; x_wconf 64' lang='grc' dir='ltr'>ξ.</span> <span class='ocrx_word' id='word_1_230' title='bbox 487 2978 533 3018; x_wconf 81' lang='lat' dir='ltr'>tat.</span> <span class='ocrx_word' id='word_1_231' title='bbox 549 2964 642 3030; x_wconf 90' lang='lat' dir='ltr'>(simile</span> <span class='ocrx_word' id='word_1_232' title='bbox 657 2966 694 3015; x_wconf 86' lang='lat' dir='ltr'>ibi</span> <span class='ocrx_word' id='word_1_233' title='bbox 707 2967 909 3017; x_wconf 82' lang='lat' dir='ltr'>additamentum</span> <span class='ocrx_word' id='word_1_234' title='bbox 924 2973 951 3015; x_wconf 88' lang='lat' dir='ltr'>at</span> <span class='ocrx_word' id='word_1_235' title='bbox 966 2968 989 3028; x_wconf 64' lang='grc' dir='ltr'>ξ.</span> <span class='ocrx_word' id='word_1_236' title='bbox 1004 2963 1062 3029; x_wconf 83' lang='lat' dir='ltr'>tta).</span> <span class='ocrx_word' id='word_1_237' title='bbox 1088 2963 1132 3012; x_wconf 84' lang='lat' dir='ltr'>nbi</span> 
     </span>
     <span class='ocr_line' id='line_1_29' title="bbox 168 3035 1130 3101; baseline -0.002 -17"><span class='ocrx_word' id='word_1_238' title='bbox 168 3051 225 3085; x_wconf 83' lang='lat' dir='ltr'>enm</span> <span class='ocrx_word' id='word_1_239' title='bbox 239 3039 399 3088; x_wconf 75' lang='lat' dir='ltr'>excidissent</span> <span class='ocrx_word' id='word_1_240' title='bbox 413 3045 438 3086; x_wconf 85' lang='lat' dir='ltr'>et</span> <span class='ocrx_word' id='word_1_241' title='bbox 451 3037 488 3086; x_wconf 81' lang='lat' dir='ltr'>ad</span> <span class='ocrx_word' id='word_1_242' title='bbox 500 3038 641 3101; x_wconf 78' lang='lat' dir='ltr'>marginem</span> <span class='ocrx_word' id='word_1_243' title='bbox 655 3040 773 3101; x_wconf 83' lang='lat' dir='ltr'>suppleta</span> <span class='ocrx_word' id='word_1_244' title='bbox 787 3045 886 3097; x_wconf 86' lang='lat' dir='ltr'>essent,</span> <span class='ocrx_word' id='word_1_245' title='bbox 906 3037 1031 3087; x_wconf 81' lang='lat' dir='ltr'>librarius</span> <span class='ocrx_word' id='word_1_246' title='bbox 1044 3050 1076 3084; x_wconf 91' lang='lat' dir='ltr'>ea</span> <span class='ocrx_word' id='word_1_247' title='bbox 1091 3035 1130 3083; x_wconf 85' lang='lat' dir='ltr'>in-</span> 
     </span>
     <span class='ocr_line' id='line_1_30' title="bbox 168 3104 1129 3171; baseline -0.002 -16"><span class='ocrx_word' id='word_1_248' title='bbox 168 3114 256 3155; x_wconf 84' lang='lat' dir='ltr'>certas</span> <span class='ocrx_word' id='word_1_249' title='bbox 270 3123 320 3171; x_wconf 84' lang='lat' dir='ltr'>quo</span> <span class='ocrx_word' id='word_1_250' title='bbox 330 3109 502 3171; x_wconf 82' lang='lat' dir='ltr'>pertinerent,</span> <span class='ocrx_word' id='word_1_251' title='bbox 518 3108 544 3156; x_wconf 88' lang='lat' dir='ltr'>in</span> <span class='ocrx_word' id='word_1_252' title='bbox 552 3109 604 3169; x_wconf 81' lang='lat' dir='ltr'>fine</span> <span class='ocrx_word' id='word_1_253' title='bbox 611 3123 663 3171; x_wconf 88' lang='lat' dir='ltr'>pro</span> <span class='ocrx_word' id='word_1_254' title='bbox 673 3123 743 3158; x_wconf 86' lang='lat' dir='ltr'>more</span> <span class='ocrx_word' id='word_1_255' title='bbox 758 3110 819 3171; x_wconf 79' lang='lat' dir='ltr'>(viti.</span> <span class='ocrx_word' id='word_1_256' title='bbox 829 3125 878 3158; x_wconf 82' lang='lat' dir='ltr'>zur</span> <span class='ocrx_word' id='word_1_257' title='bbox 889 3104 1129 3158; x_wconf 68' lang='lat' dir='ltr'>Pandebtenimitil.</span> 
     </span>
     <span class='ocr_line' id='line_1_31' title="bbox 168 3176 1131 3243; baseline -0.002 -17"><span class='ocrx_word' id='word_1_258' title='bbox 168 3186 229 3229; x_wconf 79' lang='lat' dir='ltr'>asto.</span> <span class='ocrx_word' id='word_1_259' title='bbox 249 3193 277 3240; x_wconf 90' lang='lat' dir='ltr'>p.</span> <span class='ocrx_word' id='word_1_260' title='bbox 297 3189 331 3228; x_wconf 81' lang='lat' dir='ltr'>aa.</span> <span class='ocrx_word' id='word_1_261' title='bbox 350 3176 395 3242; x_wconf 81' lang='lat' dir='ltr'>os).</span> <span class='ocrx_word' id='word_1_262' title='bbox 420 3180 437 3227; x_wconf 89' lang='lat' dir='ltr'>i.</span> <span class='ocrx_word' id='word_1_263' title='bbox 453 3193 489 3227; x_wconf 90' lang='lat' dir='ltr'>e.:</span> <span class='ocrx_word' id='word_1_264' title='bbox 509 3186 569 3242; x_wconf 90' lang='lat' dir='ltr'>post</span> <span class='ocrx_word' id='word_1_265' title='bbox 583 3180 606 3239; x_wconf 69' lang='grc' dir='ltr'>ξ.</span> <span class='ocrx_word' id='word_1_266' title='bbox 623 3190 669 3230; x_wconf 82' lang='lat' dir='ltr'>ist.</span> <span class='ocrx_word' id='word_1_267' title='bbox 689 3195 720 3228; x_wconf 87' lang='lat' dir='ltr'>ea</span> <span class='ocrx_word' id='word_1_268' title='bbox 739 3180 771 3229; x_wconf 83' lang='lat' dir='ltr'>ae</span> <span class='ocrx_word' id='word_1_269' title='bbox 791 3195 870 3230; x_wconf 85' lang='lat' dir='ltr'>caasa</span> <span class='ocrx_word' id='word_1_270' title='bbox 887 3180 1005 3243; x_wconf 86' lang='lat' dir='ltr'>posuisse</span> <span class='ocrx_word' id='word_1_271' title='bbox 1019 3176 1131 3235; x_wconf 83' lang='lat' dir='ltr'>cicietur,</span> 
     </span>
     <span class='ocr_line' id='line_1_32' title="bbox 168 3247 1132 3311; baseline 0.001 -15"><span class='ocrx_word' id='word_1_272' title='bbox 168 3248 238 3311; x_wconf 80' lang='lat' dir='ltr'>quoti</span> <span class='ocrx_word' id='word_1_273' title='bbox 249 3250 361 3310; x_wconf 80' lang='lat' dir='ltr'>spatium</span> <span class='ocrx_word' id='word_1_274' title='bbox 376 3247 413 3297; x_wconf 85' lang='lat' dir='ltr'>ibi</span> <span class='ocrx_word' id='word_1_275' title='bbox 425 3264 533 3298; x_wconf 83' lang='lat' dir='ltr'>caenam</span> <span class='ocrx_word' id='word_1_276' title='bbox 544 3250 571 3297; x_wconf 91' lang='lat' dir='ltr'>in</span> <span class='ocrx_word' id='word_1_277' title='bbox 583 3249 653 3311; x_wconf 72' lang='lat' dir='ltr'>Coti,</span> <span class='ocrx_word' id='word_1_278' title='bbox 668 3250 736 3298; x_wconf 82' lang='lat' dir='ltr'>ande</span> <span class='ocrx_word' id='word_1_279' title='bbox 745 3250 916 3309; x_wconf 79' lang='lat' dir='ltr'>describebat,</span> <span class='ocrx_word' id='word_1_280' title='bbox 931 3251 1036 3299; x_wconf 86' lang='lat' dir='ltr'>incenit.</span> <span class='ocrx_word' id='word_1_281' title='bbox 1067 3247 1132 3297; x_wconf 86' lang='lat' dir='ltr'>Nam</span> 
     </span>
     <span class='ocr_line' id='line_1_33' title="bbox 168 3318 1132 3386; baseline 0.002 -20"><span class='ocrx_word' id='word_1_282' title='bbox 168 3324 193 3367; x_wconf 89' lang='lat' dir='ltr'>et</span> <span class='ocrx_word' id='word_1_283' title='bbox 213 3320 269 3381; x_wconf 88' lang='lat' dir='ltr'>ipse</span> <span class='ocrx_word' id='word_1_284' title='bbox 288 3318 325 3368; x_wconf 87' lang='lat' dir='ltr'>ibi</span> <span class='ocrx_word' id='word_1_285' title='bbox 338 3335 360 3368; x_wconf 86' lang='lat' dir='ltr'>a.</span> <span class='ocrx_word' id='word_1_286' title='bbox 375 3331 409 3370; x_wconf 84' lang='lat' dir='ltr'>aa.</span> <span class='ocrx_word' id='word_1_287' title='bbox 425 3321 485 3382; x_wconf 81' lang='lat' dir='ltr'>fere</span> <span class='ocrx_word' id='word_1_288' title='bbox 499 3321 616 3369; x_wconf 85' lang='lat' dir='ltr'>trientem</span> <span class='ocrx_word' id='word_1_289' title='bbox 631 3335 738 3370; x_wconf 83' lang='lat' dir='ltr'>vaenum</span> <span class='ocrx_word' id='word_1_290' title='bbox 752 3323 859 3386; x_wconf 81' lang='lat' dir='ltr'>reliquit</span> <span class='ocrx_word' id='word_1_291' title='bbox 872 3329 897 3370; x_wconf 87' lang='lat' dir='ltr'>et</span> <span class='ocrx_word' id='word_1_292' title='bbox 912 3337 933 3370; x_wconf 83' lang='lat' dir='ltr'>a.</span> <span class='ocrx_word' id='word_1_293' title='bbox 944 3332 978 3373; x_wconf 76' lang='lat'>14.</span> <span class='ocrx_word' id='word_1_294' title='bbox 992 3320 1132 3371; x_wconf 82' lang='lat' dir='ltr'>secandam</span> 
     </span>
     <span class='ocr_line' id='line_1_34' title="bbox 173 3385 1132 3456; baseline 0.002 -18"><span class='ocrx_word' id='word_1_295' title='bbox 173 3385 218 3436; x_wconf 72' lang='lat' dir='ltr'><em>W</em></span> <span class='ocrx_word' id='word_1_296' title='bbox 240 3389 363 3439; x_wconf 84' lang='lat' dir='ltr'>rubricae</span> <span class='ocrx_word' id='word_1_297' title='bbox 381 3390 528 3439; x_wconf 83' lang='lat' dir='ltr'>destinauit.</span> <span class='ocrx_word' id='word_1_298' title='bbox 600 3386 621 3456; x_wconf 84' lang='lat'>²)</span> <span class='ocrx_word' id='word_1_299' title='bbox 640 3390 685 3439; x_wconf 72' lang='lat' dir='ltr'>Fac</span> <span class='ocrx_word' id='word_1_300' title='bbox 709 3388 761 3440; x_wconf 67' lang='lat' dir='ltr'>V&#39;i.</span> <span class='ocrx_word' id='word_1_301' title='bbox 826 3389 847 3456; x_wconf 78' lang='lat'>³)</span> <span class='ocrx_word' id='word_1_302' title='bbox 868 3392 933 3441; x_wconf 85' lang='lat' dir='ltr'>Nom</span> <span class='ocrx_word' id='word_1_303' title='bbox 952 3398 1051 3442; x_wconf 79' lang='lat' dir='ltr'>vetusto</span> <span class='ocrx_word' id='word_1_304' title='bbox 1070 3392 1132 3440; x_wconf 88' lang='lat' dir='ltr'>citio</span> 
     </span>
     <span class='ocr_line' id='line_1_35' title="bbox 168 3458 1132 3526; baseline 0 -17"><span class='ocrx_word' id='word_1_305' title='bbox 168 3461 288 3509; x_wconf 85' lang='lat' dir='ltr'>omissam</span> <span class='ocrx_word' id='word_1_306' title='bbox 302 3476 328 3510; x_wconf 90' lang='lat' dir='ltr'>re</span> <span class='ocrx_word' id='word_1_307' title='bbox 343 3462 383 3509; x_wconf 86' lang='lat' dir='ltr'>et?</span> <span class='ocrx_word' id='word_1_308' title='bbox 447 3458 469 3526; x_wconf 85' lang='lat'>⁴)</span> <span class='ocrx_word' id='word_1_309' title='bbox 484 3461 529 3510; x_wconf 74' lang='lat' dir='ltr'>Is&#39;a</span> <span class='ocrx_word' id='word_1_310' title='bbox 548 3476 602 3511; x_wconf 90' lang='lat' dir='ltr'>mea</span> <span class='ocrx_word' id='word_1_311' title='bbox 621 3464 653 3524; x_wconf 73' lang='lat' dir='ltr'>ej.</span> <span class='ocrx_word' id='word_1_312' title='bbox 666 3464 786 3525; x_wconf 82' lang='lat' dir='ltr'>firmante</span> <span class='ocrx_word' id='word_1_313' title='bbox 806 3458 858 3511; x_wconf 69' lang='lat'>11¹2.</span> <span class='ocrx_word' id='word_1_314' title='bbox 883 3477 924 3511; x_wconf 87' lang='lat' dir='ltr'>cos</span> <span class='ocrx_word' id='word_1_315' title='bbox 942 3462 967 3512; x_wconf 84' lang='lat' dir='ltr'>G.</span> <span class='ocrx_word' id='word_1_316' title='bbox 982 3462 1041 3512; x_wconf 83' lang='lat' dir='ltr'>edd.</span> <span class='ocrx_word' id='word_1_317' title='bbox 1056 3463 1132 3512; x_wconf 88' lang='lat' dir='ltr'>etiam</span> 
     </span>
     <span class='ocr_line' id='line_1_36' title="bbox 168 3531 1133 3598; baseline 0.002 -19"><span class='ocrx_word' id='word_1_318' title='bbox 168 3546 222 3581; x_wconf 86' lang='lat' dir='ltr'>mea</span> <span class='ocrx_word' id='word_1_319' title='bbox 234 3544 253 3583; x_wconf 89' lang='lat'>1.</span> <span class='ocrx_word' id='word_1_320' title='bbox 271 3531 434 3581; x_wconf 79' lang='lat' dir='ltr'>Iustinianns</span> <span class='ocrx_word' id='word_1_321' title='bbox 439 3548 491 3596; x_wconf 86' lang='lat' dir='ltr'>pro</span> <span class='ocrx_word' id='word_1_322' title='bbox 501 3548 571 3583; x_wconf 84' lang='lat' dir='ltr'>more</span> <span class='ocrx_word' id='word_1_323' title='bbox 580 3548 628 3583; x_wconf 86' lang='lat' dir='ltr'>sno</span> <span class='ocrx_word' id='word_1_324' title='bbox 639 3534 832 3598; x_wconf 83' lang='lat' dir='ltr'>imperatoriam</span> <span class='ocrx_word' id='word_1_325' title='bbox 842 3535 997 3583; x_wconf 84' lang='lat' dir='ltr'>maiestatem</span> <span class='ocrx_word' id='word_1_326' title='bbox 1007 3534 1133 3597; x_wconf 68' lang='lat' dir='ltr'>exemplis</span> 
     </span>
     <span class='ocr_line' id='line_1_37' title="bbox 168 3603 1132 3668; baseline 0 -17"><span class='ocrx_word' id='word_1_327' title='bbox 168 3617 297 3666; x_wconf 82' lang='lat' dir='ltr'>nonquam</span> <span class='ocrx_word' id='word_1_328' title='bbox 312 3604 491 3654; x_wconf 81' lang='lat' dir='ltr'>immiscendae</span> <span class='ocrx_word' id='word_1_329' title='bbox 506 3607 532 3654; x_wconf 90' lang='lat' dir='ltr'>in</span> <span class='ocrx_word' id='word_1_330' title='bbox 547 3603 633 3654; x_wconf 88' lang='lat' dir='ltr'>Instit.</span> <span class='ocrx_word' id='word_1_331' title='bbox 646 3606 723 3654; x_wconf 87' lang='lat' dir='ltr'>etiam</span> <span class='ocrx_word' id='word_1_332' title='bbox 736 3604 761 3653; x_wconf 81' lang='lat' dir='ltr'>a.</span> <span class='ocrx_word' id='word_1_333' title='bbox 777 3607 793 3653; x_wconf 91' lang='lat' dir='ltr'>l.</span> <span class='ocrx_word' id='word_1_334' title='bbox 804 3620 857 3667; x_wconf 86' lang='lat' dir='ltr'>pro</span> <span class='ocrx_word' id='word_1_335' title='bbox 872 3619 915 3653; x_wconf 91' lang='lat' dir='ltr'>nos</span> <span class='ocrx_word' id='word_1_336' title='bbox 926 3605 1017 3668; x_wconf 83' lang='lat' dir='ltr'>posuit</span> <span class='ocrx_word' id='word_1_337' title='bbox 1031 3604 1132 3668; x_wconf 85' lang='lat' dir='ltr'>sliquos.</span> 
     </span>
    </p>
   </div>
   <div class='ocr_carea' id='block_1_6' title="bbox 166 3740 1133 3956">
    <p class='ocr_par' dir='ltr' id='par_1_8' title="bbox 166 3740 1133 3956">
     <span class='ocr_line' id='line_1_38' title="bbox 239 3740 1133 3812; baseline -0.002 -17"><span class='ocrx_word' id='word_1_338' title='bbox 239 3740 265 3812; x_wconf 64' lang='grc' dir='ltr'>ξ.</span> <span class='ocrx_word' id='word_1_339' title='bbox 286 3746 434 3796; x_wconf 78' lang='lat' dir='ltr'>tto-137.</span> <span class='ocrx_word' id='word_1_340' title='bbox 455 3768 489 3788; x_wconf 88' lang='lat'><em>=</em></span> <span class='ocrx_word' id='word_1_341' title='bbox 507 3746 539 3795; x_wconf 84' lang='lat' dir='ltr'>L.</span> <span class='ocrx_word' id='word_1_342' title='bbox 555 3759 575 3797; x_wconf 80' lang='lat'>2.</span> <span class='ocrx_word' id='word_1_343' title='bbox 594 3748 627 3797; x_wconf 86' lang='grc' dir='ltr'>Ι).</span> <span class='ocrx_word' id='word_1_344' title='bbox 642 3748 674 3796; x_wconf 86' lang='lat' dir='ltr'>de</span> <span class='ocrx_word' id='word_1_345' title='bbox 693 3745 741 3797; x_wconf 86' lang='lat' dir='ltr'>obl.</span> <span class='ocrx_word' id='word_1_346' title='bbox 762 3753 786 3794; x_wconf 92' lang='lat' dir='ltr'>et</span> <span class='ocrx_word' id='word_1_347' title='bbox 804 3753 855 3796; x_wconf 87' lang='lat' dir='ltr'>aet.</span> <span class='ocrx_word' id='word_1_348' title='bbox 871 3742 921 3810; x_wconf 77' lang='lat' dir='ltr'>(tt,</span> <span class='ocrx_word' id='word_1_349' title='bbox 936 3745 968 3811; x_wconf 83' lang='lat' dir='ltr'>t).</span> <span class='ocrx_word' id='word_1_350' title='bbox 998 3744 1133 3794; x_wconf 65' lang='lat' dir='ltr'>Titiam</span> 
     </span>
     <span class='ocr_line' id='line_1_39' title="bbox 167 3815 1132 3882; baseline -0.001 -17"><span class='ocrx_word' id='word_1_351' title='bbox 167 3830 238 3867; x_wconf 82' lang='lat' dir='ltr'>eorm.</span> <span class='ocrx_word' id='word_1_352' title='bbox 254 3815 302 3866; x_wconf 87' lang='lat' dir='ltr'>obl.</span> <span class='ocrx_word' id='word_1_353' title='bbox 318 3815 410 3882; x_wconf 56' lang='lat' dir='ltr'>(asts).</span> <span class='ocrx_word' id='word_1_354' title='bbox 482 3819 505 3879; x_wconf 69' lang='lat'>§-</span> <span class='ocrx_word' id='word_1_355' title='bbox 523 3819 581 3869; x_wconf 78' lang='lat'><strong>139.</strong></span> <span class='ocrx_word' id='word_1_356' title='bbox 597 3834 685 3881; x_wconf 72' lang='lat' dir='ltr'>-pm</span> <span class='ocrx_word' id='word_1_357' title='bbox 701 3817 723 3866; x_wconf 88' lang='lat' dir='ltr'>I.</span> <span class='ocrx_word' id='word_1_358' title='bbox 738 3817 770 3866; x_wconf 83' lang='lat' dir='ltr'>de</span> <span class='ocrx_word' id='word_1_359' title='bbox 785 3823 858 3880; x_wconf 84' lang='lat' dir='ltr'>empt.</span> <span class='ocrx_word' id='word_1_360' title='bbox 879 3817 975 3881; x_wconf 59' lang='lat' dir='ltr'>(asta).</span> <span class='ocrx_word' id='word_1_361' title='bbox 1007 3816 1045 3879; x_wconf 79' lang='lat' dir='ltr'>Cf.</span> <span class='ocrx_word' id='word_1_362' title='bbox 1061 3815 1132 3880; x_wconf 86' lang='lat' dir='ltr'>Epit.</span> 
     </span>
     <span class='ocr_line' id='line_1_40' title="bbox 166 3884 713 3956; baseline -0.002 -19"><span class='ocrx_word' id='word_1_363' title='bbox 166 3897 223 3950; x_wconf 84' lang='lat' dir='ltr'>s,c.</span> <span class='ocrx_word' id='word_1_364' title='bbox 242 3888 315 3949; x_wconf 76' lang='lat' dir='ltr'>§.rs</span> <span class='ocrx_word' id='word_1_365' title='bbox 387 3884 413 3956; x_wconf 80' lang='lat'>§.</span> <span class='ocrx_word' id='word_1_366' title='bbox 432 3889 489 3938; x_wconf 81' lang='lat'>140.</span> <span class='ocrx_word' id='word_1_367' title='bbox 511 3888 549 3950; x_wconf 67' lang='lat' dir='ltr'>cr.</span> <span class='ocrx_word' id='word_1_368' title='bbox 564 3889 587 3950; x_wconf 64' lang='grc' dir='ltr'>ς.</span> <span class='ocrx_word' id='word_1_369' title='bbox 604 3902 623 3941; x_wconf 89' lang='lat'>1.</span> <span class='ocrx_word' id='word_1_370' title='bbox 644 3887 713 3938; x_wconf 70' lang='lat' dir='ltr'>aab.</span> 
     </span>
    </p>
   </div>
   <div class='ocr_carea' id='block_1_7' title="bbox 0 0 1194 4386">
    <p class='ocr_par' dir='ltr' id='par_1_9' title="bbox 0 0 1194 4386">
     <span class='ocr_line' id='line_1_41' title="bbox 0 0 1194 4386; baseline 0 0"><span class='ocrx_word' id='word_1_371' title='bbox 0 0 1194 4386; x_wconf 95' lang='lat' dir='ltr'> </span> 
     </span>
    </p>
   </div>
  </div>
 </body>
</html>
