2378 4386
439 564 647 613 PRAEFATIO.
957 567 1023 615 XIII

57 716 214 783 strandm
242 718 341 795 esset,
371 716 473 780 lucem
502 718 694 800 acciperent:
724 716 835 799 quodsi
864 716 919 780 illa
940 737 1023 782 com·

56 800 207 887 pluscula
235 803 343 879 erant,
366 800 524 864 etiamad
546 800 657 883 libros,
689 800 772 864 unde
794 800 860 884 peti
881 805 1022 884 possent,

56 885 180 951 remisi.
208 920 246 931 -
269 882 366 946 Initio
389 884 629 948 adnotationem
645 884 789 949 criticam
804 884 844 947 ab
860 886 1023 969 exegetica

55 988 193 1053 prorsus
217 986 363 1049 separare
387 967 623 1031 constitueram.
658 966 719 1032 Sed
742 988 813 1032 cum
828 968 1022 1033 animadver-

55 1059 178 1134 terem,
210 1070 249 1114 ea
268 1071 305 1129 re
326 1050 461 1114 multum
484 1052 577 1146 spatii
600 1051 741 1132 absumi,
772 1051 938 1116 consilium
961 1052 1022 1118 hoc

58 1135 169 1201 abieci
193 1136 374 1198 attentum
396 1134 430 1197 in
455 1132 528 1198 Gari
550 1133 808 1199 Institutiouibus
830 1136 958 1200 retinui.

121 1216 255 1283 Indices
281 1217 393 1280 uberes
422 1221 454 1282 et
482 1221 555 1300 apte
587 1219 751 1284 institutos
783 1220 816 1283 in
844 1219 1023 1284 huiusmodi

56 1301 250 1389 praesertim
273 1301 420 1383 operibns
442 1322 559 1385 magno
580 1301 750 1366 lectoribus
772 1303 843 1367 usui
864 1324 949 1385 esse,
972 1325 1023 1368 me

56 1408 125 1453 non
149 1384 248 1469 fugit
281 1383 342 1447 Sed
366 1405 436 1448 cum
458 1406 477 1448 a
498 1385 657 1449 tironibus
672 1387 776 1450 minus
792 1386 1021 1468 desiderentur,

56 1476 91 1537 et
112 1488 179 1535 nec
202 1467 340 1551 pretium
362 1467 435 1531 libri
458 1468 491 1530 iu
514 1488 623 1532 eornm
645 1470 879 1533 incommodum
901 1470 963 1533 hac
985 1471 1023 1534 de

57 1550 1023 1717 “destituendusululiiitrullllll

510 1681 519 1714 ‚
1011 1673 1023 1685 .

57 1658 113 1787 liii
137 1722 174 1784 et
196 1685 435 1800 suo’parabiles
457 1716 559 1800 pretio
581 1718 752 1800 separatim
775 1717 825 1781 edi
847 1685 979 1801 placirit,

124 1802 189 1868 His
213 1801 251 1865 de
274 1801 424 1883 consilio,
447 1802 530 1884 quod
553 1806 679 1866 secutus
702 1823 786 1884 sum,
815 1804 1021 1885 praemonitis

57 1890 183 1969 restat,
215 1888 253 1948 nt
286 1885 402 1948 librum
433 1905 537 1949 meum
572 1906 672 1969 aequo
699 1887 875 1971 peritorum
906 1887 1022 1952 iudicio

57 1967 295 2039 commendem.
333 1967 453 2044 Quibus
475 1969 501 2032 si
524 1969 558 2033 in
574 1971 755 2034 universnm
770 1970 959 2054 probabitur
974 1972 1022 2054 (in

58 2052 205 2140 singulis
221 2052 306 2115 enim
321 2073 483 2136 nunqnam
498 2073 661 2135 peccasse,
683 2054 753 2136 quis
768 2075 863 2118 sanus
878 2055 1021 2137 speretl)

57 2138 146 2207 etsi
169 2136 434 2218 inrisprudentiae
461 2137 627 2217 studiosis,
657 2139 793 2201 maxime
816 2137 1022 2203 adolescenti·

57 2225 138 2305 bun,
169 2218 340 2284 utilitatem
367 2220 506 2302 aliquam
534 2219 671 2298 adferet,
701 2219 777 2284 binc
805 2220 1020 2285 dulcissimum

57 2303 222 2386 insumpti
244 2303 360 2366 laboris
382 2303 523 2367 fructum
545 2304 679 2387 capiam.

150 2453 217 2519 Scr.
243 2451 453 2516 Vratislaviae
475 2473 517 2515 m.
541 2451 672 2517 Octobri
696 2460 909 2520 CIOIOCCCLI.

444 2715 654 2724 ——-

125 2915 185 2981 AD
208 2913 416 2980 aurdanu
439 2913 684 2981 EDITIONEM
707 2912 966 2982 PRAEFATIO.

132 3049 257 3115 Certior
277 3048 382 3112 factus
404 3070 423 3113 a
445 3047 634 3144 bibliopola,
663 3069 742 3132 quae
769 3051 907 3132 primum
929 3050 1023 3116 huius

64 3134 266 3202 collectionis
282 3133 474 3215 exemplaria
489 3135 574 3215 typrs
590 3132 743 3215 impressa
759 3137 860 3213 erant,
876 3156 912 3199 ea
924 3156 981 3217 pro
1007 3157 1022 3199 e

63 3219 175 3285 omnia
197 3213 358 3279 divendita
380 3236 464 3296 esse,
492 3236 667 3298 novamque
689 3217 756 3282 eius
779 3217 949 3282 editionem
993 3240 1022 3283 e-

64 3300 208 3380 siderari,
231 3318 360 3381 operam
383 3298 527 3380 equidem
550 3298 632 3382 dedi,
655 3304 692 3364 ut
714 3321 761 3380 ea,
784 3307 938 3384 quantum
954 3303 1022 3367 lieri

65 3389 187 3470 posset,
203 3386 235 3445 et
252 3381 374 3444 auctior
389 3386 421 3444 et
436 3383 630 3447 emendatior
644 3382 794 3465 prodiret.
824 3385 886 3450 Sed
902 3387 1022 3470 augeri,
1088 3434 1092 3441 .

65 3472 93 3533 si
110 3469 199 3549 ipsae
214 3462 366 3544 reliquiae
381 3463 534 3528 collectas
548 3470 743 3547 spectantur,
764 3472 892 3533 tantum
907 3469 940 3532 in
956 3471 1023 3553 qui·

66 3549 202 3615 busdam
226 3545 396 3626 superioris
418 3546 620 3629 antiquitatis
642 3551 865 3634 scriptoribus,
889 3573 1023 3634 quornm

67 3650 169 3717 pauca
190 3630 316 3691 tantum
332 3632 511 3710 supersunt,
578 3632 649 3714 tuit,
664 3634 873 3717 maximeque,
889 3634 1022 3699 Momm·

66 3715 138 3782 seni
168 3712 296 3794 merito,
325 3711 359 3776 in
382 3710 509 3778 Valerio
558 3714 646 3779 robo.
690 3716 938 3781 Emendationes
960 3719 1022 3800 pri·

66 3822 153 3868 mum
182 3796 279 3862 officii
308 3819 403 3863 causa
428 3800 460 3863 et
486 3801 578 3883 grato
606 3799 713 3863 animo
745 3820 955 3864 commemoro
982 3799 1022 3862 ad
