2378 4386
173 514 236 580 452
538 529 629 564 rrnrrs
648 527 776 564 seruare.

175 665 338 719 authentica
356 662 446 716 Paulli
470 662 609 730 scriptura
631 662 789 729 proiectum
813 666 842 715 et
865 665 1067 731 propagatum,
1092 664 1139 717 vix

175 731 304 799 intellegi
321 731 423 799 potest.
459 728 568 783 Deinde
587 729 622 783 de
641 744 675 782 eo
693 729 852 798 quaeritur,
874 729 949 795 quod
971 730 1000 781 in
1023 730 1138 799 quibus·

174 800 239 852 dam
258 797 396 852 Breviarii
408 797 560 850 Alariciani
578 796 721 850 codicibus
758 813 789 849 rc
807 797 953 850 sententiis
971 797 1157 866 simpliciterl

174 868 306 920 dicuntur
324 865 499 919 ‘Sententiae
519 866 670 932 receptae‘.
699 814 756 917 Sed
766 880 828 917 cunr
841 864 911 917 haec
924 863 1046 919 adiectio
1060 868 1138 935 igno·

174 938 260 999 retur,
279 932 440 1000 ubicunque
459 933 528 985 aliae
549 932 650 985 harum
669 931 875 986 Sententiarum
896 932 1002 985 mentio
1021 933 1061 999 fit,
1085 935 1139 987 hoo

175 1004 218 1056 est
235 1002 264 1054 in
283 999 448 1064 Collaticne,
466 999 496 1052 in
513 999 688 1067 Fragmentis
707 999 864 1062 Vaticanis,
883 999 911 1051 in
931 999 982 1057 Th.
1001 999 1042 1065 C,
1061 1001 1091 1055 in
1110 1001 1138 1058 L.

175 1069 253 1146 Rom.
272 1066 514 1147 Burgundionum,
533 1067 562 1144 in
582 1066 866 1148 indice-Florentino,
886 1068 913 1118 iu
934 1068 1078 1122 iustiniani
1093 1069 1139 1122 Di·

174 1134 1139 1281 {titt}ltlt'‘itti‘tlttelttlttilt'lle1iti,,titt

174 1269 1139 1405 litli'llt?„tltt‘ltltttitllillittltettlt

175 1405 317 1476 opinantis
335 1406 371 1458 ab
389 1404 458 1473 ipsis
476 1404 504 1457 in
522 1404 614 1473 legem
633 1421 712 1457 suam
731 1406 861 1471 receptas
884 1405 935 1458 hac
946 1357 1138 1476 ’eogngmins-

174 1477 252 1530 tione
265 1472 425 1527 Sententiae
443 1489 461 1525 a
472 1473 601 1542 genuinis
614 1472 787 1542 distinguere
801 1473 935 1537 voluisse3
954 1491 1019 1527 narn
1038 1475 1136 1529 eadem

175 1543 245 1597 etin
260 1540 470 1596 consultatione
484 1556 506 1593 c.
521 1546 544 1604 6,
558 1546 581 1593 6.
596 1541 683 1607 extat,
697 1539 742 1593 cui
754 1540 824 1593 fides
836 1541 864 1592 in
878 1540 929 1594 hac
942 1558 972 1595 re
988 1542 1065 1595 nullo
1078 1543 1138 1596 iure

175 1610 344 1678 derogatur,
362 1612 392 1662 et
409 1610 433 1660 ei
449 1606 520 1662 haec
539 1625 607 1662 vera
624 1623 709 1661 cauea
727 1612 813 1671 esset,
837 1624 892 1661 non
916 1609 1138 1687 intellegeretur,

196 1677 244 1731 uin
264 1678 293 1729 et
311 1676 396 1730 ceteri
415 1674 480 1728 libri
493 1675 560 1728 iuris
572 1676 675 1729 veteris
687 1677 716 1727 in
729 1678 821 1743 legem
835 1675 913 1728 illam
926 1686 1042 1745 recepti,
1062 1677 1140 1731 velut

176 1695 376 1814 gregorianus,
390 1743 633 1821 Hermogenienue
647 1752 676 1796 et
687 1742 897 1796 'l'lreodoeianus
910 1743 1027 1799 Codices
1039 1745 1138 1799 eadem

176 1811 369 1883 appellatione
396 1809 524 1878 insigniti
551 1810 665 1864 suerint.
706 1811 744 1864 At
769 1810 896 1863 Paullum
916 1814 1027 1865 constat
1052 1814 1138 1866 alium

177 1895 290 1949 quoque
303 1879 406 1932 librum
417 1876 536 1930 edidisse
546 1878 711 1946 inscriptum
723 1876 925 1946 ‘Imperialium
935 1881 1139 1934 sententiarum

177 1949 206 2002 in
231 1946 440 2016 cognitionibus
462 1944 637 2012 prolatarum
659 1945 708 2002 lib.
731 1947 788 2008 Vl’,
814 1947 862 2014 qui
885 1963 947 2000 cum
971 1947 1139 2009 succinctius

178 2015 410 2070 ‘Sententiarum’
430 2010 513 2065 titulo
532 2014 685 2080 propagari
703 2015 875 2082 coepissent,
898 2031 933 2066 ue
957 2032 1020 2068 curn
1043 2015 1138 2069 alteris

177 2081 387 2137 Sententiarum
413 2078 492 2132 libris
515 2080 765 2144 confunderentur,
789 2081 873 2134 variis
897 2082 1101 2136 adiectionibus
1124 2098 1141 2135 a

178 2149 300 2204 librariis
318 2146 443 2200 distincti
460 2148 535 2211 eunt,
553 2148 631 2201 velut
649 2147 867 2203 ‘Sententiarum
881 2149 940 2203 eive
953 2149 1139 2203 Decretorum

176 2218 252 2272 libri’
272 2215 301 2267 in
319 2213 488 2283 quibusdam
506 2215 685 2284 Digestorum
708 2217 789 2281 locis,
814 2216 858 2270 vel
875 2216 1052 2271 ‘Sentention
1076 2237 1138 2286 psci

179 2285 286 2337 facton’
305 2282 333 2334 in
346 2280 442 2334 Indice
454 2280 624 2337 Florentino.
644 2284 704 2337 Hoc
717 2300 784 2338 vero
803 2283 825 2337 si
838 2284 867 2336 in
885 2284 935 2337 illo
946 2284 1020 2338 libro
1032 2288 1139 2339 iactum

178 2352 298 2417 constat,
317 2349 419 2402 mirum
438 2365 529 2417 paene
541 2350 632 2404 rideri
645 2350 769 2415 deberet,
787 2351 810 2404 ei
823 2368 879 2405 non
892 2352 977 2405 etiam
991 2353 1020 2405 in
1034 2356 1137 2416 nostro,

177 2419 297 2472 maxime
318 2416 369 2471 illa
391 2415 438 2469 ‘ad
456 2416 558 2470 filium’
582 2419 763 2488 inscriptione
786 2419 899 2484 amissa,
924 2420 1022 2472 similis
1045 2421 1138 2474 cautio

177 2484 372 2556 distinguendi
385 2500 469 2539 causa
481 2501 499 2538 a
511 2486 679 2552 quibusdam
692 2487 820 2540 adhibita
833 2490 912 2541 asset
923 2491 929 2522 ¹
949 2487 1030 2552 Quod
1043 2493 1138 2542 autern

178 2560 328 2623 ‘receptas‘
347 2553 397 2606 has
415 2552 576 2608 Sententiae
594 2555 842 2624 cognominarunt,
867 2556 972 2608 iactum
991 2571 1051 2609 esee
1070 2557 1139 2624 puto

176 2621 285 2677 ratione
302 2620 402 2676 habita
419 2621 607 2690 imperialium
626 2623 870 2687 constitutionum,
896 2638 969 2690 quae
992 2622 1028 2676 dc
1047 2623 1139 2677 Paulli

177 2690 290 2759 scriptis
308 2690 353 2744 vel
365 2688 563 2743 confirmandis
576 2689 622 2744 vel
635 2689 809 2743 infirmandis
821 2691 921 2758 postea
933 2691 1051 2744 emissae
1064 2692 1136 2751 eunt,

177 2759 299 2812 maxime
318 2757 346 2810 L.
366 2763 390 2815 a.
419 2756 470 2810 Th.
490 2757 519 2812 C.
538 2757 573 2810 de
591 2774 664 2825 resp.
681 2757 764 2826 prud.
782 2764 817 2822 (1,
836 2762 875 2823 4),
899 2772 972 2825 quac
991 2758 1138 2825 speciatim

177 2825 227 2880 has
243 2824 402 2880 Sententiae
421 2827 548 2901 ‘recepta
563 2825 742 2879 auctoritate'
762 2824 930 2882 firmaverat.
954 2826 1024 2878 Cum
1043 2828 1139 2879 tamen

176 2892 240 2946 hisi
262 2897 299 2946 sis
310 2891 557 2947 constitutionibus
576 2891 661 2946 etiam
680 2895 828 2962 acceptum
840 2891 1048 2971 quodammodo
1066 2894 1138 2946 rese·

176 2976 227 3014 ren
249 2978 296 3014 um
319 2961 364 3025 sit,
388 2958 463 3025 quod
487 2958 579 3011 adhuc
601 2960 692 3013 Paulli
715 2960 866 3014 Sententiis
889 2959 1018 3024 fruimur,
1040 2958 1137 3027 paullo

177 3028 335 3081 accuratius
352 3042 396 3080 res
415 3025 573 3079 enarranda
590 3030 641 3080 est.

246 3093 395 3148 Sciendum
415 3096 457 3144 est
468 3093 565 3161 igitur,
584 3109 696 3149 causam
709 3095 893 3149 restitutionis
906 3091 1031 3149 damuati
1042 3092 1134 3146 cuine·

177 3159 251 3220 dam,
270 3161 315 3213 cui
328 3159 525 3215 Constantinus
537 3160 661 3226 favebat,
679 3179 743 3216 cum
756 3163 848 3216 Paulli
860 3166 890 3218 et
901 3160 1013 3230 Ulpiani
1025 3159 1138 3229 aliquas

177 3227 213 3281 ad
232 3226 417 3296 Papinianum
435 3228 518 3280 notae
537 3228 563 3280 ei
581 3229 804 3296 adversarentur,
821 3231 1030 3300 imperatorem,
1048 3244 1085 3282 ne
1104 3245 1139 3282 ex

177 3294 271 3365 gratia
282 3301 381 3348 conus
392 3294 435 3347 ius
447 3309 593 3350 commune
606 3298 779 3366 rescripsisse
791 3298 944 3363 videretur,
956 3296 1138 3365 permovisse,

177 3362 211 3414 ut
237 3361 361 3431 generali
384 3360 503 3431 epistola
525 3362 560 3416 ad
583 3363 736 3418 Maximum
758 3366 933 3434 praelectum
956 3364 1020 3418 urbi
1041 3365 1140 3433 paucis

178 3432 244 3483 ants
257 3429 317 3487 Kal.
332 3428 393 3483 Oct.
407 3429 507 3483 dicbus
522 3446 546 3484 a
560 3437 617 3485 321.
647 3433 766 3486 Romam
785 3433 852 3486 data
866 3432 901 3486 Ul
922 3433 981 3486 iani
1000 3433 1029 3486 et
1046 3431 1140 3485 Paulli

176 3498 207 3550 in
218 3495 405 3565 Papinianum
424 3499 513 3563 notas,
532 3499 592 3567 ‘qui
611 3500 673 3568 (ait)
691 3500 758 3554 dum
775 3500 883 3569 ingenii
901 3450 1014 3554 Faudem
1031 3504 1140 3553 sectan-

178 3674 331 3736 inecripsissc
347 3676 480 3725 credendus
495 3684 539 3739 est,
554 3683 579 3725 ut
594 3676 634 3725 alii
649 3685 703 3726 sule
719 3692 772 3726 euru
788 3679 823 3726 rel
843 3687 898 3742 poet
913 3679 1028 3728 lecerunt.
1059 3677 1093 3727 Gi.
1110 3677 1139 3727 tl.

178 3744 249 3793 llerlz
263 3745 380 3796 Zeilschr.
396 3748 411 3797 l.
427 3747 449 3796 d.
465 3747 562 3796 lllcrlh.
578 3747 650 3796 Wiss.
666 3759 725 3799 rato.
741 3763 764 3812 p.
778 3761 827 3800 ur.

253 3813 272 3880 ¹)
287 3817 351 3866 ldem
366 3818 414 3866 lere
430 3820 506 3867 sensit
520 3819 586 3881 llugo
602 3817 858 3879 Goll.gel.lnz.1eas.
874 3836 897 3885 p.
910 3831 968 3872 1299.
992 3821 1025 3869 Dc
1040 3821 1140 3870 aliorum

179 3887 330 3951 opinionibus
346 3889 393 3938 rid.
408 3889 512 3938 lrndtsii
528 3889 584 3938 edit.
614 3888 690 3938 Praei.
704 3904 728 3953 p.
745 3890 782 3942 lll.
