2378 4386
164 540 228 607 400
488 555 547 592 om
564 556 665 592 tussis.
682 538 731 595 IV.
751 544 807 593 165.

164 702 256 757 stetim
272 708 356 774 petat,
373 706 516 772 autequam
532 715 565 755 es
581 698 640 754 iure
656 707 743 770 exest,
758 699 784 755 ld
797 707 848 770 est,
865 708 1009 773 antequam
1024 716 1038 754 s
1054 719 1133 776 pruc-

166 794 226 841 tore
246 783 385 853 discedst3
408 799 471 840 sero
493 784 564 840 enim
590 782 746 856 petentibus
773 800 827 840 non
853 784 1020 858 indulgetur.
1064 783 1130 844 ldb.

165 868 262 942 ltaque
283 869 306 924 si
328 866 458 924 arbitrum
479 883 533 923 non
555 868 678 941 petierit,
702 867 749 924 sed
773 869 870 924 tacitus
892 867 926 924 de
946 870 1005 925 lure
1026 871 1131 944 exierit,

167 968 228 1009 cum
248 951 370 1027 periculo
385 968 430 1008 res
445 952 477 1008 sd
498 953 599 1007 exitum
621 951 796 1026 perducitur:
819 968 879 1009 nam
901 962 977 1010 actor
998 966 1132 1029 prouocet

168 1037 355 1094 aduersarium
370 1035 540 1110 sponsione,
558 1039 590 1092 ni
596 1029 605 1070 ¹
621 1046 717 1093 contra
732 1037 850 1094 edictum
865 1040 1000 1112 praetoris
1016 1055 1071 1095 non
1087 1056 1132 1096 ex-

168 1120 288 1177 hibuerit
310 1129 357 1177 sut
378 1136 434 1176 non
448 1122 616 1190 restituerlt3
639 1120 685 1178 ille
704 1130 793 1178 sutem
809 1122 940 1178 sduersus
956 1126 1131 1198 sponsionem

168 1205 317 1263 aduersarii
336 1205 531 1279 restipulatur3
553 1204 651 1262 delude
672 1214 749 1263 actor
769 1206 877 1280 quidem
898 1210 1056 1281 sponsionis
1078 1210 1133 1266 lor·

167 1290 266 1347 mulam
287 1289 345 1347 edit
359 1290 525 1361 aduersario,
547 1289 593 1346 llle
614 1290 676 1347 huic
697 1292 811 1348 inuicem
832 1292 1062 1366 restipulationis:
1085 1294 1132 1350 sed

167 1383 243 1432 sotor
262 1375 418 1448 sponsionis
441 1375 583 1433 termulae
597 1376 700 1432 subicit
716 1385 743 1433 et
758 1376 834 1432 uliud
853 1377 980 1433 iudicium
996 1378 1028 1434 de
1044 1394 1073 1433 re
1089 1395 1131 1433 re·
1145 1389 1185 1442 {si

167 1458 306 1516 stituenda
325 1458 370 1515 uel
391 1460 555 1531 exhibentis,
579 1468 609 1515 ut
630 1462 653 1515 si
674 1462 824 1533 sponsione
845 1463 957 1532 uicerit,
981 1462 1070 1518 nisisi
1086 1479 1130 1517 res

98 1543 325 1607 stncxhttcnur
339 1553 386 1600 sut
400 1537 608 1621 restituatur‚²l
932 1578 1122 1586 —--—-

103 1626 121 1665 t.
134 1631 152 1662 s.
168 1622 174 1703 p
193 1660 895 1669 —-.-----.--—-
905 1661 1132 1669 .—..—-

98 1686 157 1736 243.

107 1753 124 1791 t.
138 1761 155 1791 s.

757 1746 963 1754 *-
968 1744 1132 1754 ..-.--

163 1879 237 1943 plius
251 1876 288 1927 ibi
300 1879 426 1941 scriptum
437 1878 522 1941 sitim
540 1876 621 1925 uisum
638 1876 687 1939 sit,
706 1878 800 1926 omisit.
837 1876 924 1940 Ipsum
939 1883 1090 1939 praetorem
1105 1878 1131 1925 in

168 1949 308 1999 interdicto
326 1949 429 1999 reddito
448 1947 516 1997 banc
534 1946 737 1997 obseruationem
756 1949 793 2006 ei,
812 1948 914 2010 quicum
933 1945 1072 2011 opebatur,
1093 1949 1132 1996 in·

168 2020 404 2078 inmiscuissent
419 2018 500 2069 Probi
518 2026 594 2068 notae
608 2016 736 2067 Einsidel.
759 2033 842 2081 supra
858 2033 885 2081 p.
900 2028 947 2068 111.
1023 2014 1043 2080 1)
1058 2033 1132 2080 spon-

168 2091 261 2140 sionem
282 2091 308 2140 0.
332 2091 462 2154 sponsione
483 2087 573 2154 (quod)
596 2088 645 2137 Kr.
667 2089 706 2138 eci.
729 2101 750 2139 s.
825 2084 891 2151 ¹)In
906 2103 935 2151 p.
953 2096 1014 2147 sss,
1034 2088 1060 2135 in
1081 2103 1131 2151 quo

168 2163 271 2212 omnino
295 2161 361 2209 nibil
385 2167 455 2210 certo
475 2162 526 2225 ispi
546 2162 644 2223 potuit,
659 2161 772 2224 primum
795 2158 859 2207 boec
880 2158 939 2219 sere
962 2165 1052 2206 secuta
1077 2172 1132 2207 esse

167 2234 302 2296 suspicor:
321 2228 468 2287 ‘tantidem
487 2232 578 2296 quami
598 2233 703 2295 sponsio
719 2230 794 2293 fucta
812 2229 859 2286 sit,
878 2228 1052 2277 aduersarius
1071 2244 1133 2278 con·

168 2303 315 2352 demnetur:
338 2302 408 2365 quod
429 2302 553 2352 iudicium
576 2303 725 2366 appellatur
742 2300 911 2356 secutorium,
934 2300 996 2362 quia
1014 2301 1133 2364 sequitur

167 2374 317 2435 sponsionis
330 2374 468 2423 uictoriam
483 2373 529 2439 (cs.
543 2375 567 2435 ξ.
582 2385 621 2424 iss
629 2372 696 2438 fin).
724 2370 835 2435 Sponsio
851 2384 913 2419 uero
927 2377 952 2418 et
966 2372 1132 2433 restipulatio

169 2445 236 2493 tanti
246 2444 290 2505 fit,
310 2445 401 2507 quanti
419 2452 494 2494 actor
507 2460 562 2494 eam
581 2459 632 2494 non
651 2444 796 2493 calumniae
815 2456 897 2491 causo
913 2442 974 2503 fieri
994 2442 1131 2491 iurauerit.

169 2513 221 2580 (Cf.
237 2513 268 2563 L.
285 2527 304 2567 t.
319 2517 344 2577 ἓ.
358 2526 379 2565 t.
399 2515 431 2563 D.
442 2516 512 2580 quod
525 2517 552 2564 ui
565 2522 610 2565 aut
625 2516 657 2565 cl.
671 2526 706 2576 ts,
721 2526 755 2564 st.
775 2512 854 2563 uerbo
869 2508 967 2575 ‘simpli
976 2514 1045 2561 litem
1055 2513 1131 2563 aesti-

168 2583 321 2653 mandam’.)
345 2586 440 2637 Postea
459 2588 552 2646 iudex,
572 2587 642 2650 apud
660 2599 733 2650 quem
747 2585 779 2634 de
793 2600 824 2634 ea
843 2600 873 2633 re
890 2585 993 2649 opiter,
1012 2585 1132 2648 requirit,

169 2674 203 2708 un
213 2665 375 2708 reuscontra
384 2659 495 2709 edictum
503 2658 636 2722 praetoris
644 2672 694 2706 non
702 2656 848 2705 restituerit
856 2662 960 2706 autnon
970 2654 1132 2710 exhibueritr

169 2731 237 2779 etsi
257 2730 397 2780 secundum
419 2738 533 2781 actorem
556 2729 698 2779 iudicatum
720 2729 784 2785 erit,
808 2727 991 2776 aduersarium
1012 2741 1132 2775 summam

168 2802 318 2865 sponsionis
331 2808 356 2851 et
369 2804 394 2850 si
407 2817 458 2851 non
473 2801 620 2850 restituerit
634 2800 674 2847 uel
685 2813 735 2848 non
745 2796 902 2856 exhibuerit,
917 2799 993 2846 etiam
1002 2797 1132 2846 secutoris

170 2872 269 2923 iudicio
283 2873 447 2931 condemnat,
466 2880 580 2922 actorem
594 2884 657 2918 uero
676 2870 883 2933 restipulationis
897 2866 1022 2922 absoluit:
1041 2867 1134 2931 quodsi

169 2944 309 2993 secundum
323 2959 394 2993 reum
413 2943 581 2999 indicauerit,
600 2940 669 2990 burro
687 2941 836 3003 sponsionis
855 2947 878 2989 et
895 2940 1022 2988 secutorii
1040 2937 1134 2987 iudicii

169 3011 294 3071 absoluit,
313 3022 426 3064 actorem
442 3028 504 3062 uero
518 3013 727 3074 restipulationis
741 3011 900 3061 condemnat.
916 3037 948 3045 -
964 3008 1035 3056 Hinc
1052 3007 1134 3055 Gaius

171 3083 207 3132 acl
216 3082 395 3145 prohibitoria
410 3084 550 3133 interdicta
560 3084 698 3131 transitum
708 3083 811 3132 uidetur
819 3082 924 3144 fecisse,
940 3081 976 3128 ita
987 3084 1014 3126 ut
1020 3078 1133 3142 primum

171 3154 204 3203 de
217 3153 377 3215 simplicibus
386 3161 484 3219 speret,
497 3153 591 3202 deinde
601 3153 633 3201 de
643 3153 800 3216 duplicibus,
814 3151 850 3200 ad
859 3166 924 3216 quae
934 3155 1058 3214 spectant,
1069 3164 1135 3213 quae

171 3225 199 3273 in
205 3238 234 3286 p.
244 3234 292 3273 111.
303 3230 460 3274 tractantur.
484 3224 644 3273 Accurotius
655 3239 715 3273 vero
726 3224 789 3289 quid
803 3225 830 3272 in
841 3238 868 3286 p.
880 3233 927 3273 111.
938 3228 963 3271 et
971 3231 1020 3272 111.
1039 3221 1136 3270 dictum

169 3295 262 3359 suerit,
276 3293 357 3343 donec
368 3294 527 3357 fortioribus
536 3295 657 3343 remediis
667 3294 790 3344 adhibitis
800 3295 881 3358 pluro
892 3294 977 3358 tepere
988 3293 1136 3356 contiperit,

172 3380 205 3415 ne
214 3366 365 3415 coniectura
375 3366 475 3429 quidem
486 3367 650 3430 aliquatenus
661 3364 793 3430 probabili
801 3364 908 3426 definiri
916 3369 1011 3426 potest,
1025 3365 1137 3412 monime

172 3490 197 3552 ξ.
211 3500 232 3540 1.
253 3488 284 3536 D.
300 3489 370 3553 quod
383 3491 432 3555 lep.
447 3487 539 3555 (11.3).
559 3489 591 3539 L.
606 3501 627 3542 o.
642 3491 666 3550 §-
682 3502 715 3541 11.
734 3488 767 3537 Ι).
778 3489 810 3537 de
824 3487 873 3538 tab.
883 3487 944 3537 corb.
959 3486 1006 3553 (ts,
1020 3484 1052 3550 tt).
1072 3486 1104 3535 L.
1116 3497 1136 3536 s.

173 3562 197 3622 ξ.
211 3573 245 3612 14.
267 3560 299 3608 D.
314 3576 345 3609 ne
360 3562 424 3625 quid
437 3562 463 3611 in
479 3563 536 3612 loco
548 3577 575 3626 p.
591 3559 636 3626 (ts,
650 3560 683 3626 s).
703 3559 734 3609 L.
750 3572 771 3609 1.
787 3560 810 3620 ξ.
825 3571 861 3609 tt.
881 3559 912 3609 L.
926 3570 946 3610 s.
963 3569 997 3610 ts.
1017 3558 1049 3606 I).
1065 3557 1097 3608 de
1112 3558 1138 3605 ui

173 3631 219 3695 (ss,
235 3628 279 3697 rs).
299 3630 331 3679 L.
343 3643 376 3683 1⁶.
395 3633 435 3694 ἐξ.
451 3645 533 3685 1-11.
553 3633 586 3683 L.
596 3643 630 3683 ss.
646 3634 668 3694 ς.
679 3642 700 3683 s.
715 3631 747 3678 Ι).
759 3631 827 3695 qaod
842 3632 867 3679 m·
881 3630 927 3696 (ss,
937 3627 981 3694 ss).
997 3628 1029 3677 L.
1044 3640 1064 3679 s.
1081 3630 1105 3690 ξ.
1116 3640 1136 3678 s.

174 3703 205 3752 D.
219 3703 251 3752 de
261 3717 369 3766 precor.
383 3703 433 3768 (ts,
447 3703 491 3770 ss).
512 3704 544 3753 L.
555 3716 589 3756 ott.
609 3704 642 3752 D.
657 3704 689 3753 de
703 3703 744 3751 rei
757 3702 827 3750 vind.
844 3703 879 3767 (s,
895 3699 927 3764 1).
949 3700 992 3748 ssi.
1009 3695 1137 3766 iudicium]

173 3773 209 3835 cs.
224 3775 264 3835 ἐξ.
279 3785 326 3826 t'tt.
342 3786 389 3825 181.
410 3771 516 3825 ‘Gaius’
532 3792 558 3839 p.
573 3786 612 3826 201
626 3790 679 3840 seq.
736 3768 762 3840 ξ.
779 3773 838 3823 165.
859 3772 897 3833 Cf.
912 3772 936 3832 ἕ.
952 3782 998 3821 111.
1021 3770 1074 3820 Cic.
1086 3785 1138 3834 pro

176 3844 249 3895 caeo.
264 3856 331 3897 s.s1.
347 3857 381 3897 ss.
401 3861 453 3910 pro
472 3846 537 3899 Tuti.
552 3858 586 3898 so.
601 3857 636 3898 ss.
655 3846 692 3895 ad
709 3845 761 3894 dio.
777 3855 803 3904 r,
817 3854 851 3893 st.
877 3840 1019 3902 Quintili.
1038 3839 1066 3889 0.
1082 3853 1103 3903 t,
1117 3852 1138 3893 s.

173 3918 196 3979 5.
210 3928 231 3969 t.
252 3916 311 3967 Lex
325 3915 405 3966 Rubr.
421 3933 443 3968 c.
459 3929 493 3970 22.
