2378 4386
158 534 224 602 472
431 554 495 589 avon
512 553 608 590 aarum
628 553 697 589 saur.
717 534 750 588 ΙΙ.
770 540 847 588 a-t.

360 751 422 792 TIT.
440 751 472 794 11.
501 752 542 791 DE
558 750 691 792 PECVNIA
707 749 911 792 consumtum.

223 850 247 909 l.
271 852 297 908 Sl
320 853 363 922 td,
385 853 457 926 quod
478 854 541 909 milri
564 852 660 909 lucius
683 853 768 909 Titius
792 853 886 924 debet,
910 854 1064 910 soluturum
1089 864 1184 926 tetam]

161 937 319 1006 constituas,
338 938 437 993 teneris
452 939 558 993 actione
573 939 701 1009 pecuniae
717 939 889 994 constitutae.

329 1015 374 1094 [t.
392 1020 419 1080 6.
435 1021 485 1078 30.
508 1022 542 1077 D.
558 1023 592 1076 cte
609 1029 698 1076 const.
713 1036 779 1092 pec.
797 1015 862 1098 (13,
879 1014 939 1098 5).]

397 1235 459 1275 am.
477 1234 522 1274 111.
552 1234 593 1274 nn
610 1211 869 1276 corannacrmvo.¹

225 1334 250 1394 1.
274 1329 438 1411 ²Stipulatio
454 1346 497 1393 est
513 1336 657 1392 uerborum
673 1338 825 1408 conceptio,
838 1335 871 1391 ad
887 1352 965 1408 quarn
977 1339 1038 1409 quis
1050 1355 1115 1394 cou-

161 1437 231 1494 grue
253 1422 438 1495 interrogatus
461 1419 621 1493 respondet:
651 1419 726 1475 uelut
749 1418 920 1476 ‘erouonst
943 1421 1114 1479 saounnoz'

162 1501 290 1562 ‘Daorsi
319 1502 434 1561 otoo?
464 1503 668 1561 ‘rnoumnmi
690 1502 881 1560 enonrnroz'
908 1502 1011 1560 ‘rinna
1034 1523 1115 1562 avan

162 1588 255 1645 anmi
275 1604 362 1645 ninam
377 1605 461 1644 mnan
476 1587 577 1645 nnluz’
600 1596 628 1642 et
644 1595 697 1642 tam
713 1604 781 1660 pure
797 1603 875 1659 quam
890 1586 940 1642 sub
957 1589 1116 1645 condicione

162 1673 266 1745 couclpi
281 1680 382 1746 potest.

163 1875 227 1918 r1n.
243 1875 284 1917 tv.
316 1875 357 1916 nu
373 1872 565 1916 conuoouro
580 1875 621 1915 nr
637 1873 792 1975 caropmo
809 1856 899 1932 (aron
909 1858 961 1928 os)
976 1875 1116 1919 raononn

539 1957 718 1999 rrovcravn.

225 2060 249 2120 1.
273 2055 424 2134 ⁴0uiequld
445 2061 550 2116 iurem
571 2059 764 2116 commodatam
785 2060 819 2116 ob
842 2059 963 2116 morbum
981 2061 1025 2117 uel
1039 2062 1117 2119 allam

163 2148 295 2202 rationem
310 2147 460 2219 impensum
476 2151 528 2212 est,
543 2160 557 2198 a
572 2142 681 2200 domino
697 2145 778 2217 recipi
795 2152 895 2219 potest.
931 2142 960 2205 2.
978 2139 1019 2200 ⁶Si
1043 2145 1115 2202 lacto

165 2227 298 2297 incendio,
316 2228 402 2298 ruina,
418 2225 559 2300 naufragio
576 2237 621 2283 aut
637 2243 691 2301 quo
707 2227 758 2283 alio
771 2228 849 2284 simili
866 2244 983 2285 casuros
997 2244 1116 2286 commo·

164 2311 224 2367 data
240 2313 334 2366 amissa
350 2311 399 2380 sit,
424 2327 478 2366 nou
496 2309 631 2367 tenebitur
652 2328 684 2367 eo
700 2313 807 2367 nominc
823 2313 861 2376 is,
884 2314 927 2368 cui
948 2313 1117 2370 commodata

164 2403 219 2452 est:
242 2397 293 2451 nisi
317 2393 402 2465 sorte,
425 2410 484 2451 oum
501 2404 594 2468 posset
609 2411 665 2450 rem
681 2397 874 2451 commodatam
895 2395 996 2451 saluam
1019 2397 1116 2465 iacere,

163 2494 239 2535 suam
255 2478 391 2552 praetulit.
428 2475 458 2535 8.
481 2472 602 2534 oSeruus
619 2479 662 2534 uel
678 2494 764 2551 equus
780 2479 815 2534 'in
832 2478 907 2535 aliam
923 2496 1029 2536 causam
1045 2498 1117 2537 com·

164 2555 284 2619 mollatl⁷
301 2563 355 2619 sla
376 2562 526 2619 latronibus
551 2563 592 2618 uel
615 2564 643 2619 ln
666 2561 737 2618 bello
761 2564 841 2619 occisi
862 2572 934 2634 sunt,
959 2566 1028 2620 actio
1045 2581 1117 2621 com·

164 2647 265 2703 modali
288 2646 383 2721 datur3
413 2646 537 2704 custodia
565 2648 634 2703 enim
663 2655 690 2701 et
712 2645 849 2720 diligentia
871 2648 911 2702 rei
933 2647 1117 2704 commodatae

163 2732 321 2805 praestanda
344 2740 396 2788 est.
439 2728 468 2788 4.
494 2724 541 2786 ⁸Si
563 2747 619 2786 rem
642 2731 807 2785 aestimatam
831 2729 877 2785 tibi
900 2729 1010 2802 dedero,
1035 2739 1064 2787 ut
1087 2748 1116 2788 ea

164 2815 292 2872 distracta
308 2816 424 2890 pretium
440 2815 473 2871 ad
489 2831 531 2871 me
546 2813 677 2885 deterres,
689 2829 773 2886 eaque
785 2816 906 2887 perierit,
917 2815 1051 2887 siquidem
1064 2831 1116 2889 ego

238 3036 285 3084 itt.
302 3034 353 3085 III.
390 3033 409 3100 ¹)
426 3035 535 3084 Paullus
547 3036 697 3098 scripserit,
712 3036 736 3083 ai
750 3036 822 3084 modo
838 3037 893 3083 eiua
907 3042 944 3083 eat
956 3035 1001 3085 dic
1014 3036 1117 3083 titulus:

163 3104 196 3152 lle
212 3107 289 3155 stricti
304 3107 363 3154 iuris
378 3105 547 3153 contractibus
600 3101 620 3169 ¹)
637 3104 675 3167 Cf.
691 3105 763 3167 infra
778 3115 799 3162 5,
814 3115 833 3155 6.
850 3107 872 3165 ἓ.
888 3117 907 3154 t.
924 3104 955 3154 L.
970 3115 990 3155 5.
1004 3106 1027 3166 ξ.
1042 3115 1062 3153 1.
1082 3101 1114 3150 D.

163 3175 195 3223 de
210 3175 278 3224 verb.
295 3175 342 3224 obt.
359 3175 403 3238 (to.
419 3175 449 3239 1).
472 3174 528 3223 Gai.
543 3186 564 3234 a,
578 3185 612 3224 92.

239 3242 286 3293 iit.
301 3243 352 3292 IV.
386 3240 407 3308 ³)
425 3244 532 3293 Paullus
541 3245 651 3308 ainpulis
660 3243 700 3293 itis
711 3244 885 3294 contractibus
895 3259 1046 3295 communem
1056 3245 1115 3293 titu-

164 3318 214 3364 lum
224 3315 392 3378 praemisisse
407 3315 521 3371 videtur,
536 3315 581 3377 qui
595 3316 622 3361 in
635 3313 775 3364 Breviorio
790 3330 845 3364 cum
860 3317 897 3364 tit.
913 3316 945 3364 de
960 3314 1117 3365 connodato

164 3385 289 3449 conflatos
304 3391 356 3440 ειη
372 3384 406 3446 es.
424 3384 514 3434 Collot.
530 3394 563 3441 ιο,
578 3396 597 3434 2.
631 3386 674 3434 m}
688 3400 723 3434 oo
734 3393 794 3448 post
807 3401 936 3435 oarostao
949 3386 1032 3448 facile
1046 3386 1117 3435 exei-

164 3455 226 3504 dere
237 3457 330 3518 potuit.
382 3452 404 3519 ⁴)
420 3453 459 3517 Cf.
475 3454 506 3503 L.
522 3466 555 3506 18.
570 3456 593 3517 ξ.
609 3465 628 3504 2.
649 3454 680 3503 ll.
697 3457 815 3505 commod.
834 3454 878 3520 (ta,
889 3455 920 3519 o).
951 3456 1041 3505 Cottae.
1053 3467 1087 3513 tu.
1098 3468 1117 3506 ε.

164 3528 219 3587 §.d
266 3523 996 3591 ⁵)Cl111.5.§.t.D.cornmoel.(1a‚o).Leae.Burp.tt.
1042 3524 1063 3591 ⁶)
1080 3526 1118 3588 Cf.

167 3595 196 3644 L.
207 3607 227 3647 t.
239 3597 262 3657 §-
274 3607 294 3646 t.
314 3595 345 3645 D.
362 3597 482 3646 commod.
498 3594 542 3661 (1³,
553 3594 584 3661 o).
604 3595 635 3644 L.
652 3609 671 3646 1.
686 3599 708 3657 §-
724 3608 744 3646 c
765 3596 797 3645 D.
812 3596 844 3645 de
858 3596 905 3645 obi.
922 3604 1011 3656 eluet.
1028 3595 1072 3661 (44.
1088 3596 1119 3661 t).

166 3663 186 3732 ⁷)
202 3665 233 3715 In
245 3665 307 3716 edd.
318 3673 343 3715 et
352 3666 410 3715 edd.
421 3668 541 3732 lepuntur
553 3673 612 3731 poet
627 3668 650 3715 in
665 3666 735 3715 bello.
759 3665 889 3716 Suadente
899 3666 1060 3732 Boeclrinpio
1070 3668 1122 3716 lluc

164 3742 291 3787 revocavi.
331 3736 472 3802 Vestipium
491 3736 610 3787 turbatae
624 3739 751 3786 orationis
766 3744 814 3794 est,
838 3736 906 3801 quod
920 3739 1041 3800 plerique
1057 3737 1119 3786 cdd.

163 3807 257 3858 dolent
271 3822 356 3857 seruus
370 3808 407 3857 uel
423 3808 482 3856 alius
498 3822 553 3857 ecus
569 3815 593 3856 et
604 3822 687 3870 prope
701 3822 786 3856 ornnes
801 3808 838 3855 uel
854 3809 876 3856 iu
892 3808 970 3855 aliam.
1043 3805 1064 3873 ⁸)
1081 3807 1120 3869 Cf.

164 3878 196 3927 L.
211 3890 244 3929 tt.
260 3881 283 3940 ξ.
300 3892 319 3929 t.
339 3877 371 3926 D.
387 3880 549 3942 depraeder.
565 3876 632 3927 verb.
649 3875 738 3942 (19.5).
