2378 4386
403 551 438 586 on
456 550 567 586 unomen
586 549 664 584 amre
677 550 718 586 111.
1000 542 1038 598 71

80 677 131 734 loci
152 677 186 734 de
206 676 409 750 magistratibus
430 687 494 733 sunt
515 678 625 751 propria
647 675 802 749 quaedam‚'
818 690 834 730 a
853 674 1041 748 Theophrasto

80 764 206 835 primum,
222 760 319 817 deinde
335 778 349 818 a
365 763 447 818 liione
462 761 554 817 Stoico
572 761 693 834 quaesita
708 758 846 819 subtilius.

142 861 184 920 Vl.
206 858 250 920 14„
270 863 307 919 A.
331 862 381 918 hin
398 861 522 918 tandem?
538 861 619 917 etlam
634 877 649 915 a
664 858 762 916 Stoicis
771 859 823 914 ista
835 866 948 915 tractata
960 859 1041 915 suntl

144 962 184 1018 M.
201 960 259 1018 Nou
275 978 338 1018 sane
354 963 407 1018 nisi
422 961 454 1017 alr
469 978 513 1032 eo,
529 977 608 1035 quem
624 959 705 1016 modo
726 960 876 1029 nominaui,
898 967 926 1016 et
947 968 1041 1034 postea

81 1061 208 1118 amagno
224 1047 332 1101 homine
347 1055 375 1102 et
390 1047 417 1102 in
433 1046 527 1119 primis
542 1043 665 1114 erudito,
685 1042 820 1099 Panaetio.
856 1055 917 1098 uam
933 1051 1041 1100 ueteres

82 1127 165 1185 uerbo
182 1138 260 1185 tenus
276 1140 354 1187 acute
367 1129 406 1186 lili
422 1129 541 1203 quidem,
563 1127 611 1184 sed
627 1144 681 1184 nou
697 1126 729 1182 ad
745 1126 816 1182 hune
832 1142 909 1183 usum
924 1128 1040 1201 popula·

83 1228 138 1268 rem
161 1221 240 1286 atque
262 1214 378 1284 ciuilem,
402 1213 436 1269 de
457 1229 487 1269 re
509 1211 615 1286 publica
637 1210 814 1267 disserebant.
845 1209 878 1265 ab
894 1205 1040 1267 academia¹

82 1297 165 1369 magis
185 1297 236 1371 iqta
255 1307 407 1369 manarunt,
427 1295 538 1352 Platone
559 1296 694 1370 principe;
718 1301 781 1368 post
796 1293 956 1349 Aristoteles
971 1295 1040 1350 inlu·

82 1382 177 1435 strauit
192 1396 299 1436 omnem
314 1381 386 1437 huuc
397 1379 504 1436 ciuilem
512 1381 540 1435 in
551 1378 716 1453 disputando
729 1378 819 1434 locum
832 1375 1040 1451 Heraclidesque

81 1462 210 1520 Ponticus
225 1463 366 1536 proiectus
381 1462 414 1518 ab
430 1463 524 1518 eodem
538 1463 667 1532 Platone3
688 1461 893 1534 Theophrastus
909 1475 986 1533 uero,
1002 1463 1041 1517 in·

80 1550 195 1602 stitutus
211 1544 244 1600 ab
259 1544 415 1618 Aristotele,
431 1545 572 1616 habitauit,
586 1554 616 1600 ut
630 1547 717 1617 scitis,
731 1545 759 1602 in
774 1561 808 1600 eo
824 1559 926 1618 genere
941 1559 1042 1616 rerum,

80 1629 112 1686 ab
129 1629 282 1700 eodemque
294 1628 440 1683 Aristotele
455 1626 552 1683 doctus
566 1626 740 1684 Dicaearchus
755 1628 818 1685 huic
828 1628 1042 1685 rationistudio·

81 1729 136 1786 que
153 1727 209 1766 nou
224 1710 327 1778 deluit;
347 1719 410 1785 post
429 1727 445 1767 a
459 1710 647 1785 Theophrasto
661 1709 805 1767 Phalereus
820 1711 866 1768 illc
881 1711 1040 1784 Demetrius,

79 1797 114 1852 de
130 1811 186 1869 quo
202 1792 255 1850 leci
271 1810 352 1868 supra
367 1797 541 1866 mentionem,
556 1793 713 1851 mirabiliter
726 1794 874 1852 doctrinam
890 1813 922 1852 ex
935 1797 1042 1852 umbra·

80 1879 148 1936 culis
164 1872 417 1956 eruditorum[que]
441 1881 553 1952 otioque
574 1895 628 1936 noo
651 1878 733 1935 modo
755 1880 783 1935 in
806 1879 891 1936 solem
912 1889 994 1955 atque
1015 1882 1043 1937 in

81 1963 233 2036 puluerem,
249 1961 339 2018 sedin
355 1964 442 2036 lpsum
458 1963 601 2020 discrimen
616 1965 754 2037 aciemque
769 1964 914 2038 produxit:
934 1980 996 2021 nam
1015 1973 1042 2022 et

81 2045 253 2103 mediocriter
273 2047 371 2105 doctos
391 2063 504 2122 magnos
525 2050 553 2104 ln
568 2046 719 2122 republica
734 2048 810 2103 uiros
826 2057 854 2104 et
869 2048 1042 2106 doctissimos

81 2131 203 2186 homines
217 2145 274 2187 nou
288 2132 367 2187 ulmis
382 2133 410 2186 in
425 2131 573 2205 republica
584 2139 708 2187 uersatos
719 2129 821 2187 multos
832 2146 1042 2189 commemorare

81 2230 241 2286 possumus;
259 2214 305 2287 qui
316 2230 384 2270 uero
400 2223 515 2287 utraque
529 2231 559 2270 re
574 2215 728 2286 excelleret,
744 2222 775 2269 ut
791 2222 818 2268 et
833 2211 973 2269 doctrinae
984 2225 1042 2271 stu-

83 2295 133 2351 diis
148 2305 175 2351 et
190 2298 306 2371 regenda
321 2299 433 2354 ciuitate
448 2299 573 2371 princeps
588 2307 671 2368 esset,
687 2297 748 2371 quis
764 2296 842 2353 lacile
852 2304 960 2371 praeter
972 2299 1043 2356 hunc

82 2380 197 2436 inueniri
210 2381 319 2455 potest?

145 2483 180 2539 A.
202 2480 272 2537 Puto
294 2496 378 2555 posse
399 2490 428 2537 et
450 2479 558 2554 quidem
580 2479 697 2554 aliquem
720 2488 747 2536 te
769 2480 856 2537 tribus
879 2480 971 2538 nobis:
995 2483 1042 2539 sed

83 2580 178 2639 perge,
195 2575 225 2621 ut
240 2581 379 2640 coeperas.

145 2665 198 2722 Vll.
224 2661 268 2722 lo.
296 2666 337 2722 M.
367 2663 525 2732 Quaesitum
546 2664 630 2736 igitur
651 2661 683 2716 ab
705 2661 758 2716 illis
781 2671 838 2732 est,
868 2659 1042 2740 placeretlne)

84 2765 168 2803 unum
182 2749 333 2806 luciditate
348 2764 408 2805 esse
423 2748 612 2822 magistratum
615 2789 627 2835 p
642 2746 686 2802 cui
700 2743 798 2817 reliqui
814 2753 954 2818 parerent,
971 2747 1044 2818 quod

85 2831 184 2886 errotis
198 2832 305 2906 regibus
319 2833 452 2907 intellego
468 2831 603 2906 placuisse
618 2829 719 2887 nostris
734 2827 897 2899 maioribus;
914 2828 961 2885 sed
977 2847 1044 2904 quo·

83 2916 155 2972 niam
178 2914 267 2989 regale
288 2918 406 2973 ciuitatis
422 2933 520 2992 genus,
542 2914 686 2990 probatum
702 2913 848 2988 quondam,
871 2922 966 2989 postea
989 2932 1044 2973 non

81 3009 135 3055 tam
156 3002 233 3073 regui
256 3017 345 3074 quam
358 3003 432 3075 regis
455 3001 528 3057 uitiis
543 3000 715 3074 repudiatum
736 3008 794 3070 est,
816 3015 916 3056 nomen
939 3007 1042 3057 tantum

82 3082 221 3139 uidebitur
235 3085 309 3156 regis
324 3085 504 3158 repudiatum,
520 3101 564 3141 res
578 3084 706 3157 mauebit,
721 3084 744 3141 si
759 3101 829 3141 unus
841 3084 966 3140 omnihus
981 3085 1044 3142 reli·

82 3170 143 3242 quis
158 3165 361 3240 magistratibus
375 3168 525 3242 imperabit.
557 3164 600 3225 16.
620 3184 673 3241 qua
693 3185 723 3225 re
738 3185 789 3224 nee
802 3169 899 3243 ephori
912 3167 1044 3225 lacedae-

82 3267 162 3309 mone
183 3252 243 3307 sine
262 3266 342 3307 causa
356 3269 372 3309 a
386 3253 562 3327 Theopompo
578 3251 825 3326 oppositi-regibus
841 3268 891 3308 uec
906 3252 977 3325 apud
992 3268 1043 3308 nos

81 3333 241 3393 oonsulibus
257 3333 368 3392 tribuni.
399 3353 459 3393 nam
474 3335 541 3392 illud
557 3336 664 3410 quidem
680 3338 780 3410 ipsum,
796 3336 869 3410 quod
884 3337 912 3391 in
927 3337 984 3392 lure
995 3352 1044 3409 po·

80 3421 163 3476 situm
186 3426 239 3490 est,
260 3417 341 3476 habet
361 3419 467 3492 consul,
487 3428 519 3476 ut
533 3422 558 3476 ei
573 3422 671 3494 reliqui
688 3421 861 3493 magistratus
885 3435 976 3475 omnes
998 3435 1043 3492 pa·

79 3511 168 3575 ream,
192 3512 306 3576 excepto
328 3502 447 3568 tribuno,
470 3505 517 3577 qui
539 3513 603 3578 post
625 3505 723 3574 extitit,
746 3520 781 3559 ue
802 3504 840 3575 id,
864 3502 936 3575 quod
952 3502 1043 3570 luerit,

79 3595 165 3644 esset.
202 3586 254 3642 hoc
275 3588 345 3643 enim
366 3589 481 3661 primum
502 3588 599 3643 minuit
613 3588 756 3644 consulare
770 3588 830 3658 iun,
853 3585 927 3659 quod
943 3584 1045 3641 exstitit

79 3672 156 3745 ipse,
179 3670 226 3743 qui
240 3685 274 3724 eo
290 3686 344 3726 non
359 3677 511 3742 teneretur,
532 3670 629 3727 deiude
644 3672 717 3745 quod
733 3670 825 3727 attulit
840 3668 968 3724 auritium
983 3665 1044 3722 rell·

78 3800 287 3811 ......--——--·

156 3865 177 3932 ¹)
193 3867 222 3915 ub
237 3866 298 3915 hanc
311 3867 398 3916 lanitia
413 3866 469 3915 AB
481 3867 510 3915 ab
525 3867 568 3916 hac
583 3867 669 3916 lanitia
685 3865 742 3916 edd.
