2378 4386
158 544 202 604 80
499 543 527 587 it.
546 552 656 588 rrnmva
674 550 775 586 menno.

158 683 210 737 trta
231 686 311 734 sunt:
331 685 362 733 ut
382 676 469 746 adsit;
490 693 551 733 nam
567 677 728 750 grauitatem
743 693 788 733 res
803 676 898 748 habet,
915 694 976 734 eum
993 677 1124 751 frequens

159 761 227 818 ordo
243 769 301 829 est3
324 767 356 815 ut
375 759 437 816 ioco
459 759 541 831 dicat,
557 758 583 815 id
599 768 642 815 est
656 768 789 833 rogatus3
810 768 843 816 ut
856 760 948 830 modo,
964 776 998 816 ne
1013 763 1049 816 sit
1063 760 1123 817 infi-

157 845 248 913 nitus;
271 860 333 899 nam
356 842 475 899 breuitas
497 859 552 900 non
573 844 655 899 modo
670 845 822 916 senatoris,
843 843 891 900 sed
912 847 992 899 etiam
1008 848 1123 901 oratoris

158 943 256 1001 magne
270 926 329 982 laus
344 935 387 982 est
401 928 429 982 in
445 927 594 984 sententia:
615 942 665 983 nec
686 937 728 984 est
748 943 878 1001 umquam
897 926 979 1001 longa
1000 929 1123 984 oratione

159 1010 299 1081 utendum,
322 1012 374 1066 nisi
390 1018 437 1066 aut
451 1018 579 1085 peccante
594 1018 698 1080 senatu,
721 1012 793 1084 quod
815 1010 846 1066 iit
861 1009 1006 1067 ambitione
1021 1014 1123 1085 saepis·

158 1094 245 1165 simo,
262 1093 338 1150 nullo
354 1095 515 1167 magistratu
530 1094 674 1150 adiuuante
689 1093 750 1150 tolli
766 1095 835 1151 diem
851 1093 917 1150 utile
932 1102 986 1165 est,
1001 1104 1048 1150 aut
1063 1111 1123 1150 cum

159 1185 234 1234 tanta
255 1193 336 1233 causa
357 1185 399 1232 est
405 1219 414 1252 ,
437 1186 468 1233 ut
490 1193 559 1250 opus
575 1178 611 1234 sit
627 1179 743 1234 oratoris
759 1179 837 1251 eopia
852 1177 897 1233 uel
912 1178 1123 1234 adhortandum

159 1260 204 1318 uel
220 1261 253 1317 ad
268 1260 436 1330 docendom3
453 1277 569 1334 quorum
586 1276 717 1334 generum
735 1264 763 1317 in
773 1271 891 1335 utroque
901 1277 1015 1334 magnus
1028 1271 1124 1318 noster

158 1344 224 1402 Cato
240 1354 292 1405 est.
322 1341 368 1401 41.
391 1344 518 1417 quodque
534 1339 681 1419 addit(ur)¹
702 1362 823 1401 causas
842 1344 965 1419 popuii
987 1354 1123 1415 teneto,

159 1436 202 1486 est
217 1430 337 1485 senatori
357 1430 538 1484 necessarium
554 1444 636 1484 nosse
650 1444 708 1485 rem
722 1428 864 1503 publicam,
880 1429 961 1502 idque
973 1429 1025 1485 iate
1036 1438 1122 1502 patet,

160 1513 225 1586 quid
241 1511 337 1568 babeat
352 1511 483 1582 militum,
504 1512 569 1584 quid
583 1513 675 1570 ualeat
688 1515 808 1584 aerario,
826 1529 896 1586 quos
910 1515 999 1569 socios
1015 1529 1059 1569 res
1074 1529 1124 1586 pu·

159 1596 228 1652 blica
244 1595 350 1666 babeat,
366 1611 436 1668 quos
451 1596 569 1666 amicos,
585 1613 654 1671 quos
670 1597 871 1671 stipendiarios,
889 1612 941 1671 qua
957 1597 1073 1670 quisque
1088 1597 1124 1652 sit

159 1680 232 1751 lege,
253 1678 422 1750 condicione,
442 1679 570 1749 foedere;
592 1690 686 1737 tenere
706 1681 931 1738 consuetudinem
952 1680 1121 1750 decernendi,

159 1778 242 1819 nosse
264 1762 385 1837 exempla
406 1764 546 1819 maiorum.
576 1764 676 1819 uidetis
697 1766 747 1820 iam
767 1781 855 1838 genus
875 1765 928 1820 hoc
943 1780 1022 1820 omne
1038 1767 1124 1821 scien·

160 1848 223 1911 tiae.
241 1846 405 1919 dtiigentiae,
423 1847 585 1917 memoriae,
600 1849 659 1902 sine
670 1863 725 1920 quo
736 1856 846 1920 paratus
856 1864 915 1904 esse
926 1857 1037 1903 senator
1047 1848 1124 1904 nullo

159 1939 239 2004 pacto
254 1937 354 2002 potest.

225 2009 275 2071 42.
300 2013 429 2087 Deinceps
445 2020 510 2068 sunt
524 2029 585 2070 cum
597 2013 701 2087 populo
712 2015 843 2082 actiones,
858 2015 885 2069 in
899 2013 997 2085 quibus
1008 2016 1124 2086 primum

160 2105 189 2155 et
203 2098 348 2154 maximum
363 2099 415 2153 uis
433 2096 559 2157 abesto.
589 2097 656 2153 nihii
672 2104 714 2153 est
732 2098 803 2152 enim
816 2098 955 2153 exitiosius
968 2098 1123 2154 ciuitatibus

161 2181 228 2239 nibil
243 2190 298 2238 tam
313 2183 479 2237 contrarium
498 2182 551 2236 iuri
567 2189 594 2236 et
607 2180 730 2254 legibus,
750 2181 817 2236 nibil
838 2183 926 2236 minus
947 2189 975 2236 et
989 2181 1068 2237 ciuile
1083 2175 1125 2237 et²

161 2265 307 2321 humanum
328 2281 408 2337 quam
429 2266 580 2338 composita
602 2274 630 2320 et
650 2265 799 2321 constituta
814 2281 843 2320 re
858 2264 967 2338 publica
981 2265 1124 2337 quicquam

161 2350 205 2421 agi
220 2365 270 2421 per
285 2349 348 2404 uim.
379 2341 480 2421 (dein)³
499 2350 588 2422 pareri
609 2343 759 2422 iubet(ur]⁴
780 2349 965 2420 intercessori,
987 2365 1041 2421 quo
1058 2349 1124 2405 nihil

161 2433 362 2504 praestantius;
383 2431 498 2505 inpediri
519 2434 590 2489 enim
609 2430 707 2488 bonnm
730 2449 786 2489 rem
807 2431 903 2488 meiius
919 2449 998 2507 quam
1014 2432 1124 2489 concedi

161 2514 257 2572 malae.
287 2513 353 2572 XIX.
375 2515 447 2590 quod
464 2532 530 2572 uero
551 2517 650 2572 actoris
665 2514 746 2573 iubeo
762 2532 822 2572 esse
837 2517 972 2588 fraudem,
994 2516 1021 2571 id
1036 2523 1124 2571 totum

162 2598 217 2655 dixi
232 2615 265 2655 ex
280 2598 379 2671 Crassi,
394 2601 584 2674 sapientissimi
599 2599 725 2673 hominis,
738 2602 886 2657 sententia:
903 2617 982 2674 quem
995 2608 1038 2655 est
1049 2616 1124 2656 sena·

163 2693 207 2739 tus
223 2692 343 2756 secutus,
360 2700 421 2739 oum
437 2684 605 2741 decreuisset
619 2682 647 2741 C.
664 2683 774 2741 Claudio
791 2685 902 2742 consule
915 2685 949 2740 de
964 2685 1011 2739 Cn.
1027 2682 1124 2739 Carbo·

161 2769 204 2823 nis
219 2768 355 2824 seditione
367 2768 515 2838 referente,
530 2768 617 2823 inuito
629 2783 673 2839 eo,
690 2771 807 2841 quicum
819 2769 921 2843 populo
932 2775 1038 2841 ageret,
1055 2768 1125 2824 sedi·

162 2852 264 2907 tionem
280 2867 336 2906 non
350 2867 432 2922 posse
447 2849 519 2912 fieri,
542 2853 641 2924 quippe
657 2853 700 2908 cui
715 2852 793 2908 liceat
808 2853 968 2924 concilium,
990 2851 1071 2907 simul
1086 2857 1125 2907 at·

163 2949 217 3006 que
231 2936 412 2988 intercessum
427 2932 585 3007 turbatique
601 2944 728 3009 coeptum
744 2938 796 3007 sit,
818 2935 961 2991 dimittere.
991 2934 1063 3006 quod
1079 2936 1124 3004 qui

162 3022 314 3090 permonet,
331 3031 390 3071 oum
404 3018 447 3090 agi
460 3017 527 3072 nihil
537 3028 641 3092 potest,
657 3020 711 3074 uim
724 3021 840 3092 quaerit,
856 3021 933 3074 cuius
944 3017 1124 3090 inpunitatem

164 3100 263 3154 amittit
283 3097 333 3155 hac
348 3098 418 3172 lege.
448 3098 496 3159 43.
517 3104 642 3174 sequitur
662 3103 729 3159 iliud
749 3105 973 3158 intercessor
992 3100 1043 3154 rei
1058 3115 1124 3153 ma-

162 3182 216 3238 lae
238 3182 411 3239 salutaris
434 3186 524 3241 ciuis
545 3195 633 3242 esto.
665 3188 725 3259 quis
740 3185 932 3242 nonstudiose
947 3184 987 3239 rei
1002 3181 1125 3256 publicae

164 3265 323 3322 subuenerit
336 3267 387 3323 hae
400 3276 454 3323 tam
470 3269 607 3342 praeclara
622 3269 690 3341 legis
706 3285 775 3324 uoce
788 3267 931 3324 laudatus?

227 3349 298 3405 Sunt
312 3351 409 3407 deinde
425 3355 514 3426 posita
529 3352 667 3427 deinceps,
682 3369 749 3426 quae
763 3351 890 3408 babemus
903 3351 983 3406 etiam
992 3351 1019 3405 in
1036 3348 1125 3424 publi·

163 3434 201 3490 eis
218 3435 348 3490 institutis
371 3444 452 3508 atque
473 3437 592 3510 legibus:
615 3437 777 3510 auspicia
798 3443 980 3506 seruanto,
1003 3436 1124 3506 auguri

162 3527 318 3591 parento.
348 3528 391 3576 est
412 3530 501 3576 autern
519 3519 585 3576 boni
605 3522 716 3593 auguris
731 3519 893 3589 meminisse,
916 3510 983 3591 (εε)ὕ
1006 3518 1125 3572 maximis

162 3604 203 3658 rei
224 3603 348 3677 publicae
369 3603 536 3677 temporibus
556 3610 667 3678 praesto
689 3618 749 3658 esse
769 3601 868 3657 debere
886 3600 1000 3674 Iouique
1020 3604 1124 3675 optimo

237 3798 256 3864 ¹)
272 3801 338 3848 addit
352 3798 409 3848 AB
420 3799 478 3849 edd.
510 3794 530 3863 1)
545 3806 582 3847 est
596 3799 636 3848 ed.
657 3798 688 3848 V.
703 3799 880 3861 superscripto
895 3798 952 3848 etA
982 3795 1002 3863 ⁸)
1016 3800 1126 3849 Addidi,

163 3866 185 3934 ⁴)
199 3884 282 3933 perere
298 3871 363 3919 iubet
376 3868 431 3918 AB
443 3869 500 3919 edd.
531 3865 552 3932 ⁸)
567 3869 674 3919 Addidi.
