2378 4386
484 547 512 582 Ι.
530 543 669 580 Auutsutvs
687 543 778 581 mnu.

399 715 441 780 M.
465 710 695 814 anuisuivs
717 711 862 778 nanno

498 818 565 885 (vixit
578 819 623 868 sul>
637 819 760 884 Augusto).

449 918 490 974 lie
512 920 587 974 iure
609 918 808 991 pontificio.

209 1027 233 1087 l.
259 1025 441 1083 ‘Proculiunt’
456 1029 619 1101 promittunt
634 1028 671 1082 ait
685 1025 837 1100 significare
852 1029 987 1084 Antistius
1003 1028 1036 1085 de
1051 1031 1110 1086 iuro

146 1111 296 1187 pontificali
311 1110 330 1166 Ι.
348 1110 422 1167 Vllll.
437 1141 479 1151 -
494 1109 566 1167 Fest.
583 1128 608 1168 v.
624 1109 783 1167 Procullunt
797 1129 824 1185 p.
843 1110 915 1170 253.

210 1194 239 1253 2.
263 1195 407 1269 ‘Spurcum
429 1196 522 1251 uinum
544 1204 595 1265 est,
616 1194 689 1267 quod
711 1198 794 1251 sacris
815 1195 935 1253 adhiberi
952 1213 1006 1252 non
1021 1196 1108 1267 lieet,

148 1287 178 1336 ut
200 1281 237 1336 ait
252 1278 339 1336 Labeo
356 1280 488 1335 Antistius
509 1279 527 1335 Ι.
543 1278 574 1333 Χ.
595 1281 780 1335 commentarii
800 1278 866 1336 iuris
886 1271 1036 1354 pontificiiJ
1054 1277 1108 1336 ‘oui

151 1381 219 1438 aqua
235 1364 350 1420 admixta
366 1371 418 1433 est,
433 1362 607 1419 defrutumue
622 1371 667 1419 sut
681 1365 745 1436 igue
762 1372 861 1419 tactum
876 1372 929 1435 ost,
944 1373 1159 1434 mustumuepao]

147 1458 288 1522 antequam
304 1446 496 1507 deleruesoat’.
512 1477 553 1488 —-
569 1444 641 1503 Fest.
657 1464 681 1502 v.
696 1448 830 1520 Spurcum
845 1464 872 1521 p.
890 1447 961 1505 348.

210 1529 241 1590 3.
263 1530 345 1587 ‘Pron
370 1529 440 1586 bono
466 1547 531 1602 uox,
559 1531 613 1586 'uel
632 1539 663 1586 ut
683 1531 805 1604 quidam,
832 1531 917 1604 proba
937 1525 1106 1604 signiiloaro¹

147 1613 281 1684 uidetur'‚
306 1621 338 1670 ut
362 1615 399 1669 ait
414 1612 502 1670 Labeo
528 1615 561 1671 de
587 1617 645 1671 iure
665 1614 806 1689 pontificio
828 1615 846 1671 l.
869 1615 912 1671 xl.
927 1643 969 1654 -
984 1614 1056 1676 Fest.
1078 1631 1104 1669 v.

147 1698 218 1755 Pron
234 1716 261 1772 p.
277 1696 349 1754 253.

210 1782 240 1840 4.
263 1780 365 1837 Sistoro
385 1780 443 1836 iana
464 1797 526 1837 oum
546 1783 574 1837 in
595 1779 661 1836 urbe
684 1780 824 1837 condenda
839 1781 954 1851 dicitur,
974 1780 1109 1855 significat

147 1867 204 1923 loco
221 1868 247 1922 in
264 1864 364 1940 oppido
379 1863 534 1920 futurorum
555 1864 679 1919 sanorum
695 1866 871 1919 constituere.
902 1859 1109 1938 quum(quam)²

63 1986 70 1999 ·
148 1951 279 2006 Antistius
299 1947 388 2003 Labeo
409 1949 492 2003 alliu
514 1949 706 2002 commentario
729 1946 781 2001 llll.
804 1948 869 2002 luris
886 1945 1027 2019 pontificii,
1048 1949 1108 2005 lana

147 2035 245 2105 siptere
265 2048 324 2087 esse
346 2031 512 2089 lectisternia
527 2032 608 2086 certis
623 2030 691 2087 locis
707 2038 734 2085 et
749 2030 800 2084 diis
815 2028 923 2087 habero.
939 2059 980 2069 —
995 2031 1068 2088 lost.
1082 2050 1107 2086 v.

147 2116 248 2172 sistere
262 2133 289 2189 p.
303 2114 374 2175 351.

209 2196 237 2256 5.
262 2192 411 2271 ³Subigere
438 2199 548 2253 arietem
575 2200 602 2253 in
625 2196 718 2253 eodem
742 2195 811 2252 libro
834 2196 967 2252 Antistius
989 2213 1050 2253 osse
1072 2201 1108 2255 ait

147 2283 211 2339 dare
232 2285 358 2348 arietem,
380 2283 425 2355 qul
447 2298 497 2354 pro
512 2298 542 2337 so
557 2289 668 2355 agutur,
688 2280 825 2338 caedatur.
846 2309 880 2320 —
898 2280 971 2336 Fest.
989 2299 1013 2339 v.
1030 2280 1107 2338 Subi·

146 2382 211 2439 gere
226 2383 254 2439 p.
271 2365 342 2422 351.

207 2444 237 2506 6.
260 2447 348 2505 Labeo
359 2451 526 2523 sexagesimo
538 2457 566 2505 et
578 2458 675 2505 octauo
688 2443 777 2504 libro⁴
792 2447 894 2520 intulit,
906 2449 957 2504 nisi
969 2447 1106 2522 Neptuno,

146 2532 262 2608 Apollini
284 2539 311 2588 et
332 2531 408 2590 llurti
430 2542 535 2590 taurum
557 2549 613 2590 non
632 2532 775 2589 immolari.
796 2561 836 2572 -
860 2532 976 2589 lluorob.
995 2533 1052 2589 Sul.
1075 2533 1105 2607 3,

146 2617 195 2678 10.
213 2613 242 2691 s.
257 2616 287 2673 4.

339 2733 381 2791 Ex
403 2734 526 2792 iisdem
549 2734 668 2809 libris,
691 2742 728 2788 ut
750 2727 920 2790 videtur.⁶

208 2840 235 2899 7.
258 2838 478 2916 Ρ(ν)οιίηιειίιιω
502 2859 560 2898 osse
579 2844 615 2896 ait
632 2843 763 2898 Antistius
778 2842 873 2898 labeo
888 2846 918 2898 ia
938 2845 1012 2900 l...
1034 2845 1107 2900 iaris

46 2925 49 2929 ’
144 2924 311 2998 pontificalis
326 2927 487 2998 pomerium,
507 2925 534 2979 id
550 2931 591 2980 est
606 2925 699 2981 locam
713 2942 769 2997 pro
785 2944 876 2997 muro,
896 2930 946 2999 pai
959 2931 1106 2998 auspicato

219 3082 240 3151 ¹)
254 3084 357 3151 Scripsi
360 3103 371 3143 ,-
385 3087 449 3134 uelut
459 3087 554 3149 quidam
565 3089 756 3150 praesignificare
767 3089 825 3138 edd.
850 3089 889 3151 Cf.
903 3089 979 3138 Paul.
994 3104 1017 3136 o.
1024 3103 1104 3151 pron.

148 3155 313 3223 ¹)Supplevi.
350 3152 370 3220 ⁸)
387 3155 425 3218 Cf.
439 3171 520 3220 supra
535 3157 566 3206 L.
584 3158 698 3207 Cincium
713 3171 746 3209 ιο.
786 3156 807 3224 ⁴)
823 3159 866 3207 Aa
880 3160 948 3207 iuris
960 3160 1107 3222 pontificii?

146 3245 180 3278 aa
195 3227 309 3278 omnibus
323 3229 378 3277 eius
393 3225 467 3276 tibris
482 3230 630 3286 uolneratis,
649 3244 712 3292 quoe
726 3229 930 3294 quadrinpentos
940 3229 1023 3291 fuisse
1038 3228 1070 3276 L.
1085 3243 1105 3280 2.

146 3302 169 3362 ξ.
184 3311 219 3350 tt.
239 3299 271 3347 D.
286 3300 317 3348 de
332 3300 398 3362 arip.
414 3299 464 3345 tur.
481 3311 500 3359 1,
515 3310 535 3348 s.
556 3306 665 3347 testatur
678 3306 703 3348 et
717 3301 743 3348 in
759 3299 850 3363 quibus
867 3300 944 3348 etiam
958 3296 1020 3346 libri
1039 3299 1107 3347 iuris

144 3371 273 3434 pontificii
286 3371 342 3418 siae
355 3365 433 3416 dubio
447 3367 541 3433 dipesti
558 3371 650 3418 eram?
663 3369 712 3434 (Cf
732 3369 764 3417 L.
779 3381 799 3419 t.
814 3371 838 3431 ξ.
851 3381 886 3419 44.
901 3365 946 3432 t'b.)
972 3366 1107 3417 Posterius

146 3441 232 3488 malim
246 3440 404 3487 existimare.
439 3435 459 3502 ⁶)
474 3437 505 3487 In
513 3439 554 3488 llis
562 3439 705 3489 Labeonem
715 3446 829 3489 nostram
839 3441 914 3489 etiam
924 3438 956 3487 de
965 3439 1106 3502 diisepisse

146 3516 171 3558 et
181 3523 231 3572 per
245 3523 272 3557 oe
287 3508 425 3557 uerisimile
439 3515 476 3557 eet
490 3515 515 3557 et
529 3517 632 3559 constat
646 3525 681 3558 ex
692 3510 729 3572 fr.
741 3520 774 3561 15.
785 3521 818 3560 to.
843 3509 963 3558 Atellam
972 3508 1107 3557 Cornelias

146 3578 249 3643 puidam
257 3577 1105 3644 Labeobocarpumentumtleolopieapotius,utot'detar,ratione,

146 3647 320 3711 compluribus
330 3647 404 3698 libris
413 3657 538 3698 enecatus
551 3657 616 3710 erat,
631 3650 663 3698 de
676 3648 768 3714 quibua
781 3650 833 3699 vid.
848 3647 964 3699 Moorob.
975 3646 1029 3697 Sat.
1041 3659 1061 3709 1,
1073 3659 1105 3696 ns.

147 3730 180 3770 lu.
193 3730 226 3770 18,
240 3729 261 3779 t,
275 3730 296 3768 t.
325 3717 361 3767 Et
373 3718 416 3768 tio
430 3720 531 3782 quidem
544 3720 613 3769 buno
623 3719 767 3770 Labeonem
781 3721 870 3770 addito
880 3719 993 3769 Cornelii
1007 3719 1106 3768 nomine

147 3788 239 3853 ubique
253 3805 269 3838 a
284 3797 372 3839 nostro
386 3796 509 3839 accurate
523 3791 656 3839 discernit.
689 3790 759 3839 Attis
772 3806 833 3841 vero
848 3792 906 3839 item
916 3787 1107 3853 posterioribus

145 3861 249 3924 saepiae
263 3859 350 3910 Labeo
364 3860 516 3922 simpliciter
530 3861 654 3910 laudatur
666 3863 850 3910 sententiarum
863 3868 965 3921 auctor,
975 3875 1041 3925 quae
1050 3861 1107 3923 ple-
