2378 4386
225 540 286 576 aros.
305 539 338 576 se
354 538 415 574 sou.
434 537 525 574 asevis
544 535 650 574 cosnec
670 517 744 574 viil.
766 525 842 572 1-4.
945 517 1007 585 673

486 750 582 787 lucrm

253 830 324 914 (rin
341 832 416 910 rrrr.)
445 851 487 892 ou
502 850 600 895 sasso
615 849 816 894 resauciare.

123 949 188 1024 Kap.
210 947 231 1004 l.
276 946 409 1019 Moyses
432 937 556 1002 dicit:¹
600 942 625 1002 1.
641 943 667 1000 Si
682 945 789 1001 steterit
803 946 880 1001 testis
896 946 1010 1001 iniustus

60 1033 189 1090 aduersus
220 1031 354 1088 hominem
385 1026 577 1093 accusandum,
609 1043 736 1084 accusans
765 1043 825 1084 eum
855 1029 1010 1102 impietatis,

59 1113 88 1174 2.
112 1116 221 1173 stabunt
242 1114 297 1170 duo
319 1114 449 1182 lrornlnes¹
473 1110 571 1185 quibus
586 1119 628 1166 est
647 1112 762 1167 inuicem
778 1114 925 1182 contentio,
950 1121 1011 1169 ante

61 1201 150 1270 deum,
172 1211 200 1257 et
218 1205 279 1254 ante
301 1195 466 1266 sacerdotes,
490 1203 516 1250 et
531 1202 591 1249 anto
608 1193 719 1264 iudices,
742 1196 894 1267 quicunque
911 1195 1011 1251 luerint

61 1286 87 1339 ln
110 1284 162 1339 illis
185 1281 287 1338 diebus.
334 1276 363 1337 3.
387 1278 451 1334 Cum
473 1277 644 1351 inquisieriut
673 1276 773 1333 iudices
797 1278 955 1350 diligenter,
984 1287 1011 1334 et

30 1365 32 1370 ’
61 1369 187 1423 inuentus
203 1365 284 1420 luerit
298 1365 373 1420 testis
389 1363 516 1430 iniustus,
540 1358 685 1417 testificans
704 1361 813 1431 iniusta,
838 1362 1010 1433 insurgentes

62 1451 191 1506 aduersus
214 1464 291 1518 euni,
334 1445 362 1501 4.
388 1444 490 1501 iacietis
513 1447 550 1510 ei,
578 1445 648 1500 sicut
677 1442 763 1499 uoluit
785 1443 955 1500 malefacere:
984 1453 1012 1501 et

62 1533 184 1587 delebitis
208 1530 306 1585 malum
328 1530 361 1584 de
383 1528 472 1584 medio
495 1532 630 1585 uestrum:
666 1524 694 1582 d.
718 1536 745 1583 et
767 1529 851 1585 ceteri
873 1527 1011 1584 audientes

63 1614 204 1684 timebunt,
220 1628 269 1669 nec
283 1612 417 1669 audebunt
433 1612 498 1669 haec
512 1611 581 1668 mala
596 1611 683 1668 lacere
696 1613 766 1667 inter
780 1628 841 1669 uos.

125 1695 191 1770 Kap.
222 1695 252 1751 ll.
310 1695 435 1752 Paulus
471 1695 562 1752 libro
603 1695 777 1768 singulari
814 1695 851 1752 de
888 1699 1011 1770 poeuis

63 1781 210 1838 omnium
243 1777 356 1855 legum
385 1779 446 1835 sub
480 1779 585 1836 titulo
619 1778 657 1835 ad
690 1779 799 1853 legem
827 1779 943 1836 luliarn
974 1780 1012 1838 de

63 1863 264 1921 adulteriis.
308 1861 332 1923 1.
355 1861 405 1930 Qui
428 1861 524 1919 laisum
547 1864 730 1920 testimonium
752 1858 873 1937 eliserit,²
900 1864 1012 1938 proinde

63 1948 214 2017 tenebitur,
237 1964 268 2004 ec
283 1949 305 2002 sl
321 1946 380 2018 lege
395 1946 516 2003 Cornelia
537 1948 737 2004 testamentaria
756 1947 895 2004 damnatus
916 1941 1012 2006 esset⁸

126 2031 192 2107 Kap.
208 2030 249 2093 lli,
279 2029 403 2087 Paulos
426 2028 515 2086 libro
538 2033 789 2088 sententiarum
810 2034 931 2104 quinto
952 2031 1011 2088 suh

64 2116 171 2174 titulo
194 2115 233 2171 de
257 2113 405 2170 testibus
427 2113 517 2170 etde
539 2107 833 2189 quaestionibus.⁴
858 2115 881 2174 l.
898 2114 942 2187 itt,
958 2113 1011 2191 qul’

64 2200 132 2256 laiso
147 2199 206 2271 (oet
222 2195 313 2273 uarie)
331 2198 373 2256 uel
390 2191 513 2270 ollique⁵
529 2199 680 2255 testimonia
695 2199 831 2271 (linerent,
846 2199 890 2256 uel
905 2201 1012 2274 utrique

64 2284 134 2357 porti
156 2275 358 2356 prodiderunt?
380 2292 426 2338 aut
448 2283 474 2336 in
497 2282 603 2338 erilium
625 2291 755 2356 aguntur,
782 2291 827 2340 aut
848 2285 877 2341 in
898 2284 1012 2341 insulana

63 2367 227 2440 relegantur,
244 2374 291 2423 aut
305 2367 378 2422 curia
392 2365 600 2425 submouentur.

126 2449 192 2524 llap.
215 2450 257 2508 lV.
302 2449 387 2505 item
416 2444 575 2526 '(eodem)
599 2448 688 2506 libro
710 2443 788 2528 (rob
810 2445 950 2524 tituto)⁷
974 2451 1012 2508 ad

63 2535 173 2608 legem
196 2532 386 2590 Corneliam
408 2532 446 2589 de
469 2534 606 2590 sicariis
629 2541 661 2589 et
683 2527 881 2591 uenelicls.8
918 2532 942 2590 1.
960 2534 1013 2591 Lex

63 2617 186 2674 Cornelia
202 2634 315 2692 poenam
330 2617 522 2690 deportationis
543 2613 641 2690 lulligit
656 2617 695 2686 el,
719 2619 764 2690 qui
786 2617 921 2674 hominem
944 2619 1013 2673 occl-

65 2701 143 2773 derlt‚
168 2703 261 2758 eiusne
275 2703 314 2758 rel
330 2717 410 2758 causa
425 2701 525 2756 furtiue
540 2699 654 2755 faciendi
669 2715 729 2756 curn
746 2699 800 2756 telo
818 2700 909 2773 luerit,
932 2701 1013 2775 quiue

64 2800 199 2841 uenenum
214 2785 327 2841 hominis
343 2784 454 2842 necandi
470 2800 548 2841 causa
562 2782 693 2850 imbuerit,
717 2783 880 2855 uendirlerlt,
904 2799 1013 2858 paraue-

64 2870 111 2938 rit‚
127 2867 257 2925 lalsumue
273 2870 456 2926 testimonium
471 2867 576 2935 dixerit,
599 2884 653 2941 quo
669 2869 728 2940 quis
745 2869 861 2940 periret,
882 2867 1013 2925 mortisue

64 2968 171 3008 causam
194 2955 365 3026 praestiterit.
409 2950 439 3010 2.
463 2949 535 3019 Quae
551 2953 637 3008 omnia
654 2951 772 3007 facinora
794 2953 821 3007 in
843 2951 1013 3008 honestiores

64 3053 150 3110 poena
167 3037 260 3112 capitis
276 3038 403 3094 uindicari
419 3036 531 3109 placuit:
556 3035 710 3092 lruuriliores
727 3050 792 3092 uero
808 3042 854 3090 aut
869 3037 894 3091 ln
907 3051 1013 3092 crucem

64 3121 213 3190 tolluntur,
228 3128 274 3176 eut
289 3120 381 3177 bestiis
396 3120 568 3181 obiiciuntuc.

138 3314 471 3382 ¹)Deuteron.1u,16-2o.
522 3312 599 3381 ²)Sc.
615 3317 642 3364 in
657 3315 882 3366 cooooodulterr'i.
938 3311 1013 3381 ΜΓ.

65 3387 140 3437 Poot.
155 3400 177 3447 r,
192 3400 212 3439 r.
227 3390 251 3450 §-
266 3400 286 3438 1.
301 3386 332 3435 L.
347 3397 381 3437 ss.
401 3385 433 3434 D.
448 3386 480 3435 rte
494 3389 510 3435 t.
528 3386 602 3436 Coro.
617 3385 661 3449 (re,
673 3386 716 3450 ro).
768 3385 789 3450 ⁴)
804 3385 852 3436 Est
863 3388 937 3437 Poot.
948 3397 968 3448 5,
980 3399 1012 3439 rs.

64 3459 88 3518 5.
104 3468 123 3507 5.
139 3479 172 3500 ==
187 3459 218 3506 L.
234 3471 266 3509 ro.
291 3456 323 3505 Ι).
343 3457 374 3506 de
393 3455 474 3504 testib.
489 3454 537 3518 (aa,
557 3455 587 3520 o).
662 3453 682 3519 15)
697 3456 781 3506 laisum
800 3457 837 3505 uel
857 3459 934 3522 eliqua
951 3458 1013 3508 Cdd.

65 3526 123 3576 lelso
138 3528 176 3577 uel
191 3529 256 3578 uarie
272 3528 347 3577 Paul.
368 3525 422 3574 Vis.
433 3525 492 3590 nep.
504 3525 542 3574 ed.
553 3524 594 3573 Bl.
610 3525 704 3590 obliqua
719 3529 751 3589 ej.
769 3527 836 3575 Pitli.
852 3536 935 3584 recte,·
950 3543 1014 3591 quoe

63 3605 131 3661 aunt,
146 3614 196 3648 non
211 3590 299 3661 aperte
312 3597 358 3646 ced
372 3595 471 3660 oblique
485 3597 654 3644 vulnerantis.
678 3594 747 3646 Soet.
760 3596 830 3646 Dom.
841 3608 861 3646 a.
886 3597 965 3646 Tacit.
981 3599 1013 3647 A.

65 3680 98 3727 rt,
114 3681 147 3720 11.
174 3667 353 3729 Quintil.9,a.
374 3667 413 3728 ἐξ.
429 3676 509 3716 teat.
537 3662 590 3713 Sed
606 3666 703 3728 scripsi
724 3665 825 3730 oblique.
900 3664 1014 3731 ⁰)Ante·

64 3754 139 3801 quom
154 3740 181 3786 in
200 3739 298 3788 iudicio
312 3738 436 3786 dicerent.
470 3734 528 3783 Vol.
543 3733 641 3783 Setun.
656 3735 692 3783 ad
706 3736 781 3786 Paul.
797 3739 813 3786 l.
828 3752 850 3786 c.
866 3744 891 3786 et
908 3735 1012 3796 Quintil.

64 3817 115 3939 εὖτ.
124 3809 165 3868 ἓξ.
180 3820 213 3858 re.
223 3819 257 3860 ut.
304 3804 325 3871 τ)
340 3805 380 3855 Bt.
394 3806 492 3869 suppt:
506 3803 566 3853 libro
581 3801 762 3868 (sententiarum
776 3807 857 3868 quinto
871 3806 916 3855 sub
927 3805 1013 3871 titulo).

103 3896 135 3917 ==
155 3875 202 3924 itt.
218 3889 237 3927 1.
252 3893 274 3926 c.
289 3887 310 3926 2.

117 3969 219 4001 cosroes.
233 3970 313 4001 asper.
327 3969 379 4001 nto.
404 3970 442 4000 en.
462 3970 486 4002 v.
766 3961 799 4008 43
