2378 4386
168 521 231 588 508
458 537 524 574 naun
542 537 637 574 rarnrn
655 538 725 573 saar.
744 519 791 573 ΙΙΙ.
812 526 835 574 6.

169 671 262 727 ouium
277 668 368 741 legato
384 668 482 723 arictes
498 668 576 722 etiam
592 669 774 724 continentur.
812 663 860 724 76.
886 660 999 723 ¹duibus
1012 667 1120 743 legatis,

169 768 290 821 anseres,
313 751 445 823 phasiani,
469 750 582 824 gallinae
604 759 631 806 et
654 752 752 806 auiaria
775 750 958 808 debebantur:
983 768 1015 806 an
1032 762 1120 808 autem

168 835 328 910 plrasianarli
357 843 384 889 et
413 843 536 907 pastores
565 848 709 904 anserum,
744 834 892 891 uoluntatis
920 837 1044 909 quaestio
1067 844 1119 894 est.

167 916 212 978 77.
237 912 386 973 ²llulcibus
409 917 517 991 legatis,
539 934 611 991 sapa,
635 918 782 990 defrutum,
805 918 931 991 mulsum,
946 918 1025 975 dulce
1041 921 1120 976 etiam

170 1005 278 1072 uiuum,
302 1001 421 1075 palmae,
444 1003 562 1073 caricae,
586 1018 654 1057 uuae
676 1019 770 1076 passae
792 1001 970 1059 debebantur.
1022 1003 1120 1060 sedin

169 1088 222 1144 lroc
250 1101 359 1160 quoque
390 1085 538 1142 uoluntatis
564 1093 607 1141 est
636 1087 775 1158 quaesti03
803 1079 893 1159 ’quini
920 1097 947 1142 et
975 1088 1002 1142 in
1030 1089 1120 1161 specle

169 1186 312 1246 pomorum
328 1169 518 1243 comprehendi
535 1178 657 1243 possunt.
701 1166 747 1226 att.
772 1163 925 1242 ⁴Frugibus
947 1170 1044 1243 legatis
1067 1179 1120 1228 tam

169 1256 312 1329 legumina,
330 1270 408 1327 quam
424 1253 554 1310 hordeum
570 1264 598 1310 et
614 1255 730 1309 triticum
743 1255 926 1310 continentur.
959 1249 1006 1310 79.
1023 1249 1121 1311 ⁶Veste

170 1340 270 1413 legata,
286 1355 316 1394 ea
331 1337 440 1407 cedunt,
456 1354 524 1411 quae
539 1354 570 1393 er
587 1336 643 1393 lana
659 1347 686 1393 et
701 1337 756 1393 lino
774 1346 845 1393 texta
861 1345 940 1410 sunt;
956 1340 1021 1393 item
1036 1341 1121 1396 serica

170 1433 197 1480 et
213 1422 383 1495 bombycina,
399 1438 467 1495 quae
485 1432 571 1477 tamen
586 1422 722 1490 induendi,
740 1422 887 1494 operiendi,
900 1421 1037 1495 cingendi,
1052 1432 1121 1478 ster·

170 1507 260 1576 nendi,
277 1506 465 1578 inliciendique
481 1522 558 1561 causa
575 1515 665 1578 parata
680 1514 760 1561 sunt:
783 1504 866 1578 pelles
889 1521 998 1578 quoque
1014 1505 1120 1562 induto·

170 1593 224 1647 riae
240 1589 460 1646 continebuntur.
497 1585 548 1644 80.
574 1583 672 1644 “veste
689 1589 758 1644 uirili
774 1588 870 1661 legata,
888 1605 917 1643 ea
935 1589 1119 1645 tantummodo

170 1671 351 1744 debebantur,
374 1690 442 1746 quae
465 1672 496 1727 ad
521 1688 597 1728 usum
621 1671 725 1727 uirilem
748 1672 823 1727 saluo
839 1673 943 1745 pudore
957 1665 1120 1729 'uirilitatis'

170 1759 295 1814 attinent.
327 1757 445 1829 stragula
462 1772 572 1829 quoque
588 1756 651 1811 lruic
665 1756 757 1828 legato
773 1756 883 1814 cedunt.
919 1753 965 1812 81.
982 1750 1120 1813 ⁸ttutiebrt

171 1851 248 1898 ueste
264 1841 364 1914 legata,
380 1842 478 1908 omnia,
497 1855 564 1913 quae
580 1839 610 1894 ad
629 1854 704 1894 usum
721 1839 877 1895 muliebrem
892 1847 1027 1914 spectant,
1043 1840 1121 1896 debe·

172 1925 281 1981 buutur.
324 1922 372 1982 82.
395 1919 484 1978 itam
508 1923 606 1995 legata,
628 1925 686 1978 siue
709 1923 815 1979 succido
838 1925 895 1979 siue
917 1924 972 1980 lota
995 1925 1041 1995 slt,
1064 1925 1122 1980 siue

171 2011 305 2082 pectinata
329 2010 386 2062 siue
409 2006 598 2076 uersicoloria‚
622 2006 711 2079 legato
738 2006 823 2063 cedit:
846 2024 964 2081 purpura
988 2024 1053 2063 uero
1076 2016 1122 2063 aut

171 2101 274 2148 stamen
284 2091 461 2146 subtemenue
470 2089 522 2145 boc
533 2092 640 2145 nomine
651 2106 705 2146 uon
717 2093 899 2147 continentur.
933 2089 983 2149 tta.
996 2084 1121 2147 ¹⁰ilundo

171 2174 295 2230 muliebri
308 2175 409 2247 legato,
422 2190 451 2228 ea
464 2173 574 2242 colunt,
587 2190 634 2246 per
647 2190 714 2246 quae
729 2175 853 2229 mundior
863 2174 959 2230 mulier
970 2175 1121 2246 laetiorque

173 2256 306 2322 eflicitur,
331 2257 406 2311 uelut
421 2257 568 2330 speculum,
586 2257 719 2329 concitae,
735 2258 822 2321 situll,
846 2261 909 2313 item
925 2258 1049 2330 lmxides,
1075 2267 1187 2318 uri-[⁴¹21

172 2349 273 2415 guenta
296 2349 324 2396 et
348 2357 424 2411 uasa,
448 2343 475 2396 in
498 2341 594 2413 quibus
616 2358 646 2398 aa
668 2350 745 2408 sunt;
768 2343 831 2398 item
854 2342 919 2398 sella
942 2342 1073 2398 balnearis
1096 2351 1122 2398 et

171 2433 262 2481 cetera
285 2424 427 2479 eiusmodi.
472 2423 522 2485 84.
549 2419 748 2482 ¹¹Ornamentis
764 2426 875 2498 legatis,
899 2442 928 2481 ea
944 2426 1060 2497 cedunt,
1076 2444 1123 2500 per

173 2525 242 2582 quae
258 2510 378 2565 ornatior
394 2507 510 2566 ellicitur
523 2509 633 2580 mulier,
649 2509 734 2565 ueluti
749 2509 855 2580 annuli,
872 2519 992 2580 catenae,
1007 2511 1122 2581 reticuli,

173 2603 201 2650 et
217 2602 315 2664 cetera,
333 2592 429 2667 quibus
445 2595 515 2651 collo
531 2595 573 2650 uel
591 2596 676 2666 capite
692 2592 735 2649 uel
752 2594 872 2649 manibus
888 2594 1014 2649 mulieres
1027 2611 1122 2650 ornan·

174 2687 227 2734 tur.
269 2676 317 2735 tto.
344 2671 495 2751 ¹²argento
521 2679 626 2752 legato,
655 2693 756 2733 massae
780 2677 964 2733 tantummodo
988 2676 1121 2734 debebun-

173 2755 266 2818 turr¹³
289 2779 350 2818 uasa
374 2765 459 2832 enim,
483 2778 550 2836 quae
573 2762 683 2835 proprio
706 2762 813 2816 nomine
836 2770 1009 2833 separantur,
1032 2762 1120 2835 legato

173 2863 227 2902 non
257 2847 370 2918 cedunt,
399 2849 459 2920 quia
489 2863 538 2902 nec
565 2845 624 2901 lana
651 2845 739 2917 legata
762 2846 922 2900 uestimenta
945 2843 1121 2900 debebantur.

172 2925 221 2987 86.
242 2924 349 2985 ¹⁴l'asis
366 2932 500 3003 argenteis
512 2930 607 3003 legatis
623 2945 652 2984 ea
669 2930 755 2984 omnia
767 2930 951 2998 eontinentur,
964 2945 1032 3001 quae
1048 2945 1122 3002 capa·

246 3094 265 3159 ¹)
281 3096 363 3145 E¹ctet
373 3099 447 3145 etiarn
457 3097 503 3144 aed
512 3103 606 3145 matuta
618 3099 643 3144 in
654 3095 684 3143 L.
696 3107 729 3146 ae.
750 3097 781 3144 D.
792 3097 823 3145 de
833 3099 880 3161 lep.
892 3108 911 3147 3.
960 3092 980 3159 ²)
997 3097 1035 3159 Cf.
1047 3098 1078 3146 L.
1089 3110 1122 3149 ta.

172 3168 195 3229 ᾗ.
212 3180 231 3216 1.
252 3167 283 3214 D.
299 3167 331 3215 de
345 3168 399 3214 trit.
415 3167 473 3215 virro
488 3164 533 3229 (33,
548 3165 578 3226 3).
598 3165 630 3213 L.
645 3176 691 3216 333.
712 3167 743 3216 D.
759 3167 790 3215 de
805 3166 872 3215 verb.
887 3169 953 3232 ripn.
969 3167 1014 3232 (bo,
1030 3167 1073 3234 to).

174 3234 194 3302 ⁵)
210 3235 300 3284 Malim
314 3237 367 3299 quia
383 3235 504 3297 quaedam.
557 3233 578 3299 ⁴)
595 3236 632 3296 Cf.
648 3235 678 3282 L.
690 3246 722 3285 tt.
739 3238 770 3284 D.
785 3238 841 3286 eod.
859 3237 926 3286 Ptin.
938 3237 972 3285 II.
986 3237 1015 3286 N.
1027 3250 1091 3300 te,t,
1102 3249 1123 3290 3.

172 3303 194 3371 ³)
211 3305 249 3367 Cf.
264 3305 295 3353 L.
311 3317 344 3355 33.
370 3307 409 3366 ἐξ.
426 3318 445 3354 3.
460 3317 480 3356 3.
502 3304 533 3352 L.
549 3317 582 3355 33.
598 3316 623 3356 35
634 3320 677 3368 pr.
703 3306 733 3358 I).
753 3307 864 3356 dedero
880 3323 936 3372 erp.
952 3306 1000 3371 (34,
1020 3309 1052 3373 3).

172 3373 193 3440 ⁶)
214 3375 251 3437 Cf.
272 3374 303 3423 L.
323 3385 356 3425 33.
379 3377 401 3436 ξ.
416 3385 436 3427 3.
464 3375 495 3422 D.
515 3376 570 3424 eod.
645 3373 664 3438 7)
685 3376 726 3424 lto
746 3378 807 3427 Cdd.
830 3392 913 3427 omnes
932 3385 1040 3440 praeter
1062 3386 1123 3429 tres.

172 3444 293 3496 omittunt
308 3446 365 3494 edd.
382 3445 414 3494 Α.
431 3452 454 3494 et
469 3445 551 3494 llam.
605 3442 626 3511 8)
643 3446 681 3508 cs.
696 3446 727 3495 L.
743 3458 775 3498 es.
792 3450 814 3508 3.
829 3458 850 3497 r.
866 3451 909 3497 cir.
961 3444 981 3511 9)
998 3448 1036 3511 Gs.
1047 3448 1078 3497 L.
1089 3461 1123 3499 ss.

170 3518 191 3578 5.
207 3528 227 3567 3.
247 3517 279 3563 Ι).
295 3517 326 3565 de
341 3530 406 3564 oraro
422 3531 479 3579 erp.
495 3516 539 3581 (34,
550 3515 572 3580 3)
587 3524 611 3565 et
626 3516 658 3565 L.
669 3527 694 3568 33
704 3533 747 3580 pr.
762 3519 801 3579 §5-
814 3530 881 3568 t-e.
893 3531 926 3568 33.
946 3519 977 3570 D.
989 3519 1021 3567 de
1031 3521 1079 3584 lep.
1094 3532 1124 3578 3.,

170 3586 212 3636 ubi
231 3585 355 3649 Ulpianus
369 3602 385 3635 a
403 3585 496 3635 Paullo
511 3588 636 3638 dissentit.
692 3584 723 3651 ιο)
740 3587 778 3650 Cf.
789 3587 820 3636 L.
831 3598 865 3639 33.
880 3590 904 3650 ξ.
916 3600 948 3638 10.
969 3588 1000 3637 L.
1016 3600 1048 3640 33.
1066 3591 1087 3651 5.
1104 3600 1124 3639 t.

171 3657 203 3706 I).
220 3657 251 3706 de
266 3672 332 3706 auro
347 3673 403 3721 erp.
416 3654 459 3719 (33,
470 3656 500 3722 3).
550 3654 583 3722 ¹¹)
595 3657 632 3719 Cf.
644 3658 675 3706 L.
686 3667 719 3708 33.
735 3659 758 3719 ξ.
771 3668 803 3707 10.
820 3661 862 3707 cit.
912 3655 944 3724 ¹⁷)
956 3659 994 3721 Cf.
1006 3659 1037 3707 L.
1049 3672 1074 3711 rs
1080 3676 1124 3722 pr.

170 3729 211 3790 §3-
225 3740 244 3778 t.
255 3738 289 3777 3ο.
305 3727 336 3776 D.
347 3728 402 3776 eod.
453 3724 483 3792 ¹⁸)
501 3727 559 3777 Nisi
568 3730 622 3776 alia
633 3730 749 3778 voluutas
758 3730 792 3777 ait
802 3726 933 3778 testatoris
942 3727 975 3793 (ἓ.
986 3728 1039 3795 aa).
1050 3745 1125 3794 quam

168 3800 289 3862 plerique
298 3799 356 3861 fere
366 3813 464 3861 semper
474 3799 650 3861 accipiendum
660 3805 824 3862 putauerunt,
836 3801 910 3848 euius
919 3802 1059 3848 sententiae
1071 3803 1125 3862 ipse

173 3869 283 3919 Paullus
298 3869 329 3918 L.
341 3881 374 3920 aa.
389 3870 410 3930 ἐ.
421 3881 442 3919 t.
462 3868 494 3917 I).
510 3870 564 3919 eod.
580 3871 704 3919 rationem
719 3869 813 3919 reddit.
867 3866 899 3935 ¹⁴)
915 3869 953 3931 Cf.
965 3869 996 3917 L.
1009 3881 1040 3921 ta.
1056 3872 1079 3932 ἓ.
1091 3881 1124 3920 to.
