2378 4386
169 1249 506 1326 FRAGMENTVM
531 1249 594 1322 Du
619 1248 733 1322 IVRE
759 1249 894 1340 FISCI,

77 1448 119 1488 EX
140 1443 276 1500 vomam,
298 1444 339 1487 vi·
361 1441 508 1496 VfflBTVR,
530 1440 718 1482 REGVLARVM
739 1439 799 1482 vua
816 1439 987 1484 oemlonvss

383 1525 487 1568 aleius
509 1524 680 1567 SERVATVM.

10 1685 46 1732 rc]
77 1737 82 1747 Ι
127 1669 190 1724 Una
207 1687 270 1724 cum
284 1671 347 1726 Gaii
358 1674 594 1738 Institutiouibus,
611 1672 682 1727 alius
693 1673 789 1726 tamen
801 1672 903 1726 codicis
915 1689 1008 1742 neque

58 1754 119 1793 eiue
136 1738 264 1805 rescripti
281 1756 315 1792 ex
332 1739 384 1793 reli
405 1741 466 1805 uiis,
484 1740 611 1794 Veronae
629 1741 741 1793 erutum
753 1741 783 1793 et
798 1740 828 1792 in
839 1739 932 1794 lucem
944 1757 1008 1809 pro·

56 1807 180 1860 tractum
198 1806 241 1858 est
256 1805 309 1858 hoc
332 1757 410 1883 quo}
429 1824 503 1859 nuno
526 1808 573 1860 vul
595 1823 611 1861 o
633 1809 749 1861 vocatur
765 1806 954 1884 iragmeiitum
973 1808 1008 1862 de

56 1876 118 1927 iura
138 1872 203 1929 fisci.
235 1870 380 1949 ‘Scriptum
402 1873 431 1925 id
454 1875 546 1950 exstat
567 1825 934 1951 '’litteris-semiuncialibns
955 1890 1008 1928 nec

57 1939 152 1995 seculo
170 1940 290 2008 septimo
307 1939 353 1992 vel
371 1939 441 1993 adeo
459 1942 557 2007 quinto
575 1940 769 1994 infcnonbua⁸
791 1958 821 1993 in
843 1941 951 1995 duobus
968 1943 1008 1995 so-

56 2009 103 2062 liis
120 2006 202 2061 valde
220 2006 319 2061 laceris
337 2008 368 2059 ct
384 2007 545 2075 corrugatis,
565 2023 600 2060 ex
617 2009 697 2060 unius
715 2023 777 2061 com
797 2009 938 2074 litatione,
959 2011 1010 2063 ‘ut

58 2075 221 2129 Goescheno
239 2073 424 2142 probabiliter
441 2075 569 2139 risum,¹⁸
591 2075 632 2128 ite
648 2075 742 2137 factis,
761 2025 796 2129 ul
810 2076 885 2129 inter
900 2077 1008 2130 utrom-

57 2158 113 2209 que
140 2141 269 2194 similiter
297 2141 528 2209 complicatorum
553 2157 606 2210 par
631 2159 717 2194 unum
740 2142 787 2196 vel
808 2142 864 2196 duo
886 2142 933 2199 rel
954 2143 1010 2198 tria

57 2208 207 2261 interiecta
226 2210 330 2272 essent,
358 2224 431 2277 quaa
451 2209 609 2277 perierunt:
636 2210 819 2277 quamobrem
840 2209 896 2264 duo
916 2211 1010 2280 potius

58 2274 216 2343 fragmenta
238 2274 358 2329 dicenda
378 2277 456 2341 sunt,
478 2291 597 2343 quornm
620 2276 739 2329 alterum
762 2293 780 2330 a
801 2283 824 2342 §-
844 2284 884 2332 10.
901 2277 1009 2348 incipit.

57 2341 178 2410 Paginae
223 2342 338 2396 nattuor
362 2342 453 2396 ‘infra
473 2342 587 2410 quidem
609 2343 668 2396 fere
690 2343 827 2412 integras,
854 2343 903 2399 sed
925 2362 1011 2415 supra

57 2409 178 2463 maxime
197 2359 227 2462 {l
243 2409 348 2486 partim
366 2409 396 2462 in
414 2410 552 2463 exteriore
571 2409 697 2477 margine
720 2411 849 2463 mutilas·
871 2413 1010 2480 scriptura

58 2476 182 2543 complet
198 2476 271 2529 binis
287 2475 317 2528 in
335 2493 447 2545 quaque
465 2476 609 2539 columnis,
628 2490 700 2543 quae
719 2477 869 2569 'primitus‘
882 2476 1009 2553 luerunt·

59 2557 189 2594 versuum
206 2541 270 2610 plus
287 2559 372 2610 quam
391 2544 521 2598 vicenum
539 2544 715 2610 quaternum,
753 2542 938 2609 probabiliter
949 2545 1010 2596 ubi·

59 2607 714 2745 ltii}13{uttailltitb‘zttttfflttli
722 2607 1010 2744 pppmpffiipap

59 2690 250 2814 forationiffus·
260 2740 440 2822 membranae
457 2745 550 2820 periit,
568 2745 651 2821 pars·
672 2742 744 2812 sigla
761 2743 832 2795 sunt
847 2808 853 2817 ⁸
869 2740 946 2820 {Der
992 2759 1008 2797 e

58 2806 703 2952 tiialttttlttpttttitltttt
716 2808 1009 2947 {brimelli

58 2955 132 3060 puae
146 2955 202 3007 quo
215 2938 377 3006 pertineant
388 2942 540 3057 ipnoratua
559 2960 632 2997 nuno
645 2945 758 2999 deinum
770 2945 944 3020 compertum
956 2945 1008 2999 eet.

81 3009 175 3062 actum
195 3008 239 3059 est
255 3021 291 3060 ea
310 3021 354 3070 re,
377 3022 396 3057 u
431 3021 496 3074 pars
518 3009 671 3076 scripturae
695 3029 791 3066 versus
808 3010 892 3080 primi
908 3009 1008 3089 prioris

59 3076 205 3128 columnae
227 3072 276 3127 fol.
300 3073 313 3128 1
336 3090 362 3128 v.
384 3073 428 3125 his
452 3072 558 3126 laciniis
584 3077 660 3132 tecta
685 3078 844 3143 delitescat,
870 3079 1009 3146 scriptura
1083 3118 1087 3127 .

58 3156 125 3196 vero
143 3141 171 3194 in
189 3139 292 3195 lacinia
309 3139 452 3209 superiore
470 3140 580 3193 tantum
598 3146 723 3211 superior
741 3146 871 3215 (paginae
894 3147 1009 3210 reatae),

58 3209 87 3261 in
116 3208 247 3262 inferiore
273 3210 383 3262 tantum
410 3206 534 3283 inferior·
548 3208 678 3275 (paginae
701 3219 809 3289 versae)
833 3213 890 3291 legi
911 3213 1007 3291 possite

58 3277 176 3343 utraque
199 3275 236 3327 ad
258 3274 327 3328 duos
349 3291 446 3329 versus
463 3276 643 3343 pertinens?
682 3275 797 3332 Imtinm
814 3297 881 3334 nori
897 3280 1009 3335 articuli

132 3467 150 3535 ¹)
165 3469 313 3520 Novissimus
327 3471 404 3519 editor
415 3470 520 3531 lirueger
534 3470 605 3519 etiam
619 3469 699 3519 seculo
715 3469 808 3522 demum
823 3474 915 3527 decimo
925 3483 1008 3525 octavo

58 3555 85 3589 ea
100 3541 124 3589 in
138 3556 285 3605 compagem,
299 3556 344 3605 qua
354 3555 415 3590 nuuc
425 3541 583 3596 continentur,
598 3554 669 3602 posse
679 3541 837 3602 conglutinata
847 3560 900 3595 esre
911 3546 1007 3595 iudicat.

59 3607 80 3675 ἵ)
95 3611 228 3662 Secundum
243 3613 388 3675 liruegerum
403 3611 488 3672 legitur
507 3612 530 3659 iu
548 3611 660 3659 inferiore
679 3608 712 3675 (l)
727 3625 741 3660 o
759 3610 805 3674 (rel
820 3629 834 3664 e
853 3615 889 3664 rel
903 3623 1008 3665 notatum

57 3680 196 3746 contrabi*
307 3684 331 3732 io
349 3683 472 3747 superiora
491 3683 529 3730 ita
547 3695 595 3731 con
627 3679 724 3730 Videtur
741 3689 820 3731 sutem
838 3685 1008 3750 appellationes

163 3751 287 3818 e(relc)*
510 3752 576 3802 ared

58 3820 178 3870 inferioris
192 3830 216 3871 et
229 3823 360 3886 superioris
375 3822 474 3872 laciniae
490 3823 551 3872 iuter
565 3836 591 3870 se
606 3821 749 3871 contudisse.
