2378 4386
172 524 236 590 500
458 541 525 578 mm
543 541 638 578 rernm
656 541 726 577 enter.
746 523 792 577 111.
812 529 836 577 6.

170 674 233 730 dum
250 682 338 729 totum
354 666 500 727 debeturz¹
516 670 664 740 dimidium,
679 673 702 726 ei
718 686 766 744 per
780 670 989 727 uindicationem
1005 671 1127 746 tegetum

170 750 241 825 eit;²
258 765 354 825 totum,
370 757 393 810 si
409 770 457 829 per
472 756 679 812 damnationem.

488 832 529 916 [³.
553 838 678 895 Consule.
696 838 725 910 6,
742 831 803 914 9.]³

232 920 264 980 t.
286 917 444 979 ⁴Communi
459 938 541 979 seruo
557 938 618 979 oum
633 921 757 979 libertate
779 931 806 979 et
826 924 884 978 sine
900 921 1025 979 libertate
1041 922 1127 997 legari

171 1015 272 1082 potest,
290 1015 433 1080 totumque
448 1007 568 1081 legatum
579 1007 653 1062 socio
666 1009 803 1062 testatoris
814 1007 971 1079 aequiritur.
1001 1003 1029 1063 ῡ.
1047 1000 1126 1063 ⁶Post

171 1098 286 1147 mortem
302 1090 409 1161 heredis
425 1089 511 1164 tegeri
527 1106 580 1145 non
592 1097 693 1162 potest,
709 1091 770 1162 qttin
783 1088 848 1146 niidi
861 1090 894 1145 ab
907 1090 1006 1146 herede
1019 1090 1126 1147 heredis

172 1175 287 1249 relinqui
310 1183 411 1248 potest.
461 1169 489 1231 6.
520 1167 567 1229 ⁶in
591 1175 686 1229 mortio
709 1183 815 1247 ternpus
838 1175 937 1230 'tamen
960 1175 1020 1229 sine
1043 1190 1125 1248 quum

172 1260 251 1316 heroe
267 1250 401 1326 decedet‚⁷
417 1256 506 1332 iegato
518 1256 635 1315 conferri
651 1265 777 1330 possunt,
790 1259 842 1313 hoo
857 1257 954 1312 modo:
970 1272 1064 1315 mvoto
1081 1273 1126 1315 rt·

172 1359 234 1407 nro,
259 1358 321 1401 over
343 1337 493 1415 ’inenes)⁸
515 1356 686 1411 nomenve,
709 1355 751 1398 no
767 1356 849 1398 ceno
865 1349 912 1397 aut
926 1356 1028 1398 nenne
1044 1356 1125 1399 neve

171 1444 255 1486 oeno
276 1442 400 1484 oannes
423 1442 513 1484 cero.
562 1421 588 1481 t.
611 1417 681 1481 “Per
703 1425 908 1481 uindicationem
932 1425 1052 1497 tegetum
1075 1426 1126 1480 etsi

172 1511 292 1567 nondum
308 1512 478 1567 constituerit
493 1509 640 1582 legatarius
656 1506 688 1563 ad
703 1524 732 1563 se
748 1511 898 1581 pertinere,
914 1516 996 1580 etque
1011 1510 1048 1564 itn
1063 1517 1126 1582 poet

171 1603 277 1668 apertas
294 1587 429 1650 tabuins¹⁰
443 1602 505 1649 ente
520 1592 617 1648 aditam
632 1591 807 1648 hereditatem
823 1591 981 1662 decesserit,
997 1591 1029 1647 nd
1046 1593 1122 1648 here·
1134 1606 1188 1654 [tot]

172 1678 232 1733 dem
248 1694 326 1734 sunm
343 1679 507 1733 transmittit.

367 1755 411 1838 [t.
430 1761 478 1819 19.
501 1760 536 1816 Ι).
554 1760 588 1815 de
604 1765 660 1830 opt.
675 1761 771 1832 ieqata
788 1755 852 1832 (33,
868 1752 925 1834 5).]

236 1843 265 1902 8.
293 1839 352 1901 ¹¹Si
368 1861 411 1900 ree
427 1842 546 1916 obiignta
560 1842 704 1912 creditori,
727 1845 804 1899 cuius
819 1858 925 1898 causam
941 1850 1057 1899 testator
1072 1859 1124 1899 non

172 1931 319 2004 ignorauit,
335 1942 384 2002 per
399 1928 592 1982 damnationem
608 1925 696 1999 iegato
711 1928 763 1996 sit,
788 1926 864 1981 tuitio
880 1926 911 1981 nd
929 1926 1035 1983 heredis
1050 1926 1124 1983 soili-

247 2113 267 2180 ¹)
282 2113 377 2163 Deberi
391 2114 466 2161 etiam
480 2112 512 2160 de
522 2111 555 2161 rio
565 2113 621 2175 ieyo
631 2113 715 2177 ieyata
731 2120 800 2160 recte
810 2113 915 2161 dicitnr.
954 2108 975 2176 ‘)
992 2110 1044 2160 Nec
1057 2110 1124 2161 SCto

175 2187 324 2237 Neroniano
338 2185 422 2231 attera
434 2196 500 2244 pare
515 2183 690 2244 confirmatur,
701 2183 769 2246 qnod
778 2184 860 2232 locam
870 2182 952 2239 nabet,
964 2181 1006 2230 nbi
1015 2183 1124 2246 leonium

174 2256 205 2306 od
219 2255 297 2305 verda
311 2255 394 2301 minue
407 2259 468 2301 rata
482 2267 532 2302 non
548 2254 631 2306 valete
644 2252 692 2302 doc
706 2267 766 2303 nero
777 2255 850 2304 oatet.
904 2249 924 2316 ³)
941 2251 1004 2301 Post
1014 2252 1081 2301 diem
1090 2255 1124 2302 te·

171 2327 228 2391 yeti
242 2324 369 2374 cedentem
384 2324 443 2371 iicet
458 2324 567 2386 tenattem
580 2323 616 2371 ad
625 2322 742 2372 itcredenr
752 2324 949 2379 transmittatur,
964 2330 1046 2371 tamen
1057 2324 1124 2372 actio

173 2394 208 2461 (ei
221 2402 245 2444 et
259 2395 315 2444 dieo
330 2391 450 2456 venerit),
465 2408 530 2456 qnae
544 2393 665 2442 incitante
680 2408 730 2443 non
749 2400 798 2449 eet,
819 2408 868 2442 non
884 2394 1080 2452 transmittitur,
1099 2399 1125 2441 nt

170 2466 276 2530 fructur
293 2478 392 2529 qnoque
409 2463 501 2512 heredi
518 2463 671 2521 debeantur,
691 2464 751 2527 qnia
771 2463 891 2513 incdoatn
909 2463 1006 2512 demam
1025 2466 1125 2513 actione

173 2544 257 2587 ntrnm
267 2535 402 2586 vindicare
412 2536 555 2599 ieyatarine
564 2550 597 2582 an
609 2534 745 2584 condicere
753 2535 870 2594 notuerit,
878 2533 1024 2581 diiudicari
1034 2541 1124 2596 potest.

174 2608 205 2657 L.
220 2619 255 2660 to.
274 2609 297 2669 §-
313 2617 333 2657 tt.
352 2605 384 2654 D.
399 2605 431 2654 de
445 2607 493 2669 ten.
509 2617 529 2655 e.
567 2605 611 2653 Ad
630 2606 738 2669 tenattem
754 2619 804 2667 per
823 2603 1019 2652 vindicationem
1046 2606 1126 2669 igitar

175 2679 239 2729 daec
252 2677 378 2728 cententio
393 2677 502 2725 maxime
516 2674 656 2737 referenda
670 2681 716 2731 eet,
730 2673 799 2736 qnod
811 2689 846 2723 ex
856 2675 1069 2736 interpretatione
1078 2673 1124 2723 St).

175 2749 320 2799 Neroniani
337 2749 413 2799 etiam
429 2762 478 2809 per
497 2746 684 2796 condictionem
699 2746 755 2806 peti
768 2751 880 2806 poterat.
911 2744 1026 2793 Ceteram
1045 2746 1126 2808 ipram

173 2822 284 2885 teqatnm
294 2820 334 2868 oet
344 2833 394 2881 per
404 2818 591 2866 damnationem
603 2817 670 2865 nient
677 2815 897 2877 fideicommissum
907 2815 983 2863 etiam
993 2815 1126 2878 ignoranti

173 2891 278 2954 acquiri
291 2890 398 2952 ideoque
408 2894 468 2950 poet
477 2887 544 2935 diem
554 2886 681 2935 cedentem
691 2885 727 2933 ad
736 2885 853 2933 deredem
863 2886 1003 2933 transmitti
1011 2885 1126 2935 dubitari

175 2974 225 3009 non
240 2959 320 3011 debet.
341 2959 372 3006 L.
389 2970 421 3009 to.
441 2958 464 3018 θ.
481 2969 499 3007 1.
520 2956 551 3005 D.
572 2957 616 3019 qni
634 2963 729 3004 tentam.
750 2953 800 3018 (te,
818 2953 847 3018 1).
872 2954 904 3003 L.
920 2957 965 3002 att.
983 2953 1008 3003 O.
1024 2955 1126 3019 qnando

174 3029 231 3077 dier
245 3031 293 3093 ten.
309 3028 340 3092 (o,
355 3027 399 3091 os).
464 3023 485 3089 4)
502 3026 539 3088 Cf.
559 3025 614 3088 Uip.
631 3037 702 3082 1,1tt.
722 3036 756 3081 ti,
772 3035 805 3076 to.
825 3025 855 3073 L.
872 3037 905 3075 rt.
926 3024 958 3072 D.
974 3025 1005 3072 de
1019 3033 1089 3076 anet.
1103 3031 1126 3074 et

173 3113 244 3149 cone.
259 3100 304 3161 (to,
319 3098 350 3160 o).
370 3097 401 3144 L.
418 3108 450 3146 11.
471 3096 501 3143 t).
518 3096 549 3144 de
564 3097 665 3158 optione
679 3098 727 3159 ten.
742 3094 787 3157 (oo,
802 3095 833 3159 o).
852 3094 884 3143 lt·
900 3106 933 3144 oe.
949 3096 972 3156 §-
987 3107 1007 3145 o.
1032 3095 1127 3159 1).pro

173 3182 226 3219 eoc.
241 3166 286 3232 (tt,
301 3166 332 3231 e).
352 3166 383 3214 L.
399 3177 425 3215 to
436 3181 479 3228 pr.
495 3165 526 3213 D.
542 3167 577 3214 ad
590 3168 637 3229 teg.
651 3165 720 3214 kirie.
732 3164 776 3229 (³5,
787 3165 818 3228 t).
833 3192 867 3201 —
884 3165 953 3213 Circe.
964 3166 1095 3227 different.
1107 3178 1127 3221 1,

175 3248 196 3288 t.
210 3249 230 3288 e.
283 3234 304 3302 ο)
321 3236 358 3298 Cf.
377 3235 433 3283 tini.
449 3246 469 3290 e,
485 3245 531 3284 roe.
555 3234 659 3297 (limet,
675 3248 706 3285 re.
768 3232 789 3299 ⁶)
806 3235 844 3298 Cf.
862 3235 958 3284 Gatet
976 3233 1031 3298 tltp.
1047 3238 1073 3287 tt.
1090 3251 1127 3285 ce·

174 3309 233 3357 item
246 3305 359 3368 Interpr.
375 3305 399 3353 d.
415 3307 430 3352 t.
466 3301 507 3352 ‘Si
521 3306 578 3368 quie
589 3305 692 3366 faciens
710 3312 881 3355 tentamentum
897 3307 1016 3370 ininnqet
1029 3305 1127 3363 heredi,

174 3384 202 3427 ret
210 3383 330 3439 tempore.
345 3389 395 3439 qno
410 3376 463 3436 ipre
473 3374 548 3424 deree
558 3378 674 3432 moritur,
690 3378 799 3439 tenattem
810 3378 937 3439 legatario
947 3375 1045 3434 tradat,
1060 3379 1129 3426 natet

175 3442 304 3512 teyntum)
372 3442 391 3507 7)
405 3443 515 3507 Scripsi.
540 3452 587 3494 torn
602 3461 658 3494 sune
673 3459 742 3509 qttem
757 3446 852 3494 heredis
868 3447 919 3495 eius
933 3446 990 3495 edd.
1007 3454 1054 3495 tom
1069 3447 1128 3510 (tem

174 3518 199 3567 in
215 3517 276 3566 cdd.
291 3514 384 3579 aliqui)
394 3530 436 3564 eun
447 3513 498 3579 (oei
511 3515 588 3580 suam)
599 3530 667 3579 quom
682 3514 778 3564 heredis
789 3518 839 3564 eino
852 3516 913 3565 Crini.
966 3513 986 3579 ⁸)
996 3515 1128 3580 Seppieoi,

175 3594 202 3636 at
215 3589 357 3650 enppietam
372 3592 410 3635 eet
423 3585 455 3634 L.
469 3599 536 3647 tpr.
557 3586 588 3634 D.
605 3586 707 3650 qnando
722 3585 778 3634 dice
792 3585 840 3650 (oo,
855 3588 885 3648 t).
914 3586 1015 3635 Deinde
1028 3588 1129 3637 moritur

173 3659 214 3707 ed.
230 3657 261 3706 A.
277 3664 394 3722 typorum
409 3657 505 3706 mendo.
592 3654 760 3721 ⁹)1ntetti9e:
778 3658 855 3705 etiam
865 3671 915 3719 per
929 3658 1128 3708 vindicationem

174 3731 222 3793 leq.
253 3728 291 3791 Os.
308 3726 572 3790 (ιίιί.2,195.ῑθο[ῖη4
593 3730 616 3789 5.
627 3738 660 3778 itt.
682 3725 702 3774 1.
717 3727 749 3774 de
763 3728 809 3790 (ε).
826 3725 901 3791 (mo)
920 3734 1035 3791 eteapra
1046 3736 1097 3780 not.
1109 3740 1128 3778 t.

178 3796 210 3862 ¹⁰)
226 3798 264 3861 Cf.
280 3798 311 3848 L.
328 3813 370 3846 nn.
385 3798 407 3858 ξ.
423 3810 443 3848 1.
465 3798 490 3847 0.
505 3798 537 3847 de
552 3799 641 3847 cadnc.
658 3798 710 3846 tort.
727 3795 816 3861 (not).
877 3793 910 3861 11)
926 3796 964 3859 Cf.
977 3798 1004 3858 ξ.
1019 3808 1039 3849 tt.
1062 3798 1083 3847 I.
1097 3799 1129 3847 de

174 3872 222 3935 leq.
238 3868 269 3936 (t,
284 3869 328 3935 to).
