2378 4386
218 558 325 601 evenno
339 559 460 594 nonnron
474 559 673 596 meetseoarvr
685 558 835 597 revocasse
848 560 943 599 nonan.
999 543 1057 609 787

109 688 192 746 nebat
213 688 398 763 praediorum,
422 705 489 762 quae
505 699 581 763 pater
596 690 620 746 ei
638 698 779 763 postremo
794 693 897 748 iudicio
913 709 970 749 reon
983 694 1061 767 leye-

109 780 171 843 rot,
194 776 220 829 si
238 774 332 844 filiae,
357 789 443 843 quom
463 782 530 845 post
551 776 624 830 illam
648 773 819 831 donationem
841 776 950 850 genuit,
975 792 1063 849 proe-

107 860 232 930 lepouit,
261 855 415 930 ‘quidquid
437 857 597 928 fundorum
623 872 714 929 penes
741 874 772 915 se
800 862 940 932 reliquum
966 858 1061 916 esset.'

108 941 183 1015 parui
206 941 306 996 etenim
329 941 430 1008 refert,
456 943 533 1014 quod
558 943 722 998 solemniter
749 945 920 1015 confirmato
947 946 1062 1000 donatio

108 1026 187 1100 filiae
206 1024 285 1097 sacto
302 1040 356 1080 non
372 1022 546 1097 probaretur:
570 1023 700 1080 arbitrum
715 1027 789 1082 enim
808 1027 976 1084 hereditatis
990 1028 1062 1084 diui·

109 1114 223 1169 dundee
240 1113 338 1182 patris
352 1111 524 1166 uoluntatem
546 1118 619 1165 recte
634 1118 790 1165 secuturum
805 1112 881 1180 dicei,
904 1128 961 1183 quo
983 1114 1063 1183 filine

106 1196 195 1269 fundi
207 1201 328 1267 praeter
340 1196 464 1265 praedio
479 1208 508 1248 ea
519 1192 573 1247 dati
588 1187 665 1262 sint,¹
682 1209 756 1265 quoe
769 1209 853 1249 soror
865 1197 925 1249 eius
937 1196 1061 1265 tenebat,

108 1282 229 1353 perinde
244 1295 280 1334 oc
295 1279 318 1332 si
334 1277 403 1332 filiae
417 1277 529 1349 propria
546 1275 651 1348 praedia
665 1266 668 1352 (
681 1276 859 1350 praelegaret,
875 1285 903 1331 et
917 1270 1163 1341 adiecissetiniua

110 1363 257 1435 ‘exceptis,
279 1377 347 1434 qnae
362 1362 450 1416 sorori
465 1369 526 1415 tuae
541 1356 664 1414 donaui.’
701 1375 760 1414 nam
776 1367 804 1414 et
819 1367 980 1416 testamento
996 1360 1061 1418 libe·

110 1447 240 1503 raiitatem
253 1442 447 1512 confirmatam,
463 1451 490 1498 et
501 1449 594 1515 aperte
609 1442 692 1514 patris
704 1441 862 1498 declaratam
879 1443 1060 1518 uoluntatem3

111 1528 184 1603 qnod
199 1527 340 1581 diuisionis
356 1525 466 1582 arbitrio
482 1523 598 1595 suiicit,
621 1525 687 1580 iuris
703 1541 811 1599 quoque
832 1525 921 1582 uerbis
937 1525 1062 1584 deiicien-

111 1611 191 1666 tibus.
868 1657 875 1668 .

57 1698 101 1745 ee]
177 1688 242 1748 257.
267 1687 359 1749 ²item.
383 1692 519 1750 Eiusmodi
531 1693 592 1766 lege
604 1692 725 1765 deposita
741 1694 767 1749 in
781 1693 846 1750 aede
863 1710 947 1765 sacra,
963 1703 993 1750 ut
1005 1711 1061 1751 earn

111 1781 168 1851 ipse
189 1776 290 1847 bolus,
313 1770 374 1851 qui³
389 1778 528 1851 deposuit,
552 1776 675 1848 tolieret,
695 1785 741 1833 ant
755 1786 819 1850 post
834 1787 946 1834 mortem
962 1778 1062 1835 domini

111 1860 201 1916 Aelius
217 1859 354 1933 Speratns,
371 1877 426 1917 non
442 1861 527 1916 uideri
542 1860 686 1932 perfectam
702 1860 886 1932 donationem,
902 1861 1040 1935 respondi.

174 1939 242 2001 258.
273 1938 365 1999 ⁴item.
407 1944 571 2017 Pomponius
594 1942 738 1998 Filadeiins
761 1942 831 1999 dotis
854 1961 932 2000 cansa
954 1944 1061 2017 praedia

113 2026 180 2083 iliae
194 2027 365 2101 Pomponiae,
389 2044 468 2100 quam
484 2026 577 2083 babuit
599 2028 626 2081 in
642 2034 786 2100 potestate,
810 2027 928 2098 tradidit,
951 2037 978 2083 et
993 2044 1062 2084 rner-

112 2112 191 2168 cedes
207 2128 301 2168 eorum
318 2128 418 2185 genero
435 2109 505 2167 solui
522 2109 667 2166 mandauit.
699 2112 737 2165 nn
750 2126 779 2165 ea
795 2113 937 2184 praecipua
952 2109 1005 2167 iilia
1019 2128 1062 2167 re·

112 2198 196 2251 tinere
211 2197 309 2269 possit,
332 2211 392 2250 cum
407 2188 524 2249 'omnes5
540 2192 609 2249 iiiios
624 2193 737 2250 heredes
755 2194 928 2267 instituisset,
951 2210 1062 2268 quaere·

112 2279 200 2332 batur.
238 2278 336 2333 iustam
353 2294 458 2335 causam
480 2277 635 2333 retinendae
656 2278 839 2350 possessionis
858 2277 956 2335 habere
970 2277 1061 2352 filiam,

113 2362 237 2433 quoniam
261 2371 335 2434 pater
357 2361 477 2434 praedia,
500 2356 560 2433 (de)
583 2359 679 2432 quibus
695 2361 889 2434 quaerebatur,
911 2362 983 2418 dotis
1003 2379 1062 2419 esse

114 2444 211 2514 noluit,
227 2452 254 2498 et
266 2446 465 2499 matrimonium
478 2453 540 2517 post
552 2453 665 2499 mortem
678 2461 786 2516 quoque
798 2447 881 2518 patris
893 2447 1062 2518 constiterat,

113 2528 250 2598 respondi
254 2552 262 2590 ;
278 2525 356 2582 filiam
369 2529 479 2596 etenim,
495 2543 564 2600 qnae
576 2527 732 2583 naturaiiter
743 2544 823 2601 agros
836 2529 959 2599 retinnit,
974 2531 1063 2603 specie

112 2611 191 2675 dotis,
208 2611 284 2666 cuius
299 2626 378 2684 capax
395 2610 454 2679 init,
472 2609 588 2666 defendi.

174 2688 240 2749 259.
265 2693 339 2749 item.
377 2693 470 2748 iiuiier
485 2695 542 2749 sine
562 2695 661 2749 tutoris
681 2696 841 2751 auctoritate
861 2694 999 2768 praedium
1015 2697 1063 2752 sti·

112 2777 276 2852 pendiarium
299 2779 458 2832 instructum
486 2793 541 2833 non
569 2778 662 2832 mortis
689 2795 768 2834 cansa
789 2778 883 2832 Latino
907 2778 1062 2836 donauerat.

111 2862 256 2934 perfectam
279 2862 306 2915 in
329 2860 436 2932 praedio
459 2862 611 2933 ceterisque
638 2859 717 2917 rebus
740 2876 789 2917 nec
811 2854 956 2935 'mancipi⁶
981 2861 1063 2919 dona·

114 2947 215 3000 tionem
238 2960 297 2999 esse
320 2936 474 3016 apparuit;⁷
497 2960 592 2999 seruos
613 2952 701 2998 autem
720 2952 747 3000 et
769 2960 882 3018 pecora,
904 2960 972 3017 quac
991 2944 1061 3002 collo

113 3028 155 3083 nel
171 3027 253 3084 dorso
269 3027 458 3092 domarentur,
482 3045 531 3083 usu
547 3043 601 3083 non
617 3019 717 3100 capta⁸
753 3029 776 3082 si
792 3035 880 3082 tamen
896 3028 1062 3084 uoluntatem

113 3111 210 3167 mulier
225 3127 279 3166 non
295 3118 436 3180 mutasset,
457 3111 552 3168 Latino
568 3126 677 3184 qnoque
691 3109 747 3167 doti
762 3111 931 3185 profuturam
946 3112 1063 3186 duplica·

113 3257 171 3305 coti.
187 3252 231 3318 (st,
247 3253 277 3316 t).
294 3253 503 3316 L.1e.1epr.so.
521 3253 546 3304 0.
559 3254 622 3316 sum.
637 3269 689 3304 ero.
705 3252 736 3318 (s,
747 3252 791 3318 so).
846 3249 866 3318 ¹)
880 3251 954 3302 Haec
968 3267 1018 3302 non
1028 3255 1065 3303 od

109 3326 186 3387 linem
200 3338 289 3373 uersus
300 3325 463 3388 pertinpunt,
483 3326 527 3388 qni
539 3326 671 3386 scriptura
685 3339 780 3374 vocare
794 3325 864 3372 uisus
877 3330 922 3375 eet.
979 3319 1000 3389 ¹)
1016 3323 1064 3374 Est

112 3394 143 3443 l..
159 3407 192 3446 et.
208 3396 230 3455 ἓ.
246 3406 266 3444 n.
291 3394 323 3442 D.
338 3394 370 3442 de
383 3395 441 3444 don.
458 3394 506 3458 (89,
520 3393 556 3458 b),
573 3397 666 3457 paucis
685 3397 796 3446 mutatis.
829 3392 908 3443 Initio
922 3400 947 3443 et
960 3394 987 3443 in
1003 3394 1063 3461 nep,

112 3464 266 3513 exciditne.
324 3461 476 3528 ³)uenrp.
493 3466 531 3527 qui
547 3467 611 3512 solus
631 3464 689 3513 Vot.
704 3466 762 3514 edd.
818 3461 839 3526 ⁴)
854 3463 885 3511 L.
900 3473 934 3515 ³5.
954 3463 986 3512 Ι).
999 3465 1062 3527 forn.

112 3549 165 3582 ere.
180 3533 224 3597 (to,
235 3532 266 3598 a),
279 3535 371 3596 porcis
381 3533 549 3581 variantibus.
601 3532 622 3596 ⁶)
637 3534 696 3598 Dip.
707 3548 844 3583 communes
859 3533 917 3582 Vnt.
965 3530 987 3598 ⁶)
997 3548 1063 3583 man·

113 3603 242 3665 cipiiedd.
259 3604 351 3652 Ilotiw.
368 3603 480 3652 Momms.
548 3599 621 3666 ⁷)Cs.
638 3605 659 3663 §-
675 3615 721 3654 tes.
744 3604 801 3654 Gai.
816 3616 841 3660 2,
860 3615 894 3654 80.
959 3599 1062 3667 ⁸)Non,

113 3673 182 3737 quod
195 3675 287 3721 mulier
300 3675 356 3722 eine
371 3679 455 3721 tutore
469 3678 574 3720 auctore
593 3671 648 3736 (qui
662 3680 723 3722 tunc
743 3680 854 3739 opnutue
872 3674 999 3737 legitimus
1013 3676 1063 3722 ium

114 3758 163 3791 non
178 3742 245 3804 erat)
260 3743 402 3792 donauerat
417 3740 486 3805 (Gai.
501 3752 522 3797 a,
536 3753 569 3791 tt.
586 3743 643 3790 coil.
660 3748 748 3791 nostra
763 3745 786 3804 ξ.
796 3741 854 3806 aet),
868 3742 915 3791 sed
927 3743 996 3807 quod
1009 3742 1063 3792 Lo-

113 3814 183 3861 tinuc
198 3827 232 3861 eo:
246 3814 300 3876 tepe
313 3819 361 3858 ΧΠ
378 3808 515 3859 ‘adversus
533 3810 627 3859 bootem
641 3819 747 3861 aeterno
761 3813 905 3862 auctoritas
922 3809 987 3861 eeto'
1003 3826 1062 3861 usu·

114 3895 208 3942 cepere
222 3898 272 3930 non
285 3887 396 3943 poteret.
427 3880 464 3941 Cf.
483 3880 538 3928 Gai.
554 3891 574 3942 e,
589 3891 623 3931 80.

801 3978 855 4033 50*
