2378 4386
141 619 205 684 814
397 630 495 669 eeseu.
514 629 567 668 svs.
586 629 648 666 nou.
668 629 755 667 rma.
775 618 837 668 ³41.

141 761 306 837 postuietum
322 761 504 832 defensorem
525 764 587 817 eius
602 766 736 832 oportere
751 763 838 817 etium
849 764 887 818 de
902 770 974 821 rato
989 780 1106 835 cauere,

142 862 179 903 ue
194 860 332 903 reuersus
354 846 401 901 itte
417 843 483 900 uelit
505 851 663 915 retrectare,
685 843 757 917 quad
780 852 872 901 actum
889 855 945 903 est.
980 847 1041 905 Sed
1054 867 1105 906 ooo

139 930 231 1002 facite
250 943 307 1001 per
326 936 549 999 procuratorem
571 931 636 1001 quis
651 935 805 999 suspectus
820 931 1028 1003 accusabitur,
1045 948 1105 1006 qao·

142 1014 210 1069 utam
235 1011 334 1068 famosa
355 1028 434 1068 causa
455 1020 512 1082 est,
527 1012 578 1067 nisi
595 1016 714 1081 constet,
737 1015 765 1069 ei
784 1029 803 1068 a
825 1020 925 1071 tutore
940 1018 1106 1072 mandatum

84 1159 87 1164 ,
141 1099 315 1153 uaruioatim.

48 1176 136 1257 ’ἐρ-,Ψ
206 1175 268 1239 341.
294 1175 460 1253 ¹Postquam
483 1182 564 1235 circa
593 1179 748 1252 capeodum
770 1184 952 1253 capuitorcm
972 1188 1107 1258 accipere

46 1261 131 1299 1⁰⁸⁰·
144 1265 277 1321 iudicium
298 1264 332 1320 de
354 1263 476 1337 pluribus
498 1262 637 1337 speciebus
651 1269 773 1335 praetor
787 1266 909 1322 tocutus
924 1261 997 1338 est‚²
1012 1269 1065 1324 iam
1078 1269 1106 1324 de

142 1349 247 1407 iudicio
269 1347 473 1419 transferendo
502 1355 630 1404 cauetur:
653 1345 725 1419 quod
749 1345 839 1403 edicto
861 1360 981 1422 praetor
994 1351 1105 1425 ’prospi-

142 1424 283 1490 ciendum³
295 1434 356 1490 ideo
368 1438 447 1489 recte
455 1434 582 1503 putauit,
589 1438 620 1487 ut
628 1436 798 1502 praestaret
809 1431 927 1490 domimo
936 1435 1104 1506 facultatem

142 1515 187 1573 uel
207 1533 221 1571 a
236 1518 378 1590 cognitore
393 1519 423 1572 io
438 1519 525 1572 atium
541 1518 715 1588 sepuitorem
727 1523 1003 1583 procuratoremve
1018 1523 1066 1578 uei
1079 1525 1104 1575 io

142 1615 174 1658 se
187 1601 315 1657 iudicium
332 1592 535 1669 transterendi‚⁴
555 1602 580 1655 si
599 1601 675 1654 iusta
691 1612 782 1653 causa
798 1612 863 1654 esse
884 1603 1040 1668 uideatur,
1056 1618 1104 1661 nec

142 1685 300 1755 captiosum
321 1687 347 1740 ei
366 1686 429 1756 fiat,
451 1684 527 1757 quod
539 1684 575 1738 tis
591 1681 740 1755 cognitoris
756 1682 792 1736 sit
807 1680 931 1749 ¹effecta:
942 1679 956 1718 ⁵
968 1704 1041 1744 nam
1059 1691 1104 1761 qui

143 1771 298 1841 capuitorts
319 1763 424 1838 opera⁶
445 1769 486 1825 uti
507 1782 561 1822 sua
584 1780 674 1823 causa
692 1766 807 1836 placuit
829 1775 862 1822 ut
884 1771 997 1842 possit,
1023 1779 1105 1828 truoe-

141 1850 212 1906 terre
233 1865 288 1906 nan
309 1865 395 1922 passe
417 1851 564 1920 iudicium,
586 1851 636 1906 ubi
656 1849 774 1905 molesta
795 1852 842 1921 sit,
865 1853 989 1912 metuite
1019 1855 1103 1928 foret.

148 1933 242 1991 Verba
264 1932 345 1991 edicti
367 1933 429 1991 talia
452 1943 528 1991 sunt:
552 1932 602 2003 Ἥ,
627 1934 672 2005 qui
694 1933 868 2004 cognitorem
891 1937 990 2005 dedit,
1015 1939 1151 1997 ccuscffltl

140 2022 252 2092 capuita
273 2022 452 2091 permittam,
477 2019 612 2075 iudicium
633 2015 818 2087 transferre)
850 2016 900 2074 tiis
933 2022 1027 2078 uerbis
1049 2039 1100 2079 no·

140 2101 229 2158 solum
244 2106 307 2174 ipsi,
324 2106 373 2176 qui
390 2103 476 2173 dedit,
491 2104 545 2158 troc
562 2103 747 2173 permittitur,
768 2100 821 2156 sed
840 2108 868 2157 et
889 2103 999 2163 iter-edi
1019 2099 1101 2163 eius.²

141 2185 231 2255 Quare
247 2196 336 2241 autern
352 2188 521 2259 cognitorem
538 2177 542 2260 1
560 2186 649 2240 sotum
665 2185 857 2240 uomioouerit
874 2215 915 2226 -
933 2182 990 2229 --⁸

144 2352 198 2417 Utp.
215 2352 257 2401 tib.
272 2351 324 2400 lx.
340 2353 376 2400 ad
388 2353 428 2401 ed.
443 2352 527 2414 refert
541 2367 575 2401 ece
591 2351 726 2416 Pomponii
739 2350 782 2400 tio.
802 2350 896 2402 XXV.
912 2357 954 2407 ad
966 2358 1007 2408 ed
1023 2358 1055 2407 L.
1069 2370 1102 2411 ω.

139 2425 162 2485 3.
178 2433 197 2472 t.
218 2422 249 2469 Ι).
266 2420 298 2469 ib.
326 2421 382 2471 Hoc
398 2424 453 2472 loeo
468 2437 519 2472 oon
534 2437 569 2472 ex
587 2422 642 2486 Uip.
658 2437 689 2472 eo
700 2422 784 2484 petita
802 2436 870 2481 esse,
885 2436 1046 2491 orpumemto
1059 2438 1103 2486 est,

139 2492 207 2558 quad
220 2494 295 2556 torpe
308 2493 362 2540 alia
376 2493 448 2555 apud
460 2508 515 2543 eum
530 2495 556 2544 io
572 2494 631 2557 Dip.
646 2490 810 2550 antecedunt,
825 2499 902 2559 atque
918 2497 946 2546 lo.
957 2501 984 2557 t.,
1000 2507 1027 2549 et
1040 2515 1102 2565 quae

138 2577 173 2612 ee
193 2561 251 2626 Dip.
267 2564 369 2626 primus
387 2562 485 2612 Bueiok.
505 2565 626 2620 restituit,
646 2565 725 2627 ptura
743 2569 814 2620 suut,
833 2579 910 2629 quam
930 2583 1027 2619 uersus
1046 2570 1102 2620 Vae,

141 2633 200 2683 Cod.
216 2648 309 2695 capere
324 2634 451 2684 uideatur.
480 2633 528 2684 Est
542 2633 578 2682 ibi
592 2635 667 2683 etiam
683 2629 792 2695 ‘famae'
809 2635 866 2684 loco
881 2651 904 2685 o.
921 2637 1018 2689 fumosa
1039 2649 1065 2691 et
1077 2642 1102 2690 ie

136 2705 188 2767 fiae
202 2705 322 2754 additur:
337 2701 394 2755 ‘aut
407 2707 431 2754 si
445 2707 520 2754 etiam
536 2704 637 2754 absente
651 2709 744 2762 tutare,
755 2706 831 2768 quusi
840 2721 891 2755 nou
901 2707 1102 2771 defenderetur,

135 2783 245 2839 praetor
258 2783 316 2825 erat
330 2773 500 2841 reprimens!
528 2774 615 2840 Ipitur
630 2775 738 2825 Paullus
752 2776 815 2826 hoec
829 2790 864 2825 ee
883 2775 1000 2840 Ulpiana
1016 2784 1058 2832 oei
1071 2797 1103 2832 ex

140 2846 280 2910 Pomponio
294 2846 387 2897 hausit.
418 2847 456 2907 Cf.
472 2846 502 2895 L.
518 2857 537 2897 6.
559 2847 590 2895 D.
605 2854 687 2896 ratam
704 2843 749 2902 (ts,
762 2844 793 2909 e).
871 2842 891 2910 ¹)
905 2847 974 2898 Item
988 2854 1102 2911 restitui,

139 2932 194 2966 cum
209 2919 262 2966 aiio
281 2918 404 2982 quaedam
418 2916 499 2966 Bium.
516 2917 673 2972 inchoasset,
693 2917 746 2964 atio
760 2915 855 2966 Hoiiw.
875 2919 935 2966 item
956 2937 1031 2973 nunc
1050 2924 1102 2975 atio

140 2986 257 3051 Rudorff
268 2988 307 3036 ed.
318 2995 419 3052 perpet.
432 3003 458 3050 p.
470 2999 503 3038 49.
557 2983 577 3052 ¹)
593 2987 630 3049 Cf.
646 2987 678 3036 lo.
693 2997 713 3037 8.
728 2986 750 3047 ξ.
766 2998 786 3038 t.
801 2985 832 3034 L.
849 2997 882 3036 lt.
898 2999 933 3038 ιε.
956 2989 989 3041 Ι).
1001 2992 1028 3042 le.
1040 3001 1058 3042 t.
1071 3018 1101 3031 -·

140 3057 169 3107 L.
186 3070 218 3109 ιτ.
235 3059 257 3120 5.
274 3058 341 3108 Η),
358 3059 389 3107 id.
455 3054 709 3121 8>perspicies-edd.
737 3054 790 3106 Sed
808 3058 834 3105 in
859 3056 918 3106 Vct.
939 3062 1001 3110 sime
1024 3062 1102 3113 dubio

139 3130 321 3192 estpspieien·.
351 3127 394 3193 (Id
413 3126 605 3189 testaturW.)
679 3124 700 3191 ⁴)
716 3124 754 3189 Cf.
769 3125 801 3174 L,
817 3137 842 3176 lt
852 3141 896 3189 pr.
917 3128 952 3177 D.
968 3131 993 3180 o.
1010 3140 1030 3184 t.

140 3196 161 3263 ⁶)
175 3197 220 3248 Sic
240 3199 267 3247 V
268 3198 287 3250 ἃ.
308 3201 391 3249 offecto
412 3199 470 3249 Vat.
503 3197 573 3248 Unde
589 3200 719 3261 feceram:
738 3197 855 3259 captioso
874 3198 900 3245 ei
918 3201 1057 3262 cognitoris
1071 3203 1100 3252 sit
1188 3226 1189 3240 o

139 3270 252 3318 affectata
267 3285 360 3332 opero;
375 3285 432 3318 naui
447 3271 491 3332 qui
505 3284 535 3317 ea
550 3271 588 3317 uti
602 3277 648 3317 etc.
696 3263 771 3331 ⁰)Cs.
783 3265 813 3314 L.
826 3276 858 3316 et.
875 3266 907 3315 Ι),
919 3268 945 3316 io.
957 3278 975 3322 t.
1029 3270 1097 3338 ¹)Cs.

139 3338 170 3387 L.
187 3351 220 3390 tt.
235 3341 257 3399 ξ.
273 3352 292 3388 1.
312 3339 344 3386 Ι).
359 3339 383 3387 o.
399 3346 415 3387 t.
490 3335 678 3401 ⁸)Eeldoiteo.
694 3339 727 3399 ej.
743 3338 852 3385 restitui.
882 3334 937 3386 Sed
958 3356 1100 3393 uuncctre

144 3409 171 3456 V
172 3407 191 3457 ἃ.
202 3424 254 3472 pro
269 3422 316 3456 ore.
346 3407 436 3471 Itaque
451 3409 553 3456 restitui
567 3415 665 3470 potest:
687 3406 728 3454 His
748 3407 827 3456 uerbis
847 3421 894 3455 non
915 3409 998 3460 solum
1015 3414 1101 3464 actori

138 3479 225 3528 sedet
243 3492 288 3525 reo
307 3478 449 3542 capuitoris
468 3476 608 3527 abdicandi
624 3483 739 3540 potestas
760 3477 852 3533 datum·
873 3476 998 3531 abdicere
1022 3491 1102 3533 eutem

139 3548 285 3608 cognitorem
300 3555 337 3596 est
351 3548 448 3608 dicere,
463 3549 530 3597 ootie
544 3563 599 3597 eum
613 3549 724 3611 emptius
738 3548 895 3613 capuitorem
909 3563 977 3603 esse.

508 3760 718 3768 ——-—--
