2378 4386
485 551 508 586 G.
527 549 672 584 quemve
690 547 780 583 TESTA.

393 727 428 792 O.
451 724 697 791 TREBATIVS
721 723 860 790 TESTA

509 829 626 896 (eiusdem
641 830 745 896 aetatis).

445 939 492 994 be
514 937 812 1011 religionibus.

210 1055 236 1114 l.
261 1054 385 1112 ‘Sacrum
401 1055 465 1125 est’,
488 1061 518 1110 ut
533 1053 673 1110 Trebatius
695 1054 764 1110 libro
779 1054 866 1126 primo
882 1053 916 1109 de
931 1053 1107 1127 religionibus

146 1141 246 1216 refert,
269 1138 408 1212 ‘quicquid
431 1146 488 1208 est,
518 1137 591 1211 quod
613 1136 726 1193 deorum
749 1135 882 1194 babetur'.
904 1167 944 1178 -
968 1138 1107 1194 Trebatius

146 1223 288 1299 prolanum
311 1221 338 1278 ld
361 1224 470 1295 proprie
492 1221 544 1278 dici
567 1223 613 1293 ait,
636 1221 709 1292 quod
732 1238 762 1276 ex
783 1220 912 1293 religioso
928 1221 972 1276 uel
989 1238 1065 1277 sacro
1081 1225 1107 1279 in

146 1308 285 1365 bominum
308 1323 386 1363 ursum
408 1307 657 1379 proprietatemque
680 1320 843 1361 conuersum
858 1313 909 1360 est.
928 1332 968 1344 ἡ
992 1304 1107 1364 llaorob.

147 1392 201 1453 Sat.
216 1392 245 1464 3,
261 1392 291 1449 3.
308 1391 336 1462 S.
353 1389 383 1446 2.

208 1472 237 1533 2.
261 1474 402 1531 Trebatius
424 1473 453 1526 iu
476 1471 545 1527 libro
561 1471 647 1545 primo
664 1471 825 1546 religionum
841 1473 888 1541 ait,
910 1472 1037 1528 nundinis
1054 1488 1107 1528 ma·

147 1562 289 1634 gistratum
312 1573 394 1631 posse
416 1557 603 1612 manumittere
618 1555 769 1630 iudiciaque
784 1555 918 1612 addicere.
937 1585 972 1594 -
991 1555 1107 1612 llaorob.

146 1643 202 1699 Sat.
222 1642 250 1712 1,
268 1640 315 1698 16.
333 1639 360 1710 S.
378 1639 427 1697 28.

209 1722 239 1783 3.
264 1725 329 1780 Cum
352 1724 421 1779 enim
445 1722 586 1779 Trebatius
608 1721 676 1778 libro
699 1724 786 1796 primo
809 1723 842 1778 de
864 1723 1045 1797 religionibus
1060 1723 1108 1780 do·

147 1818 214 1881 ceat,
237 1809 387 1866 hostiarum
408 1823 508 1881 genera
523 1821 583 1860 esse
598 1800 681 1876 duo,¹
698 1822 790 1876 unum,
807 1807 833 1861 in
850 1822 905 1880 quo
921 1807 1050 1863 uoluntas
1066 1807 1108 1863 dei

147 1910 195 1967 per
211 1901 271 1948 exta
287 1892 457 1963 disquiritur,
480 1888 604 1957 alterum,
620 1890 646 1943 lu
663 1904 716 1961 quo
733 1888 792 1944 sola
808 1891 892 1943 anima
908 1889 960 1945 deo
975 1899 1107 1955 sacratur,

148 1976 218 2031 unde
234 1976 314 2030 etiam
331 1974 487 2047 haruspices
503 1972 630 2028 animales
646 1973 694 2027 bas
709 1972 813 2027 hostias
829 1981 938 2043 uocant,
961 1980 1108 2046 utrumque

146 2060 296 2116 hostiarum
312 2074 398 2132 genus
414 2059 440 2112 in
456 2058 572 2112 carmine
587 2071 638 2111 suo
651 2054 785 2128 Vergilius
802 2054 929 2111 ostendit.
947 2085 980 2094 —-
993 2055 1158 2118 llaorobtss]

147 2141 202 2199 Sat.
219 2143 249 2214 3,
265 2140 294 2199 5.
310 2142 339 2214 S.
358 2142 385 2197 1.

209 2223 239 2283 4.
263 2225 327 2281 Nam
350 2226 377 2279 in
399 2224 470 2280 libro
487 2223 520 2279 de
535 2220 714 2296 religionibus
730 2221 865 2278 secundo:
887 2220 1026 2278 ‘sacellum
1042 2222 1109 2295 est’,

147 2312 245 2382 inquit,
269 2308 358 2364 ‘lucus
381 2323 481 2382 paruus
504 2306 555 2362 deo
578 2313 700 2363 sacratus
723 2322 783 2362 cum
806 2305 873 2362 ara’.
917 2305 1015 2362 lleinde
1037 2306 1109 2363 addit

148 2393 230 2449 uerba
247 2392 330 2448 baec:
353 2391 499 2449 ‘Sacellum
515 2407 548 2447 ex
563 2389 668 2447 duobus
685 2389 774 2446 uerbis
790 2390 906 2446 arbitror
917 2392 1109 2464 compositum,

147 2477 216 2533 sacri
231 2485 259 2532 et
274 2473 367 2547 cellae,
384 2477 459 2550 quasi
474 2491 549 2531 sacra
564 2474 654 2531 cella'.
670 2503 711 2515 —
727 2473 795 2530 Geli.
812 2474 831 2532 'l
847 2473 899 2549 (6),
916 2474 965 2530 12.
982 2474 1010 2544 3.
1027 2473 1055 2530 5.

210 2556 239 2618 b.
266 2600 315 2618 ...
331 2560 480 2616 secundum
496 2559 658 2629 Trebatium,
682 2559 728 2631 qui
743 2557 777 2614 de
792 2558 969 2632 religionibus
985 2557 1053 2613 libro
1068 2574 1109 2613 se·

148 2645 232 2719 ptimo
248 2644 299 2700 ait:
323 2638 399 2701 ‘buci
424 2636 473 2723 (si)
496 2645 542 2716 qui
564 2653 629 2698 sunt
648 2644 677 2698 in
691 2644 773 2716 agrls,
798 2644 844 2714 qui
859 2641 1003 2716 'quondam
1019 2635 1109 2698 bello²

148 2730 220 2802 eapti
242 2736 322 2798 suut,
358 2729 407 2784 bos
430 2728 507 2784 lucos
530 2727 622 2782 eadem
645 2726 795 2782 ceremonia
819 2741 948 2797 moreque
970 2718 1110 2799 ὀοὶιιιιιιί3

147 2812 293 2885 haberique
309 2819 430 2884 oportet,
446 2818 476 2866 ut
491 2820 597 2866 ceteros
613 2808 700 2876 lucos,
716 2809 761 2878 qui
778 2807 804 2862 in
820 2809 931 2881 antiquo
944 2824 1010 2881 agro
1021 2807 1108 2865 suut'.

151 2924 189 2936 —
203 2894 277 2949 Serv.
294 2893 326 2948 ad
342 2895 407 2948 den.
425 2893 475 2962 11,
491 2891 563 2948 316.

211 2972 240 3031 6.
265 2975 322 3030 lloc
337 2975 399 3030 loco
414 2990 469 3030 uon
483 2973 598 3029 alienum
616 2972 722 3028 uidetur
737 2972 770 3028 de
784 2973 939 3031 conditione
954 2990 1048 3030 eorum
1061 2975 1110 3030 bo·

149 3059 250 3114 mluum
266 3056 379 3127 relorre,
403 3072 473 3130 quos
489 3057 564 3130 leges
580 3073 672 3112 sacros
688 3073 747 3112 esse
762 3059 843 3113 certis
859 3058 909 3114 diis
924 3058 1030 3115 iubent:
1048 3060 1110 3131 quia

148 3157 204 3198 non
225 3141 334 3213 ignoro,
358 3138 516 3211 quibusdam
537 3141 632 3196 mirum
650 3140 744 3211 uideri,
768 3141 841 3215 quod
856 3158 915 3198 cum
931 3152 1021 3199 cetera
1036 3158 1111 3198 sacra

150 3222 248 3280 uiolari
264 3221 339 3278 uelas
355 3224 403 3293 slt,
419 3223 554 3279 bominem
570 3239 676 3279 sacrum
691 3225 733 3280 lus
749 3224 833 3281 luerit
847 3225 942 3281 occidi.
977 3224 1058 3280 Cuius
1072 3225 1111 3277 rei

151 3322 232 3364 eausa
253 3307 320 3361 baec
341 3314 393 3364 est.
422 3305 531 3362 Veteres
547 3307 650 3363 nullum
667 3308 761 3364 animal
778 3325 884 3363 sacrum
898 3310 925 3363 in
943 3306 1040 3361 finibus
1054 3306 1111 3359 suis

150 3406 210 3446 esse
226 3389 409 3463 patiebantur,
424 3389 471 3444 sed
484 3389 626 3464 abigebant
639 3391 670 3446 ad
681 3389 748 3447 lines
760 3392 881 3460 deorum,
897 3389 994 3462 quibus
1007 3403 1111 3442 sacrum

150 3482 238 3529 esset:
261 3474 363 3528 animas
379 3489 445 3528 uero
461 3483 625 3531 sacratorum
640 3475 789 3543 hominum,
805 3489 874 3546 quos
890 3473 982 3527 Graeci
998 3461 1112 3539 ζωάνας

149 3565 259 3626 uocant,
283 3556 323 3612 dis
346 3554 448 3612 debitas
472 3557 655 3613 aestimabant.
689 3555 916 3624 Quemadmodum
939 3555 1025 3627 igitur
1040 3555 1112 3628 quod

152 3671 346 3678 ——-——-

224 3717 244 3786 ¹)
260 3720 299 3783 Os.
311 3716 469 3784 Marquardt
480 3719 550 3769 Rom.
562 3719 613 3768 All.
626 3719 661 3767 tv.
672 3734 701 3782 p.
716 3729 763 3769 att.
783 3717 929 3767 Hortmomr
946 3715 1017 3769 Ordo
1031 3720 1110 3769 indie.

145 3799 219 3856 μω.
261 3786 997 3856 Ι)δονίριίςοοιιιίΙίι)(1)ιόιιιιοιιι1.1ιοΙΙο,οριῗιιονμιίιί.
1026 3790 1111 3840 Antea

146 3869 207 3929 post
221 3862 278 3912 luci
292 3862 409 3925 supplevi
422 3862 452 3912 si.
490 3857 512 3929 ⁸)
526 3859 634 3925 conquiri
647 3860 704 3910 edd.
