2378 4386
378 526 444 564 rvuu
462 528 556 565 ravam
575 528 645 565 seur.
664 509 697 563 V.
719 517 760 565 12.
982 511 1045 576 543

95 656 199 730 pudore
215 657 283 713 aeris
299 655 377 712 alieni
394 655 438 713 uei
454 656 617 714 ualetudinis
632 657 745 717 alicuius
760 660 924 733 impatientia
939 660 992 716 hoc
1003 659 1048 715 ad·

95 742 185 811 misit,
206 757 261 797 non
282 741 521 813 inquietabuntur,
543 742 591 799 sed
614 743 763 799 ordinariae
779 745 945 802 successioni
967 743 1049 799 redin-

96 834 222 898 quantur.

248 903 293 986 [L.
309 907 360 966 45.
376 907 405 979 S.
421 907 449 965 3.
472 910 509 967 D.
525 910 559 965 de
574 914 638 967 iure
651 913 718 981 fisci
731 903 796 988 (49,
814 904 889 988 14).)

158 990 188 1050 2.
214 986 261 1048 ¹Ei
277 994 356 1049 etiam
374 991 449 1047 ueiut
464 991 577 1065 indigno
599 994 738 1050 auferetur
754 995 905 1064 hereditas,
922 997 968 1069 qui
982 993 1049 1050 ’aiii-

95 1069 175 1133 nern²
199 1076 242 1132 uei
265 1084 422 1148 cognatum,
446 1078 488 1132 cui
511 1078 568 1149 ipse
591 1076 623 1132 ab
646 1079 774 1133 intestato
790 1094 966 1135 successurus
981 1088 1049 1150 orat,

95 1169 285 1217 testamentum
301 1161 388 1216 Iacere
403 1157 552 1233 prohibuit,
568 1167 615 1215 aut
629 1176 663 1215 ne
678 1161 736 1216 iure
753 1159 924 1237 subsisteret,
941 1179 1049 1236 operam

95 1244 177 1300 dedit.

249 1322 292 1405 [L.
310 1326 360 1385 21.
383 1328 419 1384 D.
436 1329 470 1384 de
486 1329 541 1396 dir,
557 1342 633 1399 quoe
648 1333 680 1381 ut
694 1327 751 1382 ind.
769 1322 833 1401 (34,
850 1320 906 1404 9).)

159 1409 186 1469 3.
210 1403 256 1467 ³Si
273 1419 351 1484 pater
366 1411 409 1467 uel
425 1411 550 1467 dominus
566 1410 593 1466 id
609 1419 816 1479 testamentum,
832 1426 886 1483 quo
902 1409 973 1467 iilius
989 1413 1048 1469 eius

96 1495 140 1550 uel
155 1511 252 1551 seruus
267 1493 379 1550 heredes
402 1495 520 1550 instituti
535 1503 599 1549 sunt
614 1503 661 1549 ant
676 1493 794 1567 legatum
811 1503 984 1568 acceperunt,
999 1495 1048 1552 Iai-

96 1595 155 1634 sum
177 1577 341 1651 redarguant
362 1593 412 1634 nec
433 1576 585 1645 obtineant,
608 1575 673 1634 Irsco
695 1577 771 1634 locus
795 1586 846 1633 est.
891 1575 919 1638 4.
943 1571 1050 1636 ⁴Aetati

96 1664 166 1729 cius,
182 1661 228 1732 qui
243 1670 350 1716 accusat
367 1669 572 1732 testamentum,
588 1663 610 1716 si
627 1677 681 1717 non
697 1659 827 1732 obtineat,
843 1664 963 1718 succurri
979 1663 1050 1719 sodet

96 1745 122 1800 in
139 1743 176 1809 id,
194 1744 266 1816 qnod
282 1746 318 1800 ita
333 1746 435 1814 nmisit3
452 1747 561 1801 manime
577 1747 599 1801 si
616 1745 715 1801 tutoris
731 1754 776 1802 aut
792 1746 924 1802 curatoris
935 1746 1049 1802 consilio

97 1828 167 1883 actio
182 1829 305 1885 instituta
320 1830 365 1884 sit.

325 1904 369 1988 [L.
386 1912 435 1969 36.
458 1913 494 1969 D.
511 1913 546 1968 de
561 1917 662 1970 minor.
678 1905 721 1990 (4,
738 1906 814 1990 4).?]

159 1992 187 2053 ὕ.
212 1989 260 2052 *ln
276 2012 306 2052 ea
322 1997 470 2070 prouincia,
487 2014 518 2054 ex
534 2013 586 2070 qun
602 2000 662 2070 quis
679 1998 811 2068 originem
827 1996 912 2069 ducit,
931 1995 1048 2054 officium

97 2077 187 2136 fiscale
203 2079 389 2136 administrare
405 2080 574 2153 prohibetur,
590 2097 623 2137 ne
639 2089 685 2137 aut
701 2083 837 2154 gratiosus
849 2089 894 2138 aut
906 2081 1049 2138 calumnio-

98 2179 144 2218 sus
167 2163 237 2236 apud
255 2179 319 2220 suos
343 2180 402 2220 esse
426 2162 558 2220 uideatur.
602 2159 631 2221 6.
656 2158 785 2232 iunones
808 2166 866 2221 sine
890 2166 1049 2223 auctoritate

98 2246 206 2302 iudicati
229 2245 358 2303 officiales
381 2248 491 2304 aiicuius
515 2247 584 2304 bona
607 2257 742 2323 occupant
764 2247 808 2304 uei
830 2248 984 2305 describunt
1005 2248 1050 2306 uel

98 2328 149 2385 sub
165 2324 373 2388 obseruatione⁷
389 2348 449 2389 esse
463 2331 580 2404 iaciunt,
597 2332 668 2389 adito
685 2340 861 2406 procuratore
876 2333 972 2389 iniuria
987 2331 1051 2389 sub·

28 2427 87 2478 [ua]
100 2424 242 2485 mouetur,
265 2424 293 2471 et
316 2417 354 2471 nei
375 2415 454 2471 huius
477 2424 602 2472 auctores
619 2415 651 2472 ad
668 2416 834 2489 praesectum
850 2418 985 2488 praetorio
1002 2433 1050 2493 pu·

98 2498 187 2554 niendi
209 2501 363 2559 mittuntur.
407 2497 433 2558 7.
453 2492 555 2555 ⁸Litem
579 2501 605 2554 iu
626 2500 770 2572 perniciem
792 2499 957 2572 priuatorum
985 2499 1050 2556 dsco

99 2581 192 2638 donari
207 2599 261 2639 non
278 2592 399 2657 oportet,
414 2599 464 2639 neo
479 2581 511 2637 ab
526 2583 620 2638 eodem
636 2582 760 2637 donatam
776 2583 884 2656 suscipi.
928 2580 957 2639 8.
980 2575 1051 2637 ‘’irn-

98 2673 248 2739 pcratorem
272 2666 327 2722 liris
349 2683 428 2723 causa
450 2666 574 2722 heredem
598 2666 702 2722 institui
726 2665 889 2721 inuidiosum
918 2673 972 2720 est:
1001 2681 1051 2721 nee

99 2751 169 2805 enirn
185 2750 361 2807 calumniandi
377 2750 532 2819 facultatem
549 2766 580 2805 ex
597 2748 736 2823 principaii
752 2751 889 2804 maiestate
900 2750 958 2822 capi
970 2764 1051 2822 opor·

100 2840 149 2889 tet.
185 2829 213 2890 9.
233 2828 301 2890 ¹⁰i3x
317 2834 388 2890 nuda
403 2834 598 2908 pollicitatione
613 2832 686 2888 nulia
701 2834 770 2889 actio
786 2834 921 2900 nasciium
936 2831 1052 2906 ideoque

99 2918 157 2972 eius
172 2915 257 2989 bona,
279 2919 373 2991 quise
393 2919 518 2975 heredem
540 2919 728 2991 imperatorem
750 2917 881 2972 iacturum
897 2932 957 2972 esse
971 2918 1052 2974 iacta·

100 3008 186 3073 uerat,
201 3017 216 3056 a
233 3000 297 3057 fisco
313 3005 437 3077 occupari
454 3019 506 3058 non
523 3011 648 3075 possunt.

100 3152 139 3215 Cf.
148 3151 180 3201 L.
188 3154 231 3201 ult.
247 3153 279 3201 D.
288 3153 382 3203 debon.
393 3168 446 3203 eor.
457 3154 501 3217 pri
510 3160 569 3202 unte
578 3160 641 3203 sent.
652 3149 747 3218 (amar).
787 3148 807 3218 Ῑ)
819 3152 857 3215 Cf.
868 3151 900 3202 L.
911 3165 921 3203 a
930 3168 973 3217 pr.
989 3153 1021 3202 D.
1029 3154 1053 3203 ai

99 3225 157 3288 quia
171 3225 232 3287 aliq.
249 3230 302 3273 test.
318 3222 363 3288 (22,
378 3221 410 3288 o).
429 3222 461 3271 l..
476 3236 496 3273 2.
519 3223 544 3272 0.
560 3224 615 3273 eod.
631 3222 662 3288 (a,
677 3224 721 3288 22).
787 3220 839 3287 ²)r'.
855 3239 876 3272 e.
892 3239 1000 3273 uxorem
1014 3225 1053 3274 oet

98 3294 218 3343 maritum
229 3293 284 3356 (Fr.
302 3295 359 3343 Vnt.
370 3304 416 3344 212.
428 3305 474 3344 262.
485 3304 531 3344 aot.
547 3294 578 3345 1..
588 3305 622 3344 22.
636 3296 658 3354 §-
667 3306 687 3344 1.
703 3294 735 3344 D.
747 3295 778 3343 de
789 3309 858 3343 usur.
870 3294 914 3358 (22,
924 3292 953 3359 1).
971 3294 1053 3345 utnek

99 3363 183 3413 Pand.
199 3364 226 3412 X
232 3364 308 3416 XIII.
320 3380 347 3427 p.
358 3375 405 3415 222.
422 3363 518 3412 Kdenze
529 3366 554 3413 in
564 3364 717 3427 Zeitrclrr.s.
727 3366 812 3428 peren.
823 3364 893 3413 IdW.
907 3364 1052 3430 VIp.110),

99 3436 167 3483 inter
182 3450 244 3499 quor
258 3436 306 3485 doc
318 3436 445 3497 facillime
456 3436 518 3496 fleri
527 3441 619 3497 potest.
672 3431 693 3499 ⁸)
710 3435 748 3498 Cf.
760 3435 791 3483 L.
802 3446 822 3486 5.
837 3437 860 3495 ἕ.
875 3447 895 3486 a.
916 3434 947 3482 D.
964 3436 996 3485 de
1012 3436 1054 3484 Iris

98 3519 163 3569 puae
174 3513 201 3553 ur
211 3506 264 3554 ind.
275 3504 320 3570 (nr,
330 3504 361 3570 o).
399 3502 421 3569 ⁴)
433 3504 470 3567 Cf.
482 3503 513 3552 l..
525 3515 545 3555 a.
560 3506 582 3565 5.
593 3516 613 3555 s.
629 3504 660 3552 l..
675 3515 701 3554 cr
708 3506 753 3566 fin.
769 3505 800 3556 D.
812 3506 867 3554 eod.
878 3505 910 3554 1..
922 3516 942 3554 2.
960 3505 986 3554 C.
996 3507 1052 3556 eod.

98 3572 184 3640 (matt).
232 3573 304 3641 ο)θ[.
317 3576 403 3625 Cuiao.
416 3575 550 3638 parator!
561 3574 696 3632 Cod.1,rr.
743 3572 1051 3639 portunensem.

100 3641 120 3711 ⁷)
138 3646 176 3708 Os.
192 3645 224 3695 L.
239 3648 308 3708 ufin.
329 3646 360 3694 D.
376 3646 477 3709 dencp.
493 3646 706 3707 aelamitarum.
722 3644 766 3710 (rt,
781 3645 811 3711 2).
878 3642 899 3710 ⁸)
917 3645 954 3708 Cf.
971 3646 1002 3694 1..
1018 3656 1052 3697 22.

97 3718 121 3779 3.
135 3726 156 3766 2.
176 3716 208 3765 D.
224 3717 255 3765 de
270 3719 286 3765 ι’.
299 3718 360 3779 fisci
373 3716 417 3781 (ru,
433 3716 476 3779 22).
492 3715 523 3766 L.
538 3727 558 3765 2.
586 3714 611 3764 C.
631 3731 662 3763 ne
678 3715 734 3776 fiac.
749 3719 788 3765 oet
803 3731 870 3778 resp.
887 3715 922 3779 (2,
938 3716 981 3777 rs).

99 3783 185 3853 ⁹)an
199 3789 273 3836 etiam
289 3788 320 3838 L.
335 3799 368 3839 91.
393 3786 425 3836 D.
440 3786 472 3834 dc
485 3785 572 3835 Irered.
589 3786 646 3833 inat.
667 3784 715 3850 (22,
729 3785 761 3850 n).
788 3785 925 3848 01ἶ5.212.
946 3785 968 3835 I.
985 3785 1051 3847 quib.

98 3858 163 3907 mod.
180 3864 275 3908 testum.
292 3860 338 3920 ins.
354 3856 385 3922 (2,
401 3854 444 3920 it).
513 3852 545 3919 ¹⁰)
561 3854 660 3903 Partim
679 3863 751 3904 extat
770 3857 844 3905 etium
864 3855 891 3902 r'n
907 3853 938 3901 L.
955 3856 1000 3902 uit.
1019 3853 1051 3902 D.
