2378 4386
746 101 800 111 ,n-

694 110 715 117 ο

423 573 485 609 ann
504 573 606 610 ιιιιιιι.
624 556 645 610 Ι.
664 563 705 613 st.
990 561 1049 626 181

85 716 185 785 stituit,
210 724 239 771 ut
259 717 282 771 si
296 716 418 772 Latinas
439 718 467 772 in
490 715 557 772 urbe
580 720 699 775 triennio
722 721 866 793 pistrinum
889 723 1051 793 exercuerit,

84 802 162 870 quod
186 795 233 855 in¹
258 800 314 855 dies
340 801 462 874 singulos
485 818 541 857 non
564 805 652 859 minus
681 820 760 877 qusm
790 814 921 862 centenos
943 808 1052 864 modias

85 884 212 940 frumenti
241 879 398 958 ιιίιιιιιιιι,2
427 884 460 941 sd
482 887 526 943 ius
548 885 692 954 Quiritium
716 894 876 963 perueniret
899 882 1050 968 1³——
1063 888 1087 938 ⁹·

84 987 126 1024 vv.
140 969 332 1026 1—3———-
346 963 350 1048 Ι
367 964 413 1027 3⁶.
427 1013 434 1026 .
450 963 479 1027 ‚⁴
493 973 609 1029 maiores
625 974 736 1046 triginta
751 991 881 1031 annorum
895 978 1051 1033 manumissi

85 1063 112 1108 et
126 1051 214 1110 Latini
230 1056 293 1112 iacti
309 1057 439 1112 eomodo
454 1059 586 1126 poslsunt
600 1058 641 1112 ius
657 1056 959 1133 Quiritium'consequi,
975 1063 1053 1135 quod

84 1146 116 1195 ut
131 1144 211 1196 serui
230 1142 353 1214 tritgints
375 1155 507 1195 annorum
524 1143 752 1198 manumittantur
772 1148 848 1202 iusta
864 1161 902 1200 ac
923 1149 1050 1221 lepitima

84 1228 304 1282 manumissione
320 1225 356 1280 ab
378 1240 421 1296 eo,
445 1229 528 1281 cuius
544 1240 583 1282 ex
604 1229 669 1282 iure
686 1227 835 1295 Quiritium
850 1233 916 1285 sint.
951 1235 1050 1305 itaque

84 1310 205 1367 Latinus
221 1314 225 1375 1
243 1308 426 1365 manumissus
450 1308 569 1365 uindicta
593 1319 639 1366 sut
661 1327 744 1366 censu
766 1322 812 1368 sut
834 1321 999 1372 testamento
1023 1325 1050 1372 et

84 1398 154 1456 ciuis
165 1401 301 1456 Romanus
320 1398 323 1458 Ι
341 1402 367 1448 et
383 1397 445 1449 eius
460 1392 572 1449 libertus
589 1393 630 1465 iit,
646 1398 691 1469 qui
708 1412 769 1450 eum
784 1393 955 1452 ιιινιιιιιίι.δ
985 1416 1052 1473 ergo

158 1540 179 1607 ¹)
200 1541 239 1591 ‘in
255 1556 304 1605 quo
320 1536 357 1588 in’
375 1542 408 1599 ci.
423 1538 497 1588 Stud.
511 1538 559 1587 sed
577 1539 658 1601 ipsum
669 1541 811 1602 pistrinum
825 1548 862 1590 est
877 1545 1053 1593 centenarium

84 1617 142 1683 (fr.
158 1614 186 1662 V
184 1622 218 1663 at.
231 1612 281 1672 ass)
297 1619 320 1659 et
330 1612 365 1674 cf.
376 1618 453 1658 antea
469 1624 543 1672 esque
553 1610 622 1657 nauis
633 1646 638 1658 .
650 1646 655 1658 .
668 1646 673 1658 .
685 1612 824 1672 portauerit.
864 1608 884 1675 ¹)
899 1612 973 1672 Quod
981 1622 1053 1664 oruc·

83 1688 154 1737 cedit
165 1686 188 1732 b.
200 1701 222 1732 u.
234 1685 335 1746 sipuum
344 1682 429 1744 fuitne
439 1696 454 1744 p
465 1681 556 1729 omisso
568 1694 580 1728 r
590 1679 635 1746 (=
644 1681 727 1745 popuii
738 1681 804 1730 itum.
815 1683 850 1746 es.
863 1682 906 1732 Fr.
923 1684 981 1734 Vat.
992 1683 1053 1752 uss.)

83 1775 119 1807 an
135 1770 230 1805 errore
241 1753 370 1817 positum?
397 1750 486 1815 Suppl.
502 1749 538 1799 St.
558 1751 597 1800 ed.
618 1751 667 1800 Kr.
683 1762 702 1802 s.
720 1768 747 1816 p.
767 1752 846 1803 XXI.
861 1762 965 1804 secutus
984 1772 1053 1807 nunc

83 1829 166 1878 omisi
226 1820 247 1886 ³)
265 1823 328 1872 Tres
339 1824 439 1887 primos
452 1823 529 1872 buius
539 1838 602 1888 pap.
617 1840 638 1872 a.
651 1839 697 1873 nec
711 1824 785 1875 Stnd.
796 1827 882 1890 tepere
893 1829 978 1889 potuit
996 1828 1053 1892 (en-

84 1907 158 1963 cepta
178 1913 207 1946 o:
230 1895 384 1961 (coniuequi
404 1896 430 1943 in
450 1911 472 1944 o.
492 1906 512 1945 s.
531 1895 595 1944 med.
611 1897 638 1944 in
652 1895 762 1960 Suppl.).
799 1895 869 1957 Quae
889 1913 949 1947 uero
963 1913 998 1947 ex
1013 1913 1052 1948 se-

85 1969 220 2034 quentibus
236 1985 256 2016 o.
269 1982 298 2017 s.
309 2004 314 2015 .
327 2004 332 2014 .
345 1979 370 2016 ιιι
380 1967 479 2029 passim
489 1968 640 2030 expiscatus
650 1975 695 2027 cst,
701 1975 833 2031 postremo
844 1971 920 2019 etiam
930 1971 1052 2021 continuo

86 2044 154 2106 lepit,
166 2039 288 2103 probant,
304 2038 368 2088 baec
381 2040 475 2096 omnia,
491 2045 518 2086 ut
532 2039 608 2086 etiam
623 2037 762 2104 Kraperus
776 2039 858 2105 (Krit.
873 2039 1052 2108 Beitr.p.1u)

86 2113 193 2166 iudicat,
202 2112 238 2159 ad
246 2111 406 2159 iterationem
413 2111 581 2172 pertinuisse,
591 2110 658 2158 unde
666 2126 734 2160 nunc
742 2113 950 2171 coniicerelt'cet,
961 2111 1054 2163 Gaium

86 2184 113 2230 ia
124 2200 146 2230 o.
158 2196 169 2231 1
181 2219 186 2230 .
199 2221 204 2231 .
216 2221 221 2230 .
233 2193 245 2232 s
258 2182 317 2244 sere
326 2181 435 2238 deense,
450 2180 573 2229 Latinam
582 2182 663 2229 solam
673 2183 749 2230 etiam
764 2189 804 2231 ter
820 2185 924 2233 enixam
934 2199 968 2233 ex
977 2182 1052 2240 soto.

88 2268 183 2301 omnem
197 2252 319 2302 Latinum
334 2251 455 2313 beneficio
468 2253 617 2314 principali
631 2253 672 2301 ius
689 2251 735 2312 Qu.
746 2256 861 2318 consequi
868 2270 954 2318 posse,
972 2271 989 2305 a
1003 2269 1053 2320 quo

88 2323 124 2372 ad
134 2325 300 2379 iterationem,
312 2339 362 2386 pua
373 2324 427 2386 ipse
432 2330 563 2385 patronus
573 2322 621 2372 bac
629 2322 777 2385 beneficium
786 2326 885 2384 tribuit,
893 2327 986 2389 facilis
995 2334 1053 2376 erat

88 2396 222 2456 transitus,
236 2397 304 2444 velut
317 2395 358 2442 bis
373 2394 458 2442 verbis
473 2394 547 2442 initio
562 2395 584 2454 ξ.
597 2405 635 2448 85:
653 2391 705 2442 ‘Ab
720 2396 777 2458 ipso
788 2394 923 2460 patrono’.
963 2397 985 2464 ⁴)
1002 2396 1052 2447 Re·

86 2467 186 2515 stitatio
204 2466 281 2514 buius
304 2467 352 2525 gi,
376 2467 451 2513 cuius
470 2463 560 2527 ubique
579 2466 660 2527 spatii
678 2473 702 2514 et
721 2469 867 2515 litterarum
887 2465 931 2514 V·t
949 2471 1053 2519 ratione

86 2536 174 2586 babila
194 2539 220 2585 in
240 2538 279 2586 ed.
299 2549 319 2585 ι.
336 2536 483 2599 periculam
500 2536 629 2596 feceram,
653 2539 756 2585 multum
777 2537 943 2599 discrepabat
962 2538 993 2587 ab
1013 2554 1052 2596 ea,

87 2624 161 2672 quam
180 2607 318 2672 Krbperas
337 2609 352 2655 l.
369 2623 391 2656 c.
412 2606 583 2669 excogitauit,
605 2607 700 2654 utalia
719 2614 825 2663 taceam,
845 2608 896 2655 iam
910 2623 939 2657 eo
959 2610 1053 2670 impro-

87 2678 202 2735 babilem,
222 2678 290 2743 quod
308 2685 401 2739 contra
420 2678 547 2725 rationem
568 2676 635 2723 iuris
653 2683 677 2724 et
695 2674 801 2738 Ulpiani
814 2679 995 2726 auctoritatem
1009 2692 1054 2727 no-

87 2767 143 2798 uum
158 2765 190 2799 ac
205 2751 296 2798 mirum
310 2751 352 2797 ius
366 2744 431 2814 lepis
446 2747 538 2795 Aeliae
552 2744 657 2795 Sentias
672 2747 782 2804 inducit,
801 2754 826 2795 et
845 2748 919 2796 circa
930 2749 1007 2809 finem
1021 2748 1054 2797 ab

88 2820 136 2869 boc
151 2823 206 2871 loco
217 2824 297 2884 plane
312 2823 398 2869 aliena
408 2820 440 2868 de
450 2824 610 2881 patronatus
620 2818 677 2867 iure
690 2816 755 2867 Gaio
765 2817 887 2867 obtrudit.
914 2815 967 2868 Sed
977 2835 1053 2879 nunc,

89 2889 132 2939 ubi
144 2890 233 2955 Suppt.
248 2890 288 2941 Sl.
299 2907 327 2953 p.
347 2890 423 2939 XXI
432 2891 540 2939 meliora
554 2889 690 2948 dederunt,
710 2896 735 2938 et
748 2890 804 2952 ipse
819 2892 845 2938 in
860 2892 947 2940 maltis
961 2889 993 2940 ab
1008 2892 1054 2941 illa

87 2962 222 3012 discedere
240 2977 333 3027 sapor,
357 2969 381 3010 et
400 2963 509 3010 maxime
528 2961 629 3024 quidem
648 2962 699 3010 iam
718 2961 745 3009 in
765 2976 807 3018 eo,
829 2961 898 3025 qaod
915 2964 951 3024 §.i
969 2965 1054 3023 initio,

87 3034 208 3097 deceptus
218 3035 300 3097 salsa,
321 3035 359 3080 uti
377 3048 445 3081 nunc
459 3039 577 3096 apparet.
592 3034 686 3095 priore
705 3031 898 3083 &dilectione
918 3032 996 3098 (uelut
1015 3034 1054 3084 bis

88 3101 249 3154 ‘Latinorum'
264 3120 315 3167 pro
332 3100 480 3160 ‘annorum’,
496 3099 644 3152 ‘consilium’
658 3118 710 3167 pro
726 3099 863 3169 ‘consequi’
877 3096 945 3171 ete),
962 3105 1054 3155 Gaium

87 3179 162 3225 etiam
181 3177 308 3226 minorum
327 3174 414 3223 XXX
428 3191 488 3224 ann.
508 3177 721 3224 manumissorum
735 3179 860 3226 rationem
874 3176 995 3227 babuisse
1005 3192 1053 3240 po·

86 3261 204 3296 sueram:
218 3247 287 3310 quod
296 3247 398 3295 omnino
408 3244 533 3295 credibile
543 3245 652 3309 quidem,
668 3245 715 3311 (cs.
727 3245 771 3296 Fr.
782 3247 882 3297 Dositb.
895 3261 927 3298 ιι.
938 3255 962 3297 et
971 3264 1054 3311 snpra

87 3319 110 3379 §-
121 3329 147 3368 ιι
162 3319 188 3366 iu
204 3319 284 3378 nota),
298 3317 346 3366 sed
359 3332 393 3365 an
410 3317 509 3379 facturn
523 3318 566 3373 sit,
586 3333 654 3366 nnuc
673 3319 783 3367 niaxime
801 3320 859 3369 ooli.
880 3317 934 3382 lltp.
950 3331 971 3375 ι,
985 3331 1005 3368 ι.
1026 3319 1053 3366 in

87 3389 165 3439 dubio
175 3389 379 3451 relinquendum.
399 3395 427 3437 at
435 3390 524 3452 potius
534 3389 678 3452 respondam
688 3396 733 3438 est.
765 3388 835 3449 Quae
845 3405 914 3438 nunc
925 3404 1053 3452 propono,

89 3462 115 3508 iu
130 3458 246 3509 omnibus
263 3460 322 3520 fere
337 3460 432 3522 peritis
450 3459 623 3521 satisfactura
642 3474 697 3508 esse
716 3459 825 3522 confido,
844 3461 920 3508 etiam
931 3475 999 3522 prae
1013 3459 1053 3508 ed.

89 3530 136 3579 Kr,
152 3543 182 3588 n,
197 3546 262 3595 quae
276 3532 332 3579 sine
347 3546 427 3579 causa
441 3532 539 3593 partim
554 3531 641 3578 aliena
660 3531 779 3588 intrudit,
796 3532 894 3593 partim
913 3528 999 3578 biatus
1014 3530 1053 3576 in·

87 3604 204 3665 empletos
213 3603 347 3665 relinquit,
357 3603 456 3664 partim
465 3607 535 3649 recte
550 3601 649 3648 tradita
659 3607 768 3649 attentat
778 3604 817 3649 uel
826 3601 926 3650 omittit.
965 3596 986 3662 Ι5)
1001 3598 1055 3646 Hic

88 3688 149 3722 usses
168 3672 291 3736 loquendi
310 3680 401 3721 contra
418 3672 478 3722 Coei.
494 3673 675 3720 auctoritatem
690 3673 740 3719 iam
755 3678 814 3734 post
834 3669 878 3718 tt.
899 3669 958 3717 Vat.
973 3679 1011 3718 ιιι
1026 3670 1053 3716 in

158 3793 184 3866 ξ.
201 3800 243 3848 35.
265 3797 303 3859 Cf.
319 3794 374 3860 Illp.
385 3807 436 3854 ua.
457 3809 478 3853 1,
489 3808 522 3845 ιι.
545 3793 588 3841 Fr.
605 3793 662 3842 Vnt.
674 3804 720 3844 ιιι.
741 3792 810 3856 Epit.
824 3805 843 3847 1,
860 3802 914 3870 ιιι.
937 3791 980 3839 Fr.
991 3790 1053 3839 Dos.

88 3868 217 4004 ιῖἰᾳΡοὶξῖι.
237 3883 275 3932 ep.
292 3880 312 3925 t,
327 3879 360 3918 ts.
390 3866 471 3916 Tacit.
487 3866 519 3914 A.
541 3877 574 3922 ιι,
590 3876 623 3916 nt.
648 3864 764 3912 bonorum
782 3856 920 3925 possessio]
941 3859 978 3920 Cf.
993 3871 1013 3915 u,
1028 3868 1055 3908 ts
