<?xml version="1.0" encoding="UTF-8"?>
<!DOCTYPE html PUBLIC "-//W3C//DTD XHTML 1.0 Transitional//EN"
    "http://www.w3.org/TR/xhtml1/DTD/xhtml1-transitional.dtd">
<html xmlns="http://www.w3.org/1999/xhtml" xml:lang="en" lang="en">
 <head>
  <title>
</title>
<meta http-equiv="Content-Type" content="text/html;charset=utf-8" />
  <meta name='ocr-system' content='tesseract 3.04.00' />
  <meta name='ocr-capabilities' content='ocr_page ocr_carea ocr_par ocr_line ocrx_word'/>
</head>
<body>
  <div class='ocr_page' id='page_1' title='image "./iurisprvdentiae00huscgoog_0175.png"; bbox 0 0 2378 4386; ppageno 0'>
   <div class='ocr_carea' id='block_1_1' title="bbox 497 567 795 605">
    <p class='ocr_par' dir='ltr' id='par_1_1' title="bbox 497 567 795 605">
     <span class='ocr_line' id='line_1_1' title="bbox 497 567 795 605; baseline -0.007 0"><span class='ocrx_word' id='word_1_1' title='bbox 497 570 523 604; x_wconf 78' lang='lat' dir='ltr'><strong>tt.</strong></span> <span class='ocrx_word' id='word_1_2' title='bbox 542 567 671 605; x_wconf 68' lang='lat' dir='ltr'><strong>memus</strong></span> <span class='ocrx_word' id='word_1_3' title='bbox 690 567 795 603; x_wconf 69' lang='grc' dir='ltr'><strong>ΡΒΟΒῊ.</strong></span> 
     </span>
    </p>
   </div>
   <div class='ocr_carea' id='block_1_2' title="bbox 169 689 1179 2790">
    <p class='ocr_par' dir='ltr' id='par_1_2' title="bbox 169 689 1179 2790">
     <span class='ocr_line' id='line_1_2' title="bbox 501 689 891 748; baseline -0.005 -1"><span class='ocrx_word' id='word_1_4' title='bbox 501 695 572 748; x_wconf 81' lang='lat' dir='ltr'><strong>iuste</strong></span> <span class='ocrx_word' id='word_1_5' title='bbox 586 707 664 746; x_wconf 79' lang='lat' dir='ltr'><strong>ceusu</strong></span> <span class='ocrx_word' id='word_1_6' title='bbox 680 707 739 744; x_wconf 89' lang='lat' dir='ltr'><strong>esse</strong></span> <span class='ocrx_word' id='word_1_7' title='bbox 755 689 891 745; x_wconf 87' lang='lat' dir='ltr'><strong>uidebitur</strong></span> 
     </span>
     <span class='ocr_line' id='line_1_3' title="bbox 501 772 811 829; baseline -0.003 -1"><span class='ocrx_word' id='word_1_8' title='bbox 501 790 556 829; x_wconf 89' lang='lat' dir='ltr'><strong>non</strong></span> <span class='ocrx_word' id='word_1_9' title='bbox 571 772 717 829; x_wconf 83' lang='lat' dir='ltr'><strong>calumniae</strong></span> <span class='ocrx_word' id='word_1_10' title='bbox 732 788 811 828; x_wconf 83' lang='lat' dir='ltr'><strong>causo</strong></span> 
     </span>
     <span class='ocr_line' id='line_1_4' title="bbox 169 849 1023 929; baseline -0.006 -13"><span class='ocrx_word' id='word_1_11' title='bbox 169 861 232 916; x_wconf 67' lang='lat' dir='ltr'><strong>(LC.</strong></span> <span class='ocrx_word' id='word_1_12' title='bbox 500 856 642 913; x_wconf 89' lang='lat' dir='ltr'><strong>consilium</strong></span> <span class='ocrx_word' id='word_1_13' title='bbox 657 858 729 928; x_wconf 90' lang='lat' dir='ltr'><strong>cepit</strong></span> <span class='ocrx_word' id='word_1_14' title='bbox 743 855 787 911; x_wconf 88' lang='lat' dir='ltr'><strong>uei</strong></span> <span class='ocrx_word' id='word_1_15' title='bbox 802 872 882 912; x_wconf 83' lang='lat' dir='ltr'><strong>causa</strong></span> <span class='ocrx_word' id='word_1_16' title='bbox 897 849 1023 929; x_wconf 78' lang='lat' dir='ltr'><strong>cognito¹</strong></span> 
     </span>
     <span class='ocr_line' id='line_1_5' title="bbox 169 937 1128 998; baseline -0.002 0"><span class='ocrx_word' id='word_1_17' title='bbox 169 943 198 998; x_wconf 85' lang='lat' dir='ltr'><strong>F.</strong></span> <span class='ocrx_word' id='word_1_18' title='bbox 206 942 234 998; x_wconf 87' lang='lat' dir='ltr'><strong>C.</strong></span> <span class='ocrx_word' id='word_1_19' title='bbox 500 938 625 996; x_wconf 79' lang='lat' dir='ltr'><strong>fraudere</strong></span> <span class='ocrx_word' id='word_1_20' title='bbox 638 939 786 996; x_wconf 74' lang='lat' dir='ltr'>creditores</span> <span class='ocrx_word' id='word_1_21' title='bbox 803 939 846 995; x_wconf 91' lang='lat' dir='ltr'><strong>uei</strong></span> <span class='ocrx_word' id='word_1_22' title='bbox 862 937 974 995; x_wconf 83' lang='lat' dir='ltr'><strong>fiduciae</strong></span> <span class='ocrx_word' id='word_1_23' title='bbox 989 955 1068 995; x_wconf 81' lang='lat' dir='ltr'><strong>cause</strong></span> <span class='ocrx_word' id='word_1_24' title='bbox 1083 939 1128 996; x_wconf 92' lang='lat' dir='ltr'><strong>uel</strong></span> 
     </span>
     <span class='ocr_line' id='line_1_6' title="bbox 540 1023 776 1079; baseline -0.004 0"><span class='ocrx_word' id='word_1_25' title='bbox 540 1023 776 1079; x_wconf 78' lang='lat' dir='ltr'><strong>fideicommissum</strong></span> 
     </span>
     <span class='ocr_line' id='line_1_7' title="bbox 169 1100 1128 1181; baseline -0.002 -17"><span class='ocrx_word' id='word_1_26' title='bbox 169 1109 234 1166; x_wconf 63' lang='lat' dir='ltr'><strong>tte.</strong></span> <span class='ocrx_word' id='word_1_27' title='bbox 498 1100 621 1180; x_wconf 79' lang='lat' dir='ltr'><strong>²poctum</strong></span> <span class='ocrx_word' id='word_1_28' title='bbox 643 1116 809 1164; x_wconf 88' lang='lat' dir='ltr'><strong>conuentum</strong></span> <span class='ocrx_word' id='word_1_29' title='bbox 831 1105 875 1163; x_wconf 91' lang='lat' dir='ltr'><strong>uei</strong></span> <span class='ocrx_word' id='word_1_30' title='bbox 895 1107 1007 1181; x_wconf 81' lang='lat' dir='ltr'><strong>pecunia</strong></span> <span class='ocrx_word' id='word_1_31' title='bbox 1027 1109 1128 1162; x_wconf 88' lang='lat' dir='ltr'><strong>consti·</strong></span> 
     </span>
     <span class='ocr_line' id='line_1_8' title="bbox 540 1198 598 1246; baseline 0 -1"><span class='ocrx_word' id='word_1_32' title='bbox 540 1198 598 1246; x_wconf 74' lang='lat' dir='ltr'><strong>tuta</strong></span> 
     </span>
     <span class='ocr_line' id='line_1_9' title="bbox 169 1267 730 1336; baseline -0.007 -5"><span class='ocrx_word' id='word_1_33' title='bbox 169 1277 196 1336; x_wconf 87' lang='lat' dir='ltr'><strong>C.</strong></span> <span class='ocrx_word' id='word_1_34' title='bbox 206 1276 235 1330; x_wconf 89' lang='lat' dir='ltr'><strong>V.</strong></span> <span class='ocrx_word' id='word_1_35' title='bbox 498 1283 606 1330; x_wconf 89' lang='lat' dir='ltr'><strong>centum</strong></span> <span class='ocrx_word' id='word_1_36' title='bbox 622 1267 730 1328; x_wconf 80' lang='lat' dir='ltr'><strong>uirum⁸</strong></span> 
     </span>
     <span class='ocr_line' id='line_1_10' title="bbox 169 1357 850 1421; baseline -0.006 -4"><span class='ocrx_word' id='word_1_37' title='bbox 169 1360 235 1421; x_wconf 82' lang='lat' dir='ltr'>S.T.</span> <span class='ocrx_word' id='word_1_38' title='bbox 245 1361 277 1416; x_wconf 77' lang='lat' dir='ltr'><strong>A.</strong></span> <span class='ocrx_word' id='word_1_39' title='bbox 498 1357 557 1413; x_wconf 87' lang='lat' dir='ltr'><strong>sine</strong></span> <span class='ocrx_word' id='word_1_40' title='bbox 573 1357 673 1412; x_wconf 87' lang='lat' dir='ltr'><strong>tutoris</strong></span> <span class='ocrx_word' id='word_1_41' title='bbox 688 1358 850 1413; x_wconf 77' lang='lat' dir='ltr'><strong>auctoritate</strong></span> 
     </span>
     <span class='ocr_line' id='line_1_11' title="bbox 170 1447 716 1502; baseline -0.009 -1"><span class='ocrx_word' id='word_1_42' title='bbox 170 1447 237 1502; x_wconf 74' lang='lat' dir='ltr'><strong>ut.</strong></span> <span class='ocrx_word' id='word_1_43' title='bbox 499 1448 591 1496; x_wconf 89' lang='lat' dir='ltr'><strong>tutore</strong></span> <span class='ocrx_word' id='word_1_44' title='bbox 606 1450 716 1496; x_wconf 77' lang='lat' dir='ltr'><strong>auctore</strong></span> 
     </span>
     <span class='ocr_line' id='line_1_12' title="bbox 171 1521 795 1586; baseline -0.008 -3"><span class='ocrx_word' id='word_1_45' title='bbox 171 1527 237 1586; x_wconf 65' lang='lat' dir='ltr'><strong>RE.</strong></span> <span class='ocrx_word' id='word_1_46' title='bbox 250 1527 279 1583; x_wconf 87' lang='lat' dir='ltr'><strong>ii.</strong></span> <span class='ocrx_word' id='word_1_47' title='bbox 500 1524 600 1580; x_wconf 85' lang='lat' dir='ltr'><strong>iactum</strong></span> <span class='ocrx_word' id='word_1_48' title='bbox 616 1540 676 1580; x_wconf 87' lang='lat' dir='ltr'><strong>csse</strong></span> <span class='ocrx_word' id='word_1_49' title='bbox 691 1521 795 1580; x_wconf 87' lang='lat' dir='ltr'><strong>dicetur</strong></span> 
     </span>
     <span class='ocr_line' id='line_1_13' title="bbox 170 1600 639 1668; baseline -0.006 -2"><span class='ocrx_word' id='word_1_50' title='bbox 170 1612 202 1667; x_wconf 91' lang='grc' dir='ltr'><strong>Η.</strong></span> <span class='ocrx_word' id='word_1_51' title='bbox 211 1612 238 1668; x_wconf 93' lang='lat' dir='ltr'><strong>S.</strong></span> <span class='ocrx_word' id='word_1_52' title='bbox 500 1609 567 1663; x_wconf 83' lang='lat' dir='ltr'><strong>haec</strong></span> <span class='ocrx_word' id='word_1_53' title='bbox 581 1600 639 1663; x_wconf 82' lang='lat' dir='ltr'><strong>sio⁴</strong></span> 
     </span>
     <span class='ocr_line' id='line_1_14' title="bbox 171 1690 725 1764; baseline -0.007 -15"><span class='ocrx_word' id='word_1_54' title='bbox 171 1695 237 1762; x_wconf 84' lang='grc' dir='ltr'><strong>0.Α.</strong></span> <span class='ocrx_word' id='word_1_55' title='bbox 502 1690 725 1764; x_wconf 81' lang='lat' dir='ltr'><strong>quemadmodum</strong></span> 
     </span>
     <span class='ocr_line' id='line_1_15' title="bbox 170 1773 886 1849; baseline -0.001 -17"><span class='ocrx_word' id='word_1_56' title='bbox 170 1776 240 1845; x_wconf 79' lang='lat' dir='ltr'><strong>(tit.</strong></span> <span class='ocrx_word' id='word_1_57' title='bbox 502 1791 556 1847; x_wconf 91' lang='lat' dir='ltr'><strong>quo</strong></span> <span class='ocrx_word' id='word_1_58' title='bbox 572 1773 653 1829; x_wconf 81' lang='lat' dir='ltr'><strong>motio</strong></span> <span class='ocrx_word' id='word_1_59' title='bbox 669 1773 713 1830; x_wconf 87' lang='lat' dir='ltr'><strong>uei</strong></span> <span class='ocrx_word' id='word_1_60' title='bbox 729 1792 784 1848; x_wconf 93' lang='lat' dir='ltr'><strong>quo</strong></span> <span class='ocrx_word' id='word_1_61' title='bbox 800 1777 886 1849; x_wconf 81' lang='lat' dir='ltr'><strong>tnagis</strong></span> 
     </span>
     <span class='ocr_line' id='line_1_16' title="bbox 169 1856 919 1930; baseline -0.004 -13"><span class='ocrx_word' id='word_1_62' title='bbox 169 1861 199 1917; x_wconf 90' lang='lat' dir='ltr'><strong>P.</strong></span> <span class='ocrx_word' id='word_1_63' title='bbox 207 1860 308 1918; x_wconf 68' lang='lat' dir='ltr'><strong>eut.</strong></span> <span class='ocrx_word' id='word_1_64' title='bbox 498 1873 547 1930; x_wconf 91' lang='lat' dir='ltr'><strong>pro</strong></span> <span class='ocrx_word' id='word_1_65' title='bbox 563 1856 660 1930; x_wconf 84' lang='lat' dir='ltr'><strong>praede</strong></span> <span class='ocrx_word' id='word_1_66' title='bbox 673 1856 729 1914; x_wconf 88' lang='lat' dir='ltr'><strong>litis</strong></span> <span class='ocrx_word' id='word_1_67' title='bbox 745 1859 919 1916; x_wconf 84' lang='lat' dir='ltr'><strong>uindiciarum</strong></span> 
     </span>
     <span class='ocr_line' id='line_1_17' title="bbox 171 1936 1179 2005; baseline 0.005 -10"><span class='ocrx_word' id='word_1_68' title='bbox 171 1944 225 2001; x_wconf 78' lang='lat' dir='ltr'><strong>is.</strong></span> <span class='ocrx_word' id='word_1_69' title='bbox 499 1936 675 1996; x_wconf 83' lang='lat' dir='ltr'><strong>&#39;indicatum⁵</strong></span> <span class='ocrx_word' id='word_1_70' title='bbox 690 1942 761 1998; x_wconf 92' lang='lat' dir='ltr'><strong>soiui</strong></span> <span class='ocrx_word' id='word_1_71' title='bbox 1137 1956 1179 2005; x_wconf 73' lang='lat' dir='ltr'><strong>[aa]</strong></span> 
     </span>
     <span class='ocr_line' id='line_1_18' title="bbox 170 2022 1128 2097; baseline -0.001 -14"><span class='ocrx_word' id='word_1_72' title='bbox 170 2025 282 2084; x_wconf 84' lang='lat' dir='ltr'>&#39;B.E.E.</span> <span class='ocrx_word' id='word_1_73' title='bbox 291 2026 318 2081; x_wconf 87' lang='lat' dir='ltr'><strong>P.</strong></span> <span class='ocrx_word' id='word_1_74' title='bbox 328 2025 356 2084; x_wconf 90' lang='lat' dir='ltr'><strong>P.</strong></span> <span class='ocrx_word' id='word_1_75' title='bbox 364 2025 392 2081; x_wconf 87' lang='lat' dir='ltr'><strong>V.</strong></span> <span class='ocrx_word' id='word_1_76' title='bbox 401 2026 431 2093; x_wconf 79' lang='lat' dir='ltr'><strong>Q.</strong></span> <span class='ocrx_word' id='word_1_77' title='bbox 441 2025 471 2079; x_wconf 87' lang='lat' dir='ltr'><strong>P.</strong></span> <span class='ocrx_word' id='word_1_78' title='bbox 498 2022 582 2080; x_wconf 84' lang='lat' dir='ltr'><strong>&#39;hona</strong></span> <span class='ocrx_word' id='word_1_79' title='bbox 595 2040 628 2078; x_wconf 83' lang='lat' dir='ltr'><strong>ex</strong></span> <span class='ocrx_word' id='word_1_80' title='bbox 643 2023 731 2081; x_wconf 84' lang='lat' dir='ltr'><strong>edicto</strong></span> <span class='ocrx_word' id='word_1_81' title='bbox 752 2025 907 2097; x_wconf 83' lang='lat' dir='ltr'><strong>(possideri</strong></span> <span class='ocrx_word' id='word_1_82' title='bbox 918 2027 1066 2095; x_wconf 78' lang='lat' dir='ltr'><em>proscribi</em></span> <span class='ocrx_word' id='word_1_83' title='bbox 1080 2042 1128 2083; x_wconf 86' lang='lat' dir='ltr'><strong>ae·</strong></span> 
     </span>
     <span class='ocr_line' id='line_1_19' title="bbox 212 2101 1022 2182; baseline -0.001 -16"><span class='ocrx_word' id='word_1_84' title='bbox 212 2111 243 2168; x_wconf 86' lang='lat' dir='ltr'><strong>P.</strong></span> <span class='ocrx_word' id='word_1_85' title='bbox 251 2111 269 2166; x_wconf 87' lang='lat'><strong>1.</strong></span> <span class='ocrx_word' id='word_1_86' title='bbox 541 2111 661 2180; x_wconf 82' lang='lat' dir='ltr'><strong>nireqne</strong></span> <span class='ocrx_word' id='word_1_87' title='bbox 674 2125 729 2178; x_wconf 89' lang='lat' dir='ltr'><strong>pro</strong></span> <span class='ocrx_word' id='word_1_88' title='bbox 742 2112 873 2181; x_wconf 74' lang='lat' dir='ltr'><strong><em>portione</em></strong></span> <span class='ocrx_word' id='word_1_89' title='bbox 888 2101 1022 2182; x_wconf 58' lang='lat' dir='ltr'><strong>tuccini</strong></span> 
     </span>
     <span class='ocr_line' id='line_1_20' title="bbox 233 2200 777 2283; baseline -0.009 -15"><span class='ocrx_word' id='word_1_90' title='bbox 233 2206 262 2268; x_wconf 81' lang='grc'><strong>6.</strong></span> <span class='ocrx_word' id='word_1_91' title='bbox 291 2208 337 2283; x_wconf 85' lang='lat' dir='ltr'><strong>(in</strong></span> <span class='ocrx_word' id='word_1_92' title='bbox 351 2214 424 2267; x_wconf 84' lang='lat' dir='ltr'><strong>iaris</strong></span> <span class='ocrx_word' id='word_1_93' title='bbox 439 2212 532 2266; x_wconf 83' lang='lat' dir='ltr'><strong>ciuilis</strong></span> <span class='ocrx_word' id='word_1_94' title='bbox 546 2209 630 2265; x_wconf 80' lang='lat' dir='ltr'><strong>tibris</strong></span> <span class='ocrx_word' id='word_1_95' title='bbox 643 2200 777 2278; x_wconf 77' lang='lat' dir='ltr'><strong>haece.)⁷</strong></span> 
     </span>
     <span class='ocr_line' id='line_1_21' title="bbox 170 2309 654 2367; baseline -0.004 -1"><span class='ocrx_word' id='word_1_96' title='bbox 170 2311 228 2367; x_wconf 79' lang='lat' dir='ltr'><strong>LE.</strong></span> <span class='ocrx_word' id='word_1_97' title='bbox 498 2309 578 2365; x_wconf 87' lang='lat' dir='ltr'><strong>iudex</strong></span> <span class='ocrx_word' id='word_1_98' title='bbox 594 2318 654 2365; x_wconf 91' lang='lat' dir='ltr'><strong>esto</strong></span> 
     </span>
     <span class='ocr_line' id='line_1_22' title="bbox 171 2393 794 2467; baseline 0.002 -19"><span class='ocrx_word' id='word_1_99' title='bbox 171 2393 237 2450; x_wconf 75' lang='lat' dir='ltr'><strong>iis.</strong></span> <span class='ocrx_word' id='word_1_100' title='bbox 497 2395 697 2467; x_wconf 75' lang='lat' dir='ltr'><strong>reciperatores</strong></span> <span class='ocrx_word' id='word_1_101' title='bbox 712 2398 794 2449; x_wconf 90' lang='lat' dir='ltr'><strong>sunto</strong></span> 
     </span>
     <span class='ocr_line' id='line_1_23' title="bbox 171 2468 734 2550; baseline -0.005 -18"><span class='ocrx_word' id='word_1_102' title='bbox 171 2476 199 2533; x_wconf 86' lang='grc' dir='ltr'><strong>Ε.</strong></span> <span class='ocrx_word' id='word_1_103' title='bbox 208 2478 237 2533; x_wconf 83' lang='lat' dir='ltr'><strong>ii.</strong></span> <span class='ocrx_word' id='word_1_104' title='bbox 245 2479 276 2533; x_wconf 85' lang='grc' dir='ltr'><strong>Α.</strong></span> <span class='ocrx_word' id='word_1_105' title='bbox 498 2493 528 2533; x_wconf 82' lang='lat' dir='ltr'><strong>es</strong></span> <span class='ocrx_word' id='word_1_106' title='bbox 543 2493 588 2532; x_wconf 90' lang='lat' dir='ltr'><strong>res</strong></span> <span class='ocrx_word' id='word_1_107' title='bbox 604 2468 734 2550; x_wconf 80' lang='lat' dir='ltr'><strong>’egntur⁸</strong></span> 
     </span>
     <span class='ocr_line' id='line_1_24' title="bbox 171 2559 749 2634; baseline -0.003 -18"><span class='ocrx_word' id='word_1_108' title='bbox 171 2559 201 2628; x_wconf 80' lang='lat' dir='ltr'><strong>Q.</strong></span> <span class='ocrx_word' id='word_1_109' title='bbox 211 2559 313 2624; x_wconf 61' lang='lat' dir='ltr'><strong>uite.</strong></span> <span class='ocrx_word' id='word_1_110' title='bbox 499 2578 552 2634; x_wconf 82' lang='lat' dir='ltr'><strong>qus</strong></span> <span class='ocrx_word' id='word_1_111' title='bbox 565 2560 599 2617; x_wconf 86' lang='lat' dir='ltr'><strong>‹ie</strong></span> <span class='ocrx_word' id='word_1_112' title='bbox 615 2576 645 2615; x_wconf 90' lang='lat' dir='ltr'><strong>re</strong></span> <span class='ocrx_word' id='word_1_113' title='bbox 659 2561 749 2634; x_wconf 79' lang='lat' dir='ltr'><strong>agitur</strong></span> 
     </span>
     <span class='ocr_line' id='line_1_25' title="bbox 170 2640 784 2718; baseline -0.002 -18"><span class='ocrx_word' id='word_1_114' title='bbox 170 2644 201 2700; x_wconf 85' lang='lat' dir='ltr'><strong>N.</strong></span> <span class='ocrx_word' id='word_1_115' title='bbox 209 2645 238 2701; x_wconf 87' lang='lat' dir='ltr'><strong>N.</strong></span> <span class='ocrx_word' id='word_1_116' title='bbox 497 2644 638 2701; x_wconf 86' lang='lat' dir='ltr'><strong>Numerius</strong></span> <span class='ocrx_word' id='word_1_117' title='bbox 653 2640 784 2718; x_wconf 79' lang='lat' dir='ltr'><strong>Negidius</strong></span> 
     </span>
     <span class='ocr_line' id='line_1_26' title="bbox 171 2728 679 2790; baseline -0.006 -5"><span class='ocrx_word' id='word_1_118' title='bbox 171 2728 276 2790; x_wconf 49' lang='lat' dir='ltr'><strong>Ui</strong></span> <span class='ocrx_word' id='word_1_119' title='bbox 499 2728 679 2784; x_wconf 63' lang='lat' dir='ltr'><strong>mmm</strong></span> 
     </span>
    </p>
   </div>
   <div class='ocr_carea' id='block_1_3' title="bbox 170 2809 836 2966">
    <p class='ocr_par' dir='ltr' id='par_1_3' title="bbox 170 2809 836 2966">
     <span class='ocr_line' id='line_1_27' title="bbox 170 2809 762 2885; baseline -0.003 -16"><span class='ocrx_word' id='word_1_120' title='bbox 170 2813 238 2871; x_wconf 72' lang='lat'>0-0.</span> <span class='ocrx_word' id='word_1_121' title='bbox 500 2818 609 2885; x_wconf 87' lang='lat' dir='ltr'><strong>oportet</strong></span> <span class='ocrx_word' id='word_1_122' title='bbox 625 2809 762 2883; x_wconf 75' lang='lat' dir='ltr'><strong>oportebit</strong></span> 
     </span>
     <span class='ocr_line' id='line_1_28' title="bbox 171 2887 836 2966; baseline -0.003 -15"><span class='ocrx_word' id='word_1_123' title='bbox 171 2896 319 2952; x_wconf 76' lang='lat' dir='ltr'><strong>0.E.F.B.</strong></span> <span class='ocrx_word' id='word_1_124' title='bbox 501 2887 629 2966; x_wconf 77' lang='lat' dir='ltr'><strong>oportet⁹</strong></span> <span class='ocrx_word' id='word_1_125' title='bbox 646 2910 685 2950; x_wconf 79' lang='lat' dir='ltr'><strong>ex</strong></span> <span class='ocrx_word' id='word_1_126' title='bbox 701 2892 752 2949; x_wconf 82' lang='lat' dir='ltr'><strong>iude</strong></span> <span class='ocrx_word' id='word_1_127' title='bbox 768 2894 836 2950; x_wconf 86' lang='lat' dir='ltr'><strong>bona</strong></span> 
     </span>
    </p>
   </div>
   <div class='ocr_carea' id='block_1_4' title="bbox 168 3029 1132 3938">
    <p class='ocr_par' dir='ltr' id='par_1_4' title="bbox 168 3029 1132 3938">
     <span class='ocr_line' id='line_1_29' title="bbox 243 3029 1129 3096; baseline 0.001 -16"><span class='ocrx_word' id='word_1_128' title='bbox 243 3029 263 3095; x_wconf 89' lang='lat'><strong>¹)</strong></span> <span class='ocrx_word' id='word_1_129' title='bbox 281 3031 351 3091; x_wconf 86' lang='lat' dir='ltr'><strong>Quae</strong></span> <span class='ocrx_word' id='word_1_130' title='bbox 365 3036 392 3081; x_wconf 88' lang='lat' dir='ltr'><strong>in</strong></span> <span class='ocrx_word' id='word_1_131' title='bbox 401 3031 432 3081; x_wconf 91' lang='lat' dir='ltr'><strong>B.</strong></span> <span class='ocrx_word' id='word_1_132' title='bbox 446 3043 481 3082; x_wconf 79' lang='lat' dir='ltr'><strong>tt.</strong></span> <span class='ocrx_word' id='word_1_133' title='bbox 493 3039 553 3094; x_wconf 84' lang='lat' dir='ltr'><strong>post</strong></span> <span class='ocrx_word' id='word_1_134' title='bbox 567 3031 630 3080; x_wconf 85' lang='lat' dir='ltr'><strong>itaec</strong></span> <span class='ocrx_word' id='word_1_135' title='bbox 645 3033 672 3078; x_wconf 84' lang='lat' dir='ltr'><strong>in</strong></span> <span class='ocrx_word' id='word_1_136' title='bbox 686 3032 737 3079; x_wconf 87' lang='lat' dir='ltr'><strong>ima</strong></span> <span class='ocrx_word' id='word_1_137' title='bbox 747 3033 847 3096; x_wconf 76' lang='lat' dir='ltr'><strong>popina</strong></span> <span class='ocrx_word' id='word_1_138' title='bbox 862 3048 937 3082; x_wconf 81' lang='lat' dir='ltr'><strong>mana</strong></span> <span class='ocrx_word' id='word_1_139' title='bbox 952 3031 987 3081; x_wconf 90' lang='lat' dir='ltr'><strong>II</strong></span> <span class='ocrx_word' id='word_1_140' title='bbox 994 3031 1129 3094; x_wconf 77' lang='lat' dir='ltr'><strong>adscripta</strong></span> 
     </span>
     <span class='ocr_line' id='line_1_30' title="bbox 171 3100 1129 3167; baseline -0.002 -16"><span class='ocrx_word' id='word_1_141' title='bbox 171 3106 292 3167; x_wconf 81' lang='lat' dir='ltr'><strong>{epantar</strong></span> <span class='ocrx_word' id='word_1_142' title='bbox 302 3101 398 3151; x_wconf 68' lang='lat' dir='ltr'><strong>lit-tt·</strong></span> <span class='ocrx_word' id='word_1_143' title='bbox 409 3101 585 3150; x_wconf 87' lang='lat' dir='ltr'><strong>iuditiumdsbo</strong></span> <span class='ocrx_word' id='word_1_144' title='bbox 596 3100 727 3150; x_wconf 87' lang='lat' dir='ltr'><strong>iurisdictio</strong></span> <span class='ocrx_word' id='word_1_145' title='bbox 738 3109 762 3149; x_wconf 89' lang='lat' dir='ltr'><strong>et</strong></span> <span class='ocrx_word' id='word_1_146' title='bbox 771 3102 855 3151; x_wconf 77' lang='lat' dir='ltr'><strong>o-E-it·</strong></span> <span class='ocrx_word' id='word_1_147' title='bbox 866 3103 928 3152; x_wconf 81' lang='lat' dir='ltr'><strong>bone</strong></span> <span class='ocrx_word' id='word_1_148' title='bbox 938 3116 999 3152; x_wconf 83' lang='lat' dir='ltr'><strong>esre</strong></span> <span class='ocrx_word' id='word_1_149' title='bbox 1009 3101 1129 3151; x_wconf 78' lang='lat' dir='ltr'><strong>videntur</strong></span> 
     </span>
     <span class='ocr_line' id='line_1_31' title="bbox 170 3170 1128 3238; baseline -0.001 -17"><span class='ocrx_word' id='word_1_150' title='bbox 170 3187 204 3221; x_wconf 78' lang='lat' dir='ltr'><strong>erc</strong></span> <span class='ocrx_word' id='word_1_151' title='bbox 225 3172 403 3234; x_wconf 80' lang='lat' dir='ltr'><strong>superioribas</strong></span> <span class='ocrx_word' id='word_1_152' title='bbox 417 3174 485 3221; x_wconf 85' lang='lat' dir='ltr'><strong>notis</strong></span> <span class='ocrx_word' id='word_1_153' title='bbox 499 3171 545 3219; x_wconf 77' lang='lat' dir='ltr'><strong>tu.</strong></span> <span class='ocrx_word' id='word_1_154' title='bbox 563 3171 567 3236; x_wconf 81' lang='grc' dir='ltr'>Ι</span> <span class='ocrx_word' id='word_1_155' title='bbox 584 3170 630 3219; x_wconf 83' lang='grc' dir='ltr'><strong>Η).</strong></span> <span class='ocrx_word' id='word_1_156' title='bbox 648 3171 651 3232; x_wconf 94' lang='grc' dir='ltr'>Ι</span> <span class='ocrx_word' id='word_1_157' title='bbox 668 3170 753 3227; x_wconf 70' lang='lat' dir='ltr'><strong>tte-u·</strong></span> <span class='ocrx_word' id='word_1_158' title='bbox 767 3179 814 3221; x_wconf 87' lang='lat' dir='ltr'><strong>etc.</strong></span> <span class='ocrx_word' id='word_1_159' title='bbox 831 3181 956 3238; x_wconf 84' lang='lat' dir='ltr'><strong>corrupta</strong></span> <span class='ocrx_word' id='word_1_160' title='bbox 972 3179 996 3222; x_wconf 83' lang='lat' dir='ltr'><strong>et</strong></span> <span class='ocrx_word' id='word_1_161' title='bbox 1009 3174 1128 3235; x_wconf 82' lang='lat' dir='ltr'><strong>repetita.</strong></span> 
     </span>
     <span class='ocr_line' id='line_1_32' title="bbox 172 3239 1130 3307; baseline 0.003 -18"><span class='ocrx_word' id='word_1_162' title='bbox 172 3239 192 3306; x_wconf 85' lang='lat'><strong>¹)</strong></span> <span class='ocrx_word' id='word_1_163' title='bbox 206 3239 280 3301; x_wconf 83' lang='lat' dir='ltr'><strong>Quod</strong></span> <span class='ocrx_word' id='word_1_164' title='bbox 284 3243 403 3305; x_wconf 79' lang='lat' dir='ltr'><strong>plerique</strong></span> <span class='ocrx_word' id='word_1_165' title='bbox 415 3241 476 3291; x_wconf 74' lang='lat' dir='ltr'><strong>aaa.</strong></span> <span class='ocrx_word' id='word_1_166' title='bbox 487 3247 511 3289; x_wconf 89' lang='lat' dir='ltr'><strong>ct</strong></span> <span class='ocrx_word' id='word_1_167' title='bbox 522 3241 562 3290; x_wconf 82' lang='lat' dir='ltr'><strong>ed.</strong></span> <span class='ocrx_word' id='word_1_168' title='bbox 571 3241 719 3305; x_wconf 77' lang='lat' dir='ltr'><strong>praestpuni</strong></span> <span class='ocrx_word' id='word_1_169' title='bbox 734 3242 766 3289; x_wconf 84' lang='lat' dir='ltr'><strong>ab</strong></span> <span class='ocrx_word' id='word_1_170' title='bbox 781 3242 865 3292; x_wconf 81' lang='lat' dir='ltr'><strong>edicto</strong></span> <span class='ocrx_word' id='word_1_171' title='bbox 871 3245 1005 3307; x_wconf 81' lang='lat' dir='ltr'><strong>praetoris</strong></span> <span class='ocrx_word' id='word_1_172' title='bbox 1018 3244 1130 3292; x_wconf 84' lang='lat' dir='ltr'><strong>alienam</strong></span> 
     </span>
     <span class='ocr_line' id='line_1_33' title="bbox 170 3309 1130 3377; baseline 0.002 -17"><span class='ocrx_word' id='word_1_173' title='bbox 170 3319 250 3375; x_wconf 84' lang='lat' dir='ltr'><strong>potres</strong></span> <span class='ocrx_word' id='word_1_174' title='bbox 265 3312 404 3374; x_wconf 81' lang='lat' dir='ltr'><strong>conscripti,</strong></span> <span class='ocrx_word' id='word_1_175' title='bbox 419 3313 486 3360; x_wconf 83' lang='lat' dir='ltr'><strong>velut</strong></span> <span class='ocrx_word' id='word_1_176' title='bbox 506 3313 728 3374; x_wconf 80' lang='lat' dir='ltr'><strong>interpolationem</strong></span> <span class='ocrx_word' id='word_1_177' title='bbox 741 3313 814 3361; x_wconf 82' lang='lat' dir='ltr'><strong>eieci.</strong></span> <span class='ocrx_word' id='word_1_178' title='bbox 854 3309 875 3377; x_wconf 81' lang='lat'><strong>⁸)</strong></span> <span class='ocrx_word' id='word_1_179' title='bbox 890 3314 927 3362; x_wconf 89' lang='lat' dir='ltr'><strong>uei</strong></span> <span class='ocrx_word' id='word_1_180' title='bbox 941 3312 1067 3364; x_wconf 78' lang='lat' dir='ltr'><strong>clarissimi</strong></span> <span class='ocrx_word' id='word_1_181' title='bbox 1082 3314 1130 3362; x_wconf 89' lang='lat' dir='ltr'><strong>uiri</strong></span> 
     </span>
     <span class='ocr_line' id='line_1_34' title="bbox 170 3380 1129 3449; baseline 0.003 -19"><span class='ocrx_word' id='word_1_182' title='bbox 170 3382 270 3430; x_wconf 81' lang='lat' dir='ltr'><strong>addunt</strong></span> <span class='ocrx_word' id='word_1_183' title='bbox 285 3382 346 3430; x_wconf 86' lang='lat' dir='ltr'><em>Cdd.</em></span> <span class='ocrx_word' id='word_1_184' title='bbox 364 3381 403 3429; x_wconf 79' lang='lat' dir='ltr'><strong>ed.</strong></span> <span class='ocrx_word' id='word_1_185' title='bbox 433 3380 454 3445; x_wconf 85' lang='lat'><strong>⁴)</strong></span> <span class='ocrx_word' id='word_1_186' title='bbox 469 3382 507 3430; x_wconf 90' lang='lat' dir='ltr'><strong>uei</strong></span> <span class='ocrx_word' id='word_1_187' title='bbox 523 3383 580 3430; x_wconf 85' lang='lat' dir='ltr'><strong>hors</strong></span> <span class='ocrx_word' id='word_1_188' title='bbox 597 3381 814 3432; x_wconf 73' lang='lat' dir='ltr'><strong>secundanorum</strong></span> <span class='ocrx_word' id='word_1_189' title='bbox 830 3383 891 3432; x_wconf 81' lang='lat' dir='ltr'><strong>cdd.</strong></span> <span class='ocrx_word' id='word_1_190' title='bbox 906 3384 946 3432; x_wconf 79' lang='lat' dir='ltr'><strong>ed.</strong></span> <span class='ocrx_word' id='word_1_191' title='bbox 984 3380 1005 3449; x_wconf 77' lang='lat'><strong>⁶)</strong></span> <span class='ocrx_word' id='word_1_192' title='bbox 1016 3383 1129 3433; x_wconf 87' lang='lat' dir='ltr'><strong>iudicium</strong></span> 
     </span>
     <span class='ocr_line' id='line_1_35' title="bbox 172 3451 1130 3503; baseline 0.001 -1"><span class='ocrx_word' id='word_1_193' title='bbox 172 3451 234 3502; x_wconf 77' lang='lat' dir='ltr'><em>Cdd.</em></span> <span class='ocrx_word' id='word_1_194' title='bbox 249 3459 274 3501; x_wconf 86' lang='lat' dir='ltr'><strong>ct</strong></span> <span class='ocrx_word' id='word_1_195' title='bbox 288 3452 327 3500; x_wconf 84' lang='lat' dir='ltr'><strong>ed.</strong></span> <span class='ocrx_word' id='word_1_196' title='bbox 344 3451 407 3501; x_wconf 84' lang='lat' dir='ltr'><strong>Post</strong></span> <span class='ocrx_word' id='word_1_197' title='bbox 421 3452 487 3501; x_wconf 75' lang='lat' dir='ltr'><strong>itanc</strong></span> <span class='ocrx_word' id='word_1_198' title='bbox 502 3459 584 3501; x_wconf 85' lang='lat' dir='ltr'><strong>natam</strong></span> <span class='ocrx_word' id='word_1_199' title='bbox 600 3451 637 3501; x_wconf 90' lang='lat' dir='ltr'><strong>M.</strong></span> <span class='ocrx_word' id='word_1_200' title='bbox 653 3453 726 3502; x_wconf 81' lang='lat' dir='ltr'><strong>addit</strong></span> <span class='ocrx_word' id='word_1_201' title='bbox 740 3453 765 3503; x_wconf 86' lang='lat' dir='ltr'><strong>C.</strong></span> <span class='ocrx_word' id='word_1_202' title='bbox 783 3453 810 3502; x_wconf 83' lang='lat' dir='ltr'><strong>E.</strong></span> <span class='ocrx_word' id='word_1_203' title='bbox 826 3453 853 3502; x_wconf 86' lang='lat' dir='ltr'><strong>D.</strong></span> <span class='ocrx_word' id='word_1_204' title='bbox 866 3453 1014 3503; x_wconf 83' lang='lat' dir='ltr'><strong>convinctum</strong></span> <span class='ocrx_word' id='word_1_205' title='bbox 1024 3469 1078 3503; x_wconf 90' lang='lat' dir='ltr'><strong>esse</strong></span> <span class='ocrx_word' id='word_1_206' title='bbox 1093 3455 1130 3503; x_wconf 83' lang='lat' dir='ltr'><strong>ui-</strong></span> 
     </span>
     <span class='ocr_line' id='line_1_36' title="bbox 170 3520 1129 3587; baseline 0.002 -15"><span class='ocrx_word' id='word_1_207' title='bbox 170 3530 237 3572; x_wconf 81' lang='lat' dir='ltr'><strong>tetur</strong></span> <span class='ocrx_word' id='word_1_208' title='bbox 247 3528 271 3570; x_wconf 89' lang='lat' dir='ltr'><strong>et</strong></span> <span class='ocrx_word' id='word_1_209' title='bbox 286 3521 315 3571; x_wconf 84' lang='lat' dir='ltr'><strong>it.</strong></span> <span class='ocrx_word' id='word_1_210' title='bbox 328 3522 354 3573; x_wconf 86' lang='lat' dir='ltr'><strong>F.</strong></span> <span class='ocrx_word' id='word_1_211' title='bbox 363 3522 387 3570; x_wconf 88' lang='lat' dir='ltr'><strong>P.</strong></span> <span class='ocrx_word' id='word_1_212' title='bbox 399 3522 473 3570; x_wconf 81' lang='lat' dir='ltr'><strong>msice</strong></span> <span class='ocrx_word' id='word_1_213' title='bbox 483 3522 537 3571; x_wconf 87' lang='lat' dir='ltr'><strong>iidei</strong></span> <span class='ocrx_word' id='word_1_214' title='bbox 548 3537 681 3587; x_wconf 85' lang='lat' dir='ltr'><strong>possessor.</strong></span> <span class='ocrx_word' id='word_1_215' title='bbox 721 3520 742 3587; x_wconf 69' lang='grc'><strong>6)</strong></span> <span class='ocrx_word' id='word_1_216' title='bbox 752 3523 868 3572; x_wconf 80' lang='lat' dir='ltr'><strong>Alterum</strong></span> <span class='ocrx_word' id='word_1_217' title='bbox 878 3523 901 3574; x_wconf 87' lang='lat' dir='ltr'><strong>P.</strong></span> <span class='ocrx_word' id='word_1_218' title='bbox 913 3523 937 3570; x_wconf 87' lang='lat' dir='ltr'><strong>P.</strong></span> <span class='ocrx_word' id='word_1_219' title='bbox 947 3525 974 3572; x_wconf 88' lang='lat' dir='ltr'><strong>in</strong></span> <span class='ocrx_word' id='word_1_220' title='bbox 984 3523 1074 3574; x_wconf 87' lang='lat' dir='ltr'><strong>Mons.</strong></span> <span class='ocrx_word' id='word_1_221' title='bbox 1089 3525 1129 3574; x_wconf 83' lang='lat' dir='ltr'><strong>ed.</strong></span> 
     </span>
     <span class='ocr_line' id='line_1_37' title="bbox 171 3592 1130 3657; baseline 0.001 -14"><span class='ocrx_word' id='word_1_222' title='bbox 171 3594 298 3654; x_wconf 81' lang='lat' dir='ltr'><strong>omissum,</strong></span> <span class='ocrx_word' id='word_1_223' title='bbox 313 3592 383 3657; x_wconf 82' lang='lat' dir='ltr'><strong>quod</strong></span> <span class='ocrx_word' id='word_1_224' title='bbox 395 3593 512 3656; x_wconf 72' lang='lat' dir='ltr'><strong>explicui</strong></span> <span class='ocrx_word' id='word_1_225' title='bbox 525 3607 568 3656; x_wconf 88' lang='lat' dir='ltr'><strong>pro</strong></span> <span class='ocrx_word' id='word_1_226' title='bbox 583 3594 701 3656; x_wconf 87' lang='lat' dir='ltr'><strong>portione,</strong></span> <span class='ocrx_word' id='word_1_227' title='bbox 715 3593 808 3643; x_wconf 81' lang='lat' dir='ltr'><strong>liabent</strong></span> <span class='ocrx_word' id='word_1_228' title='bbox 817 3600 914 3643; x_wconf 87' lang='lat' dir='ltr'><strong>tantam</strong></span> <span class='ocrx_word' id='word_1_229' title='bbox 924 3592 956 3643; x_wconf 82' lang='lat' dir='ltr'><strong>A.</strong></span> <span class='ocrx_word' id='word_1_230' title='bbox 967 3600 991 3642; x_wconf 87' lang='lat' dir='ltr'><strong>et</strong></span> <span class='ocrx_word' id='word_1_231' title='bbox 1001 3593 1105 3644; x_wconf 85' lang='lat' dir='ltr'><strong>Moruc.</strong></span> <span class='ocrx_word' id='word_1_232' title='bbox 1120 3595 1130 3644; x_wconf 91' lang='lat'><em>1</em></span> 
     </span>
     <span class='ocr_line' id='line_1_38' title="bbox 169 3659 1131 3728; baseline 0.002 -16"><span class='ocrx_word' id='word_1_233' title='bbox 169 3664 241 3713; x_wconf 79' lang='lat' dir='ltr'><strong>eolus</strong></span> <span class='ocrx_word' id='word_1_234' title='bbox 255 3661 287 3711; x_wconf 84' lang='grc' dir='ltr'><strong>Ε.</strong></span> <span class='ocrx_word' id='word_1_235' title='bbox 317 3659 339 3728; x_wconf 73' lang='lat'><strong>¹)</strong></span> <span class='ocrx_word' id='word_1_236' title='bbox 354 3661 399 3711; x_wconf 80' lang='lat' dir='ltr'><strong>Aa</strong></span> <span class='ocrx_word' id='word_1_237' title='bbox 411 3664 602 3712; x_wconf 83' lang='lat' dir='ltr'><strong>similitudinem</strong></span> <span class='ocrx_word' id='word_1_238' title='bbox 616 3664 722 3712; x_wconf 77' lang='lat' dir='ltr'><strong>exordii</strong></span> <span class='ocrx_word' id='word_1_239' title='bbox 732 3665 771 3725; x_wconf 60' lang='grc' dir='ltr'><strong>ἕξ.</strong></span> <span class='ocrx_word' id='word_1_240' title='bbox 785 3676 806 3714; x_wconf 81' lang='lat' dir='ltr'><strong>t.</strong></span> <span class='ocrx_word' id='word_1_241' title='bbox 820 3671 844 3713; x_wconf 88' lang='lat' dir='ltr'><strong>et</strong></span> <span class='ocrx_word' id='word_1_242' title='bbox 858 3674 878 3714; x_wconf 80' lang='lat'><strong>5.</strong></span> <span class='ocrx_word' id='word_1_243' title='bbox 891 3664 968 3726; x_wconf 82' lang='lat' dir='ltr'><strong>finxi.</strong></span> <span class='ocrx_word' id='word_1_244' title='bbox 999 3664 1131 3715; x_wconf 79' lang='lat' dir='ltr'><strong>Caeterum</strong></span> 
     </span>
     <span class='ocr_line' id='line_1_39' title="bbox 169 3732 1130 3832; baseline 0.003 -51"><span class='ocrx_word' id='word_1_245' title='bbox 169 3748 234 3832; x_wconf 47' lang='grc' dir='ltr'><strong>ἔκαε</strong></span> <span class='ocrx_word' id='word_1_246' title='bbox 244 3740 387 3797; x_wconf 80' lang='lat' dir='ltr'><strong>sequantur</strong></span> <span class='ocrx_word' id='word_1_247' title='bbox 397 3732 486 3782; x_wconf 80' lang='lat' dir='ltr'><strong>deberi</strong></span> <span class='ocrx_word' id='word_1_248' title='bbox 494 3733 580 3783; x_wconf 81' lang='lat' dir='ltr'><strong>codici</strong></span> <span class='ocrx_word' id='word_1_249' title='bbox 589 3732 759 3792; x_wconf 83' lang='lat' dir='ltr'><strong>Einsidiensi‚</strong></span> <span class='ocrx_word' id='word_1_250' title='bbox 768 3736 795 3782; x_wconf 88' lang='lat' dir='ltr'><strong>in</strong></span> <span class='ocrx_word' id='word_1_251' title='bbox 801 3735 969 3798; x_wconf 83' lang='lat' dir='ltr'><strong>praefatione</strong></span> <span class='ocrx_word' id='word_1_252' title='bbox 978 3734 1075 3784; x_wconf 80' lang='lat' dir='ltr'><strong>dictum</strong></span> <span class='ocrx_word' id='word_1_253' title='bbox 1085 3742 1130 3785; x_wconf 87' lang='lat' dir='ltr'><strong>est.</strong></span> 
     </span>
     <span class='ocr_line' id='line_1_40' title="bbox 182 3798 1132 3868; baseline 0.002 -16"><span class='ocrx_word' id='word_1_254' title='bbox 182 3804 284 3867; x_wconf 82' lang='lat' dir='ltr'><strong>)sgitur</strong></span> <span class='ocrx_word' id='word_1_255' title='bbox 301 3804 344 3853; x_wconf 73' lang='grc' dir='ltr'><strong>θα.</strong></span> <span class='ocrx_word' id='word_1_256' title='bbox 364 3803 403 3853; x_wconf 82' lang='lat' dir='ltr'><strong>eri.</strong></span> <span class='ocrx_word' id='word_1_257' title='bbox 426 3802 464 3867; x_wconf 75' lang='lat' dir='ltr'><strong>Cf.</strong></span> <span class='ocrx_word' id='word_1_258' title='bbox 483 3803 539 3853; x_wconf 83' lang='lat' dir='ltr'><strong>Gai.</strong></span> <span class='ocrx_word' id='word_1_259' title='bbox 563 3816 584 3867; x_wconf 85' lang='lat' dir='ltr'><strong>t,</strong></span> <span class='ocrx_word' id='word_1_260' title='bbox 605 3815 651 3855; x_wconf 71' lang='lat'>1³1.</span> <span class='ocrx_word' id='word_1_261' title='bbox 695 3798 852 3868; x_wconf 68' lang='lat' dir='ltr'><strong>⁹)oportebit</strong></span> <span class='ocrx_word' id='word_1_262' title='bbox 865 3803 897 3853; x_wconf 83' lang='lat' dir='ltr'><strong>E.</strong></span> <span class='ocrx_word' id='word_1_263' title='bbox 913 3803 952 3853; x_wconf 82' lang='lat' dir='ltr'><strong>ed.</strong></span> <span class='ocrx_word' id='word_1_264' title='bbox 972 3804 1009 3853; x_wconf 84' lang='lat' dir='ltr'><strong>At</strong></span> <span class='ocrx_word' id='word_1_265' title='bbox 1022 3806 1132 3854; x_wconf 87' lang='lat' dir='ltr'><strong>intentio</strong></span> 
     </span>
     <span class='ocr_line' id='line_1_41' title="bbox 168 3874 753 3938; baseline -0.003 -13"><span class='ocrx_word' id='word_1_266' title='bbox 168 3889 267 3938; x_wconf 81' lang='lat' dir='ltr'><strong>semper</strong></span> <span class='ocrx_word' id='word_1_267' title='bbox 281 3874 458 3938; x_wconf 73' lang='lat' dir='ltr'><strong>depromenti</strong></span> <span class='ocrx_word' id='word_1_268' title='bbox 472 3880 583 3938; x_wconf 84' lang='lat' dir='ltr'><strong>tempore</strong></span> <span class='ocrx_word' id='word_1_269' title='bbox 598 3874 753 3936; x_wconf 78' lang='lat' dir='ltr'><strong>concipitur.</strong></span> 
     </span>
    </p>
   </div>
   <div class='ocr_carea' id='block_1_5' title="bbox 0 0 1196 4386">
    <p class='ocr_par' dir='ltr' id='par_1_5' title="bbox 0 0 1196 4386">
     <span class='ocr_line' id='line_1_42' title="bbox 0 0 1196 4386; baseline 0 0"><span class='ocrx_word' id='word_1_270' title='bbox 0 0 1196 4386; x_wconf 95' lang='lat' dir='ltr'><strong> </strong></span> 
     </span>
    </p>
   </div>
  </div>
 </body>
</html>
