2378 4386
795 40 799 55 1

628 140 648 149 ,Α
668 141 674 144 .

338 539 398 576 our
415 540 514 576 susara.
533 520 581 576 111.
603 525 743 576 idi-¹50.
957 520 1020 586 323

56 683 189 740 debilitati
213 690 293 753 sunt,
321 683 485 755 emptionem
514 691 542 739 et
569 682 752 740 uenditionem
779 698 854 750 csse3
884 681 966 755 idque
988 697 1021 737 er

56 766 240 825 accidentibus
268 761 444 840 ’apparere‚¹
475 776 611 841 tamquam
645 765 695 824 suh
727 766 889 824 condicione
918 764 921 842 l
953 767 1021 823 iacta
1034 770 1089 822 167.

56 855 189 925 cuiusque
213 851 425 908 uenditionem
448 851 597 909 locatione:
626 854 677 909 iam
700 853 771 909 enirn
794 869 848 909 non
871 850 1020 921 dubitatur,

57 938 122 1011 quiu
137 936 189 993 sub
204 936 362 993 condicione
377 953 421 992 res
437 939 531 992 uenire
546 946 593 993 aut
611 937 694 994 locari
716 939 833 1012 possint.
872 932 938 994 14⁷.
953 936 1019 993 Item

57 1022 218 1095 quaeritur,
245 1021 268 1075 si
297 1038 357 1078 cum
381 1019 489 1076 aurifice
515 1021 579 1077 mihi
602 1023 778 1092 conuenerit,
800 1031 830 1077 ut
852 1023 875 1077 is
898 1038 931 1079 ex
953 1038 1019 1078 auro

56 1123 107 1162 suo
130 1109 198 1163 certi
218 1104 346 1179 ponderis
369 1114 513 1178 certaeque
534 1105 637 1161 formae
658 1106 753 1161 anulos
773 1106 837 1162 mihi
858 1106 972 1178 laceret,
993 1116 1021 1162 ct

57 1193 191 1264 acciperet
212 1188 288 1247 nerlii
308 1191 394 1264 gratia
414 1190 537 1245 denarios
559 1204 612 1261 oo,
635 1198 726 1245 utrum
742 1191 842 1263 emptio
859 1200 886 1247 et
898 1191 1020 1248 tranditio

57 1291 92 1330 an
115 1274 214 1331 locatio
237 1284 265 1330 et
287 1275 433 1331 conductio
456 1275 648 1330 contrahatur:
679 1273 786 1329 Cassius
813 1276 865 1346 ait,
893 1277 1020 1330 materiae

57 1358 165 1433 quidem
193 1361 358 1432 emptionem
389 1357 572 1415 uenditionem
602 1358 740 1427 contrahi,
767 1374 909 1430 operarum
932 1367 1021 1414 autem

10 1457 44 1510 aq
58 1443 223 1501 locationem
239 1453 266 1499 et
280 1442 506 1517 conductionem3
522 1442 569 1497 sed
583 1442 719 1514 plerisque
731 1440 842 1514 placuit,
858 1444 1022 1515 emptionem

59 1537 86 1585 et
109 1528 293 1584 uenditionem
317 1527 454 1581 contrahi:
483 1527 557 1599 atqui
580 1527 603 1580 si
626 1541 714 1580 meum
743 1541 838 1580 aurum
861 1529 885 1582 ei
912 1525 1021 1597 dedero,

57 1612 182 1669 mercede
195 1627 245 1684 pro
259 1627 341 1683 opera
355 1612 513 1680 constituta,
530 1612 670 1682 conuenit,
688 1609 849 1666 locationem
865 1610 1022 1668 conductio·

56 1714 119 1753 nem
136 1689 292 1751 contrahi²

120 1777 188 1840 148.
212 1777 375 1836 Societatem
397 1779 470 1835 coire
492 1779 613 1836 solemus
628 1788 674 1836 aut
691 1788 810 1836 totorum
828 1778 961 1835 bonorum
976 1788 1024 1837 aaut

61 1869 141 1923 unius
165 1863 280 1920 alicuius
303 1862 422 1938 negotii,
452 1863 538 1920 ueluti
562 1866 756 1939 mancipiorum
779 1863 955 1920 emendorum
977 1873 1023 1920 aut

59 1949 273 2007 uendendorum.
311 1943 380 2005 140.
398 1947 491 2023 llagna
506 1958 596 2005 autem
612 1951 735 2023 quaestio
752 1950 818 2020 luit,
842 1965 875 2004 an
898 1949 935 2005 ita
956 1950 1022 2006 coiri

60 2037 147 2108 possit
162 2034 294 2105 societas,
318 2041 347 2089 ut
371 2034 431 2107 quis
454 2034 582 2090 maiorem
605 2042 708 2108 partem
732 2035 868 2104 lucretur,
893 2034 1022 2089 minorem

60 2119 149 2175 damni
170 2127 302 2193 praestat:
325 2119 400 2192 quod
416 2116 532 2186 Quintus
548 2118 650 2175 diucius
672 2110 800 2196 '(contro
821 2126 959 2176 naturam
978 2134 1022 2175 ao-

60 2207 171 2260 cietotis
191 2218 252 2261 essa
273 2208 400 2267 censuim·
421 2206 473 2260 red
492 2203 614 2262 Seruius
629 2204 788 2278 Sulpicius,
811 2197 907 2283 cuius)
923 2194 1023 2260 etiam³

60 2286 211 2361 praeualuit
222 2288 364 2358 sententia,
379 2288 445 2344 adeo
459 2289 494 2345 ita
507 2290 573 2345 coiri
586 2305 668 2363 posse
681 2290 1022 2360 societatemeristimault',

62 2379 91 2427 ut
107 2371 215 2442 dixerit,
231 2370 277 2427 illo
293 2388 404 2446 quoquc
419 2373 499 2429 modo
516 2375 582 2431 coiri
598 2391 689 2451 posse,
707 2382 736 2430 ut
752 2375 814 2448 quis
830 2372 1021 2430 nihilomnino

59 2456 149 2512 damni
168 2463 301 2529 praestet,
324 2466 367 2513 set
388 2456 456 2513 lucrl
472 2465 576 2531 partem
597 2460 693 2532 capiat,
715 2459 835 2514 simodo
859 2476 940 2532 opera
963 2460 1022 2513 eius

59 2551 111 2598 tatu
127 2542 247 2614 pretiosa
264 2542 402 2612 uideatur,
423 2551 454 2597 ut
468 2560 589 2614 aequum
605 2545 657 2612 sit,
678 2559 815 2597 eumcum
832 2543 882 2598 hac
896 2544 1022 2614 pactione

58 2627 265 2683 insacietatem
289 2625 409 2682 admitti:
438 2642 499 2682 narn
521 2637 549 2682 et
577 2627 614 2682 ita
643 2641 724 2700 posse
747 2623 824 2680 'coiri
832 2620 843 2658 ⁴
865 2626 1021 2680 societatem

58 2717 175 2773 constat,
200 2718 230 2765 ut
245 2726 315 2766 unus
338 2711 478 2785 pecuniam
493 2711 629 2781 conserat,
652 2709 720 2766 alter
742 2725 796 2763 non
821 2706 955 2775 conserat,
972 2700 976 2783 1
993 2702 1092 2763 et168.

60 2805 147 2851 tamen
164 2795 268 2851 lucrum
284 2796 418 2852 intereos
434 2811 575 2850 commune
591 2796 643 2868 sit;
667 2809 752 2866 saepe
775 2793 846 2847 enim
870 2807 952 2865 opera
975 2790 1022 2847 ali-

59 2881 135 2936 cuius
158 2896 207 2952 pro
230 2880 345 2952 pecunia
367 2878 451 2937 ualet.
498 2875 564 2936 150.
589 2878 620 2934 Et
642 2879 713 2936 illud
731 2884 835 2934 certum
858 2886 916 2948 est,
944 2875 1022 2932 side

57 2963 181 3038 partibus
209 2962 275 3020 lucri
296 2974 324 3020 et
346 2965 434 3021 damni
454 2963 520 3019 ninii
545 2966 616 3020 inter
642 2981 690 3020 cos
716 2963 891 3032 conuenerit,
915 2955 1024 3017 tamen⁵

57 3049 151 3123 aequis
175 3063 208 3104 es
231 3047 353 3121 partibus
376 3047 548 3105 commodum
576 3042 636 3104 ’et6
658 3047 855 3104 incommodum
878 3049 950 3103 iuter
972 3063 1022 3104 eos

58 3149 202 3190 commuue
232 3149 305 3207 esseq
335 3133 382 3190 sed
411 3134 434 3188 si
462 3135 488 3188 iu
511 3132 596 3188 altero
625 3140 715 3207 partes
739 3149 886 3205 expressae
913 3132 1023 3203 luerint,

131 3275 151 3344 ¹)
166 3285 267 3342 apparet
287 3278 312 3327 C.
328 3278 386 3328 edd.
412 3276 450 3340 Cf.
471 3289 496 3338 a,
511 3289 558 3328 218.
587 3277 658 3326 Made
678 3279 759 3341 ipitur
775 3276 902 3326 librarios
915 3276 1024 3339 scripsit

55 3353 132 3399 semel
148 3364 187 3410 re,
202 3349 242 3399 bis
257 3358 273 3399 t.
331 3345 352 3415 ²)
366 3347 490 3412 Sequitur
505 3349 574 3396 lineo
589 3363 678 3398 vacua.
737 3343 758 3411 8)
773 3347 817 3395 Ex
833 3347 949 3398 Pdacdm.
965 3361 1023 3395 aen·

56 3423 137 3470 tentia
151 3424 353 3484 supplementum
368 3436 418 3470 non
429 3427 489 3481 poet
504 3435 527 3468 u.
542 3420 622 3479 etiam,
639 3426 665 3467 ut
680 3421 706 3468 in
722 3420 816 3482 priore
830 3418 883 3476 ed,
902 3419 949 3467 aed
963 3424 1023 3465 onte

52 3493 138 3554 posui.
210 3490 231 3557 ⁴)
247 3493 312 3541 coire
330 3491 355 3540 C.
376 3490 423 3556 Bp.
444 3491 484 3539 ed.
555 3486 575 3554 ὕ)
591 3486 695 3558 [tameo]
713 3490 752 3538 ed.
772 3489 821 3537 Kr.
836 3499 856 3538 a.
873 3487 1024 3539 allommseni

57 3563 136 3613 iussu.
196 3559 257 3628 ⁶)ut
273 3563 299 3612 0.
315 3561 417 3625 caup.

54 3651 268 3661 nm.-

128 3681 153 3755 ξ.
172 3685 447 3750 lrr.=§.u.l.1·o.
469 3684 659 3746 ΒΗΜΛ.
681 3681 874 3748 l).loc.(1o,s).
921 3677 946 3748 §-
964 3679 1022 3728 148.

57 3778 92 3799 ει
103 3774 146 3820 pr.
162 3758 183 3807 I.
199 3760 231 3809 de
244 3762 335 3810 societ.
351 3756 383 3822 (a,
398 3758 441 3822 25).
464 3756 502 3818 Cs.
519 3755 588 3818 Epit.
605 3767 656 3816 mo.
675 3757 698 3816 ξ.
711 3766 743 3804 to.
799 3750 824 3821 §-
842 3755 900 3803 149.
918 3751 955 3812 (Is.
967 3750 990 3809 ξ.
1002 3759 1023 3796 a.

56 3827 80 3878 1.
100 3828 133 3878 ib.
154 3829 224 3892 Epil.
245 3834 261 3879 l.
282 3848 304 3882 c.
328 3831 380 3879 Cic.
400 3843 452 3892 pro
473 3827 549 3877 Boeo.
571 3827 637 3876 Com.
659 3838 690 3876 ιο.
711 3827 733 3885 ξ.
749 3836 782 3874 as.
856 3820 881 3889 ξ.
904 3821 962 3871 150.
984 3815 1023 3875 Cs-

55 3900 96 3961 ἐς.
112 3912 167 3952 aa.
188 3901 259 3951 lib.

766 3976 822 4027 21*
