2378 4386
164 669 306 738 positione
323 667 403 719 tanta
414 663 616 734 perspicuitate
629 663 658 714 et
670 661 780 715 dicendi
792 664 971 731 simplicitate
989 682 1054 719 usus
1067 670 1117 734 est,

164 740 197 788 ut
209 733 384 786 Herodotum
396 731 438 783 ius
450 745 563 783 narrare
576 728 702 795 opinere:
722 745 794 796 quae
811 745 855 783 res
867 732 1039 850 cumprimis
1051 734 1117 787 tiro·

164 817 231 853 num
251 799 358 851 animos
375 797 465 850 allicit
482 798 512 849 et
529 794 659 848 delectat.
694 794 773 859 Quod
790 812 858 849 vero
880 813 936 865 neg
948 801 1069 866 igentiae
1087 802 1117 853 in

163 865 330 934 quibusdam
354 864 497 917 incusatus
521 862 574 924 est,
598 861 702 929 partim
720 861 841 916 librariis
860 864 952 930 potius
970 865 1038 918 vitio
1057 883 1117 920 ver-

163 931 280 986 tendum
299 930 390 998 (velut
406 930 481 997 quod
500 927 575 981 haud
593 941 655 980 raro
679 931 776 982 contra
798 931 982 997 grammatica
1000 932 1034 985 de
1053 948 1116 985 con-

163 999 306 1053 secutione
332 999 389 1050 tem
412 1012 492 1049 orum
518 996 672 1064 praecepta
696 1011 827 1064 peccasse
853 997 986 1066 videtur),
1013 1000 1116 1066 partim

165 1066 248 1119 aliter
258 1078 379 1118 excussu
401 1080 447 1115 um
458 1065 510 1117 est.
532 1062 603 1115 Nam
617 1078 778 1130 persuasum
791 1063 859 1116 mihi
872 1067 922 1131 est,
934 1080 989 1118 non
1002 1069 1116 1119 cunctos

163 1129 908 1265 itti-itttittttttdtttztlatitiait
922 1132 1117 1254 millii?

163 1266 233 1320 cisse
251 1237 331 1318 velut
347 1264 403 1317 ista
419 1263 478 1317 iere
497 1265 590 1318 aetate
608 1263 780 1331 Polyaenum
804 1267 1034 1385 strategematum
1052 1268 1116 1320 scri·

183 1334 274 1388 torem
291 1331 466 1399 compertum
484 1331 630 1397 habemus)
649 1333 707 1384 sive
726 1331 801 1398 quod
818 1333 879 1401 ipse
912 1348 944 1386 oc
957 1333 1118 1387 adsueverit

162 1349 256 1454 facere
274 1399 303 1452 in
321 1398 400 1452 libris
418 1398 606 1474 singularibus
625 1398 661 1451 ad
679 1398 800 1475 edictum
820 1400 946 1466 edendis,
966 1402 1024 1453 sive
1043 1401 1118 1468 quod

164 1467 322 1521 diffidentia
343 1464 481 1532 quaedam
504 1482 533 1517 1n
555 1466 615 1518 tam
637 1481 710 1520 novo
728 1466 910 1534 scriptionum
932 1482 1034 1536 genere
1053 1483 1117 1520 eum

165 1533 342 1604 compulerit,
368 1534 402 1585 ut
422 1531 526 1584 iudicia
552 1531 695 1585 hominum
723 1534 905 1601 experiretur.
944 1535 1118 1603 Argumenta

165 1605 257 1655 autem
271 1603 313 1655 est
321 1602 451 1668 primum,
465 1598 540 1666 quod
549 1599 571 1650 si
581 1601 702 1666 primum
713 1601 945 1654 commentarium
954 1617 1017 1654 curn
1028 1602 1118 1656 altero

165 1668 277 1721 demum
300 1667 456 1736 vulgasset,
478 1665 649 1718 mentionem
672 1668 849 1742 imperatoris
866 1668 999 1721 Antonini
1019 1676 1042 1734 1,
1063 1675 1118 1723 103.

165 1736 301 1803 tauquam
313 1735 372 1786 vivi
384 1732 510 1786 habitam
522 1747 577 1784 non
611 1734 702 1784 oterat
712 1750 741 1784 1n
754 1734 812 1786 divi
824 1737 1118 1789 commemorationem

165 1817 221 1855 nou
243 1802 362 1855 mutare.
398 1799 533 1852 Similiter
553 1799 582 1850 in
630 1798 690 1850 abis
712 1799 747 1852 de
770 1802 891 1853 secundo
918 1805 1118 1856 commentario

164 1870 273 1923 ratione
290 1867 383 1932 tertii,
406 1866 435 1918 in
458 1881 514 1931 quo
532 1869 554 1929 ξ.
574 1871 630 1918 100.
654 1865 715 1930 ipse
737 1866 874 1919 rationem
896 1869 993 1935 placiti
1016 1870 1119 1935 reddit,

185 1935 241 1988 uod
262 1941 291 1991 2.
315 1939 372 1986 233.
395 1948 451 1985 non
473 1932 597 2000 pretiosa
617 1932 725 1984 ratione
749 1934 893 1998 receptum
916 1950 977 1987 esse
1001 1936 1118 1991 dixerat.

165 1953 260 2055 {tiam
279 2000 313 2053 de
332 1999 502 2066 usucapione
521 2012 571 2066 pro
589 1997 692 2051 herede
711 2014 760 2050 suo
783 2000 812 2051 et
828 2002 985 2053 necessario
1006 2004 1054 2054 vel
1071 2020 1119 2057 ne·

166 2066 288 2121 cessario
306 2066 409 2120 herede
429 2066 555 2132 extante,
579 2067 756 2118 controversa
773 2081 838 2117 sane
856 2065 989 2130 materia,
1008 2068 1119 2123 diversa

165 2134 253 2188 tradit
274 2140 304 2198 3,
323 2140 363 2188 53.
388 2134 417 2186 et
434 2140 463 2196 3,
482 2138 554 2196 201„
579 2134 613 2184 ut
632 2132 732 2199 postea
753 2133 891 2184 rationem
912 2132 1011 2185 traditi
1033 2135 1062 2186 in
1085 2152 1118 2189 eo

165 2201 239 2255 male
279 2202 383 2254 osuisse
396 2198 533 2263 videatur,
572 2201 625 2252 uod
642 2199 798 2252 necessario
812 2199 926 2253 extante
938 2200 1008 2252 nihil
1021 2203 1120 2257 contra

166 2269 251 2321 volun
285 2269 342 2320 tem
360 2266 503 2319 testatoris
521 2281 554 2319 ex
587 2265 723 2318 ereditale
736 2265 846 2319 detrahi
859 2266 968 2332 debeat,
986 2268 1119 2337 idemque

165 2334 224 2389 iere
247 2333 322 2386 cadit
344 2333 373 2386 iu
395 2334 543 2412 cognatam
567 2332 782 2386 controversiam
801 2332 836 2385 de
855 2333 883 2386 in
910 2334 971 2387 iure
994 2337 1119 2390 cessione

165 2400 332 2457 hereditatis
349 2399 459 2453 collat1s
476 2406 500 2463 3,
519 2406 560 2454 37.
578 2402 608 2453 et
624 2406 649 2464 3,
668 2405 708 2454 37.
743 2399 850 2453 Deinde
874 2400 958 2454 etiam
982 2404 1118 2469 quasdam

165 2467 314 2534 materias,
338 2466 466 2521 velutin
488 2467 549 2521 iure
571 2468 723 2522 cessionem
744 2466 909 2521 hereditatis
932 2470 962 2521 et
982 2470 1118 2523 bonorum

166 2536 385 2607 possessionem,
411 2549 483 2604 quae
510 2536 621 2589 sinere
644 2535 728 2588 datur
749 2534 836 2601 (illam
860 2541 888 2600 3,
910 2542 1020 2590 35-37.
1043 2539 1072 2590 et
1093 2544 1118 2602 3,

166 2605 286 2659 33-31.1
305 2604 377 2657 hanc
389 2609 413 2667 2,
433 2607 500 2656 151¹.
513 2605 543 2655 et
554 2610 578 2668 3,
591 2608 710 2667 als-37),
729 2601 772 2655 bis
790 2604 940 2655 attentum
952 2617 1007 2655 nou
1019 2603 1119 2656 iisdem

167 2671 261 2726 verbis
280 2670 339 2725 siue
357 2670 442 2724 dubio
460 2685 516 2723 non
534 2670 720 2738 explicuisset,
738 2669 788 2722 sed
804 2685 872 2732 rem,
889 2671 922 2722 ut
939 2670 1009 2722 alias
1026 2670 1118 2724 facere

167 2740 253 2807 solet,
287 2738 457 2793 remittendo
483 2737 616 2791 lectorem
644 2735 823 2803 expediisset,
852 2737 907 2789 nisi
932 2753 995 2789 cum
1043 2740 1120 2791 ostea

168 2807 261 2876 aptius
278 2806 350 2859 hano
367 2805 514 2859 materiam
533 2805 561 2856 in
574 2817 674 2857 comm.
687 2801 736 2854 lll.
755 2804 842 2857 tradit
853 2754 1044 2869 intellexisset),
1063 2805 1118 2857 iarn
1129 2823 1172 2872 [ss]

167 2873 298 2927 manibus
325 2872 436 2948 elapsus
462 2872 536 2922 esset
560 2884 660 2921 comm.
685 2868 732 2933 ll.,
760 2871 791 2921 ut
812 2871 950 2940 corrigere
973 2888 1037 2925 eum
1064 2887 1120 2925 non

189 2940 271 2992 osset.
306 2937 434 3005 Demque
453 2943 477 2999 3,
496 2941 536 2989 36.
555 2950 614 2988 rem
634 2940 715 2998 1,2¹2.
734 2939 887 3003 expositam
905 2940 963 2990 tam
981 2938 1045 3001 late,
1062 2938 1120 2991 imo

168 2957 253 3058 fotius
271 3004 388 3070 repetit,
412 3017 497 3070 quam
519 3016 574 3054 non
593 3001 705 3068 poterat
725 3002 767 3055 ita
787 3003 922 3070 scribens,
945 3007 976 3058 ut
998 3005 1085 3057 lector
1103 3020 1120 3057 a

169 3165 192 3212 in
208 3164 307 3210 formam
323 3162 410 3210 indicis
424 3156 544 3209 redactas’
556 3161 627 3209 multa
643 3175 695 3209 cum
711 3170 761 3211 arte
772 3165 874 3213 coniecit
885 3165 1040 3226 Boecliugius
1051 3179 1121 3214 suae·

168 3247 213 3297 que
229 3232 281 3281 Gaii
301 3231 399 3280 editioni
419 3231 447 3279 ad
468 3231 557 3279 calcem
572 3232 666 3280 adiecit.
721 3230 740 3295 ¹)
755 3233 816 3281 Sane
831 3249 907 3297 nuper
917 3235 1068 3285 Polenaarius
1083 3236 1120 3284 ed.

168 3317 225 3352 suae
239 3318 263 3366 p.
278 3312 325 3352 333.
342 3303 385 3350 has
399 3303 439 3362 ἐξ,
453 3308 479 3349 ut
493 3303 586 3364 spurias
602 3303 685 3360 eiecit,
704 3304 804 3352 maxime
819 3316 840 3362 2,
854 3316 887 3355 33.
903 3314 1040 3367 argumento
1055 3321 1121 3355 usus.

168 3374 214 3422 Sed
230 3379 255 3420 ut
269 3372 370 3421 cessicia
386 3372 457 3420 tutela
473 3386 519 3420 non
534 3379 623 3421 tautum
639 3374 683 3421 sub
697 3374 801 3436 speciem
818 3375 935 3436 legitimae
951 3377 1037 3425 tutelae
1051 3377 1122 3432 cadit,

168 3443 210 3493 sed
225 3444 296 3491 etiam
311 3450 337 3491 ut
350 3442 447 3505 propria
462 3443 548 3491 tutelae
564 3445 670 3506 species,
686 3459 746 3507 qirae
760 3446 869 3494 cessione
884 3446 996 3504 defertur,
1011 3447 1123 3496 conside·

168 3515 216 3563 rari
231 3519 318 3576 potest,
338 3513 369 3561 ita
385 3513 455 3561 etiam
470 3513 499 3562 de
514 3514 537 3562 in
553 3514 602 3562 iuro
622 3516 730 3563 cessione
745 3516 883 3564 hereditatis
898 3517 1056 3566 diversimode
1070 3524 1124 3581 pol·

169 3593 206 3633 est
220 3584 329 3633 iudicari.
358 3583 399 3632 llic
414 3585 465 3647 ipse
480 3598 535 3633 vero
550 3585 647 3634 secundi
663 3586 716 3634 libri
732 3586 798 3634 locus
814 3587 884 3634 etiam
900 3587 1031 3636 evidentius
1047 3588 1125 3649 arguit

169 3655 206 3712 id,
225 3654 289 3718 quod
303 3654 332 3703 de
347 3655 439 3703 ratione
458 3655 519 3703 inter
538 3670 590 3704 eum
610 3663 633 3704 et
652 3657 745 3704 tortium
766 3657 850 3705 librum
871 3658 1032 3706 intercedente
1053 3672 1123 3721 supra

168 3726 302 3775 statuimus.
332 3725 467 3790 Quanquam
483 3725 554 3774 Gaius
569 3727 639 3775 nimis
653 3727 766 3775 molestos
780 3734 835 3790 post
849 3739 870 3786 a,
881 3737 914 3777 33.
934 3730 1016 3776 inritati
1031 3728 1124 3776 consilii

169 3796 343 3845 obtrectatores
358 3811 386 3844 eo
401 3797 471 3845 etiam
487 3797 588 3845 refutare
599 3804 699 3861 poterat,
714 3798 775 3860 quod
787 3798 895 3846 cessione
906 3812 999 3862 quoquc
1012 3795 1125 3847 ‘heredes

169 3867 241 3918 elicui
255 3863 359 3917 damus'.
