2378 4386
117 606 157 663 22
455 614 484 652 Ι.
502 614 614 651 TVLLIVS
631 613 732 650 GIGEBO.

116 744 175 811 lari,
199 743 302 797 Attice:
325 753 405 812 quem
427 754 482 794 non
504 753 668 808 recusarem,
692 739 714 792 si
730 737 795 792 mihi
811 736 895 793 ullum
911 737 1077 794 tribueretur

116 840 230 880 uacuum
246 832 353 895 tempos
368 828 395 875 et
410 819 541 894 liberom3
558 821 731 893 nequeenim
747 829 878 892 occupata
890 837 971 893 opera
987 837 1076 895 neque

113 906 234 980 inpedito
251 907 338 961 animo
353 919 398 959 res
416 912 490 960 tanta
504 905 606 978 suscipi
620 911 725 976 potest:
741 910 889 976 utrumque
903 920 972 977 opus
984 912 1036 973 est,
1049 915 1076 960 et

114 1005 177 1045 cura
194 1005 289 1047 uacare
304 997 331 1043 et
346 990 467 1059 negotio.

176 1070 206 1131 9.
228 1075 261 1129 A.
286 1070 372 1138 Quid?
393 1070 425 1126 ad
448 1079 549 1142 cetera,
571 1086 640 1144 quae
662 1069 794 1141 scripsisti
814 1068 891 1142 plura
908 1086 988 1143 qnam
1004 1072 1075 1142 quis·

114 1171 193 1230 qnam
216 1171 230 1211 e
253 1156 364 1226 nostris,
387 1153 460 1227 quod
484 1153 532 1211 tibi
555 1153 661 1209 tandem
684 1160 789 1224 tempus
812 1168 925 1208 uacuum
943 1154 993 1209 luit
1009 1171 1074 1210 con·

113 1240 238 1296 cessum‘l

176 1322 217 1380 M.
241 1320 379 1378 Subsiciva
394 1320 526 1394 quaedam
541 1329 663 1392 tempora
674 1320 826 1390 incurrunt,
843 1335 911 1393 qnae
923 1337 975 1393 ego
987 1323 1076 1394 perire

113 1423 169 1463 uon
184 1407 288 1481 patior,
304 1413 346 1479 ut,
361 1406 445 1478 siqui
460 1404 517 1461 dies
533 1402 564 1458 ad
580 1401 763 1457 rusticandum
779 1402 833 1457 dati
850 1405 914 1469 sint,
931 1404 963 1459 ad
980 1420 1074 1461 corum

114 1508 256 1548 numerum
277 1488 516 1546 adcommodeutur
538 1502 606 1559 quae
627 1484 784 1541 scribimus:
807 1487 920 1543 historia
943 1505 1010 1544 uero
1025 1506 1075 1545 nec

115 1577 219 1633 institui
234 1583 326 1650 potest
341 1574 391 1629 nisi
407 1577 563 1647 praeparato
579 1571 635 1624 otio
650 1583 701 1625 nec
712 1571 811 1643 exiguo
824 1579 945 1645 tempore
956 1571 1074 1641 absolui3

114 1670 141 1716 et
156 1677 209 1733 ego
225 1661 305 1716 animi
319 1657 436 1732 pendere
451 1652 537 1721 soleo,
555 1660 615 1708 cutn
630 1652 713 1708 semel
729 1655 793 1726 quid
809 1672 887 1711 orsus
899 1672 970 1727 sum,
986 1658 1009 1712 si
1021 1666 1074 1713 tra·

114 1742 200 1799 ducor
214 1742 278 1813 alio,
295 1757 383 1815 neque
402 1747 456 1795 tam
473 1735 548 1792 facile
568 1736 719 1810 interrupta
734 1747 850 1796 contexo
866 1757 946 1815 quam
961 1739 1074 1797 absoluo

113 1827 246 1882 instituta.

176 1906 222 1969 10.
243 1911 277 1967 A.
300 1905 473 1978 legationem
489 1902 606 1975 aliquam
621 1905 745 1960 nimirum
761 1905 821 1961 'ista
838 1902 937 1962 oratio¹
954 1908 1075 1979 postulat

114 2002 160 2049 sut
174 1995 232 2049 eius
247 1990 320 2046 modi
333 1987 485 2060 quampiam
500 1988 677 2043 cessationem
693 1987 803 2043 liberam
819 1998 900 2060 atque
917 1992 1040 2045 otiosam.

177 2075 218 2130 M.
240 2072 297 2146 ligo
325 2086 391 2126 uero
414 2070 509 2126 aetatis
531 2073 623 2145 potius
647 2073 779 2127 uacationi
801 2071 985 2143 confidebam,
1013 2089 1074 2130 cum

112 2158 269 2232 praesertim
290 2169 345 2210 nou
367 2170 530 2226 recusarem,
554 2172 609 2228 quo
632 2157 720 2210 miuus
741 2172 815 2210 more
830 2158 919 2229 patrio
934 2155 1030 2212 sedens
1047 2158 1074 2212 in

113 2241 184 2299 solio
210 2237 414 2299 consulentibus
449 2239 640 2312 responderem
667 2241 867 2313 senectutisque
896 2256 951 2295 non
980 2242 1083 2306 inertis,

113 2335 192 2399 grato
211 2332 292 2396 atque
317 2322 433 2378 honesto
455 2322 584 2395 iungeres
603 2339 722 2381 munere.
752 2325 791 2379 sic
811 2324 881 2380 enim
902 2325 966 2380 mihi
981 2323 1075 2380 liceret

112 2416 140 2463 et
155 2409 200 2465 lsti
215 2409 269 2472 rei,
291 2421 369 2479 qnam
385 2405 531 2479 desideras,
551 2415 578 2462 et
598 2407 689 2462 multis
712 2406 879 2463 uberioribus
895 2416 976 2481 atque
991 2411 1074 2465 maio·

111 2489 186 2546 ribus
201 2505 299 2564 operae
314 2497 444 2563 quantum
459 2490 557 2546 uellem
572 2490 644 2546 dare.

174 2573 216 2629 lV.
238 2570 277 2631 ll.
299 2575 333 2631 A.
357 2576 439 2648 Atqui
460 2591 572 2645 uereor,
595 2590 629 2629 ne
650 2577 728 2630 istam
750 2592 856 2633 causam
879 2593 957 2632 nemo
980 2587 1076 2633 noscat

110 2655 214 2730 tibique
233 2674 341 2733 semper
360 2658 502 2715 dicendum
523 2662 567 2730 sit,
587 2667 615 2715 ct
635 2675 668 2714 eo
688 2661 783 2732 magis,
806 2660 879 2734 qnod
902 2668 928 2715 te
942 2661 1001 2733 ipse
1017 2677 1074 2717 mn·

109 2741 173 2796 testi
194 2749 221 2796 et
243 2742 315 2799 aliud
337 2743 441 2800 dicendi
463 2744 603 2799 instituisti
625 2759 721 2816 genus,
744 2751 785 2812 ut,
808 2760 888 2815 quem
910 2744 943 2798 ad
965 2745 1074 2800 modum

109 2822 235 2895 Roscius,
258 2826 394 2883 familiaris
416 2835 489 2897 tuus,
511 2829 538 2883 iu
560 2834 701 2882 senectute
715 2841 843 2881 numeros
859 2828 885 2881 in
901 2834 981 2882 rautu
997 2827 1073 2883 'leui-

110 2901 202 2964 uerat²
224 2911 350 2983 ipsasque
374 2909 503 2965 tardiores
527 2911 627 2965 iecerat
648 2908 737 2983 tibias,
760 2910 799 2962 sic
820 2917 848 2963 tu
863 2925 877 2962 a
892 2912 1073 2965 contentioni·

111 2989 171 3063 bus,
189 2992 287 3066 quibus
302 2994 414 3048 summis
428 2995 469 3048 uti
483 2991 599 3060 solebas,
615 2991 725 3048 cottidie
737 2990 841 3046 relaxes
853 2990 962 3064 aliquid,
979 3001 1009 3048 ut
1021 2995 1073 3048 iam

111 3077 199 3133 oratio
216 3086 260 3133 tua
275 3093 331 3133 uon
350 3076 465 3132 multum
487 3093 500 3130 a
520 3074 744 3148 pbilosophorum
764 3073 873 3130 lenitate
894 3073 976 3129 absit:
1000 3075 1073 3147 quod

110 3162 247 3218 sustinere
267 3176 349 3234 quom
369 3159 414 3215 uel
433 3176 535 3215 summa
557 3167 681 3214 senectus
708 3174 789 3230 posse
813 3157 949 3228 uideatur,
973 3159 1073 3215 nuliam

110 3243 190 3301 tibia
206 3246 293 3300 causis
309 3245 474 3300 uacationem
489 3243 568 3298 uideo
584 3241 651 3297 dari.

174 3323 219 3385 12.
249 3330 282 3398 Q.
311 3329 345 3382 dt
372 3342 414 3382 me
442 3327 552 3382 hercule
575 3341 627 3399 ego
650 3324 796 3380 arbitrabar
818 3342 899 3399 posse
920 3326 947 3380 id
969 3327 1072 3401 populo

110 3419 207 3468 nostro
223 3410 343 3486 probari,
364 3413 387 3467 sl
402 3419 429 3467 te
444 3409 476 3465 ad
491 3411 533 3465 ius
548 3408 768 3482 respondendum
788 3408 922 3466 dedisses:
944 3427 1022 3483 quarn
1039 3410 1072 3467 ob

110 3511 178 3565 rem,
194 3511 277 3569 quom
293 3493 420 3570 placebit,
436 3493 627 3567 experiendum
644 3493 690 3548 tibi
706 3509 803 3549 censeo
818 3493 855 3550 id.

174 3578 215 3635 M.
238 3578 267 3635 st
289 3578 408 3652 quidem,
433 3578 542 3648 Quinte,
566 3577 670 3633 nulium
691 3587 764 3634 esset
778 3578 806 3633 in
821 3577 986 3651 experiundo
1002 3580 1072 3652 peri·

111 3661 217 3720 culum:
239 3662 288 3718 sed
304 3678 402 3718 uereor
416 3679 460 3732 ue,
483 3661 547 3717 dum
568 3663 690 3717 minuere
712 3661 790 3717 uelim
806 3661 934 3731 laborem,
958 3678 1070 3736 augeam

110 3756 193 3820 atque
207 3746 239 3802 ad
254 3746 327 3803 illam
346 3762 488 3803 cansarum
503 3761 627 3820 operam,
648 3745 681 3800 ad
697 3762 775 3818 quam
791 3762 844 3819 ego
859 3761 1005 3818 numquam
1021 3747 1071 3802 uisi

110 3872 312 3880 ——m———a—

184 3926 203 3994 ¹)
217 3929 260 3978 An
270 3929 382 3978 historiae
394 3927 472 3978 ratio?
497 3922 519 3992 ¹)
531 3928 652 3976 cecinerat
661 3925 851 3977 ABremissios
860 3927 981 3977 cecinerat
989 3928 1029 3978 ed.
1041 3929 1070 3977 V.
