2378 4386
114 496 178 560 146
476 516 532 550 SEX.
551 513 704 548 POKPONIVS·

175 642 203 702 8·
224 644 289 698 ltem
309 643 337 697 in
353 642 446 697 eodem
463 640 531 694 libro
552 638 605 694 hoc
619 639 750 710 scriptum
770 648 826 695 est:
848 639 912 695 Cum
935 658 966 697 ex
982 659 1065 714 gene·

112 727 186 782 ribus
202 726 339 779 hominum
354 724 512 794 suffragium
528 720 645 788 feratur,
667 723 767 776 curiata
783 725 891 777 comitia
907 740 981 790 esse;
1004 741 1065 780 cum

112 825 144 864 ex
159 823 243 863 censu
259 814 286 861 et
301 815 397 876 aetate,
413 805 572 872 centuriata,
588 819 648 858 curn
664 819 696 858 ex
712 803 869 878 regionibus
886 815 912 860 et
923 807 999 876 locis,
1017 811 1064 863 tri-

112 891 184 949 buia.
220 890 368 945 centuriata
394 896 482 943 autem
509 887 616 943 comitia
641 888 711 943 inira
733 891 882 961 pomerium
906 887 963 944 beri
990 891 1063 946 uelas

111 991 181 1039 esse,
199 973 260 1045 quia
276 972 421 1027 exereitum
439 976 513 1026 extra
529 969 621 1025 urbem
637 973 760 1044 imperari
777 981 916 1046 oporteat,
933 974 1003 1028 intra
1020 990 1064 1029 ur·

112 1056 169 1113 bem
184 1057 308 1129 imperari
320 1056 360 1109 ius
374 1055 485 1111 nonsit.
509 1062 651 1127 propterea
663 1058 812 1112 centuriata
822 1057 850 1111 in
863 1073 957 1130 campo
970 1057 1064 1113 blartia

112 1141 203 1196 baberi
218 1141 418 1211 exercitumque
432 1140 555 1211 imperari
570 1139 697 1212 praesidii
712 1157 791 1197 causa
802 1140 921 1206 solitum,
939 1143 1064 1214 quoniam

110 1224 228 1298 populus
248 1221 321 1280 'esset
339 1223 367 1279 in
387 1221 526 1297 suiiragiis
548 1223 667 1280 terendis
689 1231 846 1298 occupatus.
869 1254 902 1265 -
927 1224 1118 1296 eett.15‚un

111 1307 162 1366 ar.
179 1307 208 1379 s.
225 1306 254 1363 a.

174 1443 204 1501 4.
224 1440 255 1518 (i)
278 1442 420 1500 Libertinis
436 1460 502 1500 uero
527 1445 601 1500 nullo
617 1446 676 1500 iure
691 1447 730 1501 uti
746 1447 891 1519 praetextis
905 1444 1013 1517 licebat,
1036 1463 1066 1501 ac

111 1529 197 1586 multo
213 1530 300 1584 miuus
315 1527 481 1600 peregrinis,
501 1527 599 1600 quibus
622 1527 695 1584 nulla
715 1537 787 1584 esset
802 1546 862 1585 crim
878 1528 1003 1586 Romanis
1020 1546 1065 1585 ne·

112 1612 257 1670 cessitudo.
301 1610 353 1666 Sed
375 1620 468 1683 postca
489 1611 677 1667 libertinorum
703 1629 813 1685 quoque
839 1613 900 1669 liliis
926 1622 1065 1687 praetexta

111 1712 239 1753 concessa
254 1703 296 1751 est
311 1711 342 1750 en
358 1711 437 1750 causa
448 1695 506 1762 tali,
523 1711 601 1767 quam
613 1693 646 1751 it.
658 1692 763 1751 baelius
779 1692 879 1768 augur¹
896 1698 990 1753 reiert.
1020 1699 1065 1770 qui

111 1779 182 1836 bello
203 1779 304 1835 Punico
329 1777 450 1834 secundo
473 1772 669 1833 'decemuiros²
689 1777 753 1833 dicit
774 1796 806 1835 ex
828 1781 1065 1837 senatusconsulto

111 1873 224 1938 propter
244 1861 328 1918 multa
348 1861 470 1934 prodigia
491 1859 574 1915 libros
590 1859 735 1932 Sibyllinos
751 1861 849 1917 adiisse
870 1873 912 1933 et,
936 1865 1065 1937 inspectis

111 1948 168 2018 his,
186 1947 342 2015 nunciasse,
362 1946 389 2000 in
405 1943 532 2017 capitolio
548 1943 752 2020 supplicandum
768 1944 1019 2023 lectisterniumque
1033 1963 1065 2002 ex

111 2029 208 2086 collata
224 2031 294 2102 stipe
310 2027 476 2098 iaciendum,
497 2029 534 2082 ita
550 2036 580 2082 ut
594 2025 734 2082 libertinae
750 2043 875 2100 quoque,
891 2045 958 2100 quae
983 2031 1065 2104 longa

112 2122 189 2170 ueste
204 2120 363 2180 uterentur,
384 2112 411 2166 in
427 2127 484 2166 eam
499 2128 554 2166 rem
571 2109 710 2184 pecuniam
730 2108 977 2168 subministrarent.
1008 2121 1066 2168 acta

111 2199 196 2272 igitur
214 2196 365 2253 obsecratio
380 2203 421 2250 est
437 2196 528 2267 pueris
550 2194 691 2268 ingenuis,
711 2194 829 2266 itemque
851 2193 996 2265 libertinis,
1017 2196 1064 2252 sed

112 2289 139 2337 et
154 2278 317 2354 uirginibus,
332 2280 454 2352 patrimis
470 2279 670 2351 matrimisque,
692 2278 931 2350 pronunciantibus
947 2297 1064 2336 carmen.

111 2381 143 2420 ex
160 2379 215 2437 quo
230 2378 405 2433 eoncessum,
427 2371 458 2418 ut
471 2361 659 2418 libertinorum
674 2378 782 2435 quoque
798 2360 864 2432 filii,
887 2365 933 2435 qui
947 2381 979 2419 er
994 2366 1065 2420 iusta

111 2447 240 2503 duntaxat
265 2446 462 2502 matrefamilias
488 2446 543 2502 nati
570 2445 702 2516 luissent,
731 2455 823 2520 togam
849 2455 1015 2519 praetentam
1038 2456 1066 2503 et

111 2531 200 2588 lorum
223 2533 250 2586 iu
265 2529 337 2586 eollo
358 2546 409 2605 pro
424 2529 513 2586 bullae
535 2529 632 2586 decore
653 2536 803 2601 gestarent.
817 2559 857 2570 -
876 2529 992 2589 llacrob.
1008 2532 1064 2588 Sat.

112 2617 141 2688 1,
157 2615 185 2674 e.
202 2615 230 2689 s.
249 2613 298 2672 13.

417 2727 507 2794 SEX.
530 2725 780 2794 POMPONIVS

261 2827 315 2892 (sub
334 2826 453 2876 Hadriano
473 2833 497 2874 et
515 2825 693 2888 insequentibus
712 2825 915 2894 imperatoribus).

322 2924 425 2981 Libro
448 2922 621 2997 singulari
644 2925 853 2997 regularum.

174 3024 199 3085 1.
226 3026 258 3081 Et
272 3026 420 3081 seruitutes
437 3023 520 3080 diuidi
536 3041 588 3080 uon
605 3035 736 3097 possuni3
757 3043 816 3082 nam
832 3043 923 3084 earum
941 3042 1007 3082 usus
1028 3029 1065 3084 ita

112 3125 251 3167 connexus
267 3116 319 3177 est,
335 3116 375 3175 ut,
391 3109 437 3181 qui
454 3124 514 3163 curn
525 3110 666 3180 partiatur,
685 3117 805 3166 naturam
816 3112 874 3168 eius
885 3105 1067 3184 corrumpat.³

185 3256 204 3323 ¹)
214 3259 319 3307 Minime
329 3257 450 3320 spondeo,
458 3257 526 3307 bunc
533 3260 638 3309 eundem
647 3262 717 3308 iiluna
725 3261 842 3310 Laelium
854 3262 962 3311 Felicem
968 3263 1051 3325 fuisse
1057 3281 1067 3318 .·

111 3335 286 3393 arpameutum
294 3335 375 3376 tamen
383 3329 466 3377 simile
475 3335 512 3377 eat
520 3336 544 3378 et
551 3329 666 3389 Laelius,
675 3346 691 3379 a
702 3330 770 3379 latta
774 3332 964 3394 posterioribus
972 3335 998 3382 in
1009 3336 1067 3383 iure

112 3401 184 3450 ciuili
189 3401 265 3449 remei
274 3405 370 3447 tantum
380 3401 420 3446 uei
429 3398 468 3448 bia
478 3401 579 3458 citatur,
590 3404 671 3465 napis
681 3403 748 3449 iuris
755 3402 855 3464 publici
866 3405 906 3453 ael
917 3406 991 3453 sacri
999 3407 1065 3454 anti·

111 3469 252 3535 quitatibus
259 3484 361 3532 operam
372 3469 473 3519 dedisse
481 3471 590 3520 uidetur.
609 3471 733 3520 Eiusdem
740 3472 827 3522 Laelii
835 3489 869 3523 ear
876 3488 933 3523 msa.
942 3473 1066 3525 librorum

108 3541 249 3604 stdeporait
258 3541 333 3589 etiam
341 3555 403 3597 aare,
414 3541 483 3604 quod
488 3556 577 3604 supra,
584 3542 776 3592 Lacbmannum
784 3560 834 3593 non
841 3545 898 3593 aine
907 3544 1068 3596 dubitatione

110 3613 200 3671 secuti,
213 3611 239 3660 0.
249 3611 324 3660 Aelio
339 3610 413 3660 Gallo
421 3623 440 3662 a.
451 3610 771 3678 tribuimusfrapmentum.
788 3613 870 3664 Multo
880 3617 1013 3679 antiquior
1020 3625 1066 3674 eat,

111 3689 139 3730 at
148 3682 180 3730 L.
192 3681 293 3750 Aeliam
306 3679 428 3731 Stilonem
440 3689 546 3741 taceam,
559 3684 595 3732 ad
608 3699 680 3748 quem
694 3685 770 3733 etiam
781 3685 935 3747 referendus
951 3686 1019 3735 Piiu.
1035 3687 1066 3736 N.

110 3751 145 3801 Η.
163 3753 330 3814 tt,ta.§.15.,
345 3752 370 3801 0.
384 3751 483 3811 Aelius,
497 3755 571 3802 enirm
588 3756 658 3818 aprrd
672 3754 772 3804 Festum
786 3756 911 3820 quaedam
926 3765 1017 3806 amiani
1033 3773 1080 3806 ear*

111 3825 230 3874 oratione
241 3825 398 3889 frapmenia.
429 3820 509 3889 ¹)an
519 3824 579 3874 Iani
594 3829 642 3889 qj.,·
656 3826 794 3875 duumuiros
804 3827 862 3875 edd.
890 3823 911 3892 ⁸)
923 3823 980 3875 ‘lia
992 3827 1069 3878 libris
