2378 4386
377 530 436 567 osu
454 531 552 567 rssrtr.
571 510 619 567 IV.
638 517 749 571 its-es.
983 516 1048 582 369

84 676 155 731 bono
170 672 354 743 aestimaudi,
376 680 513 745 quonium
529 676 625 729 actori
643 676 759 731 restitui
772 681 920 746 oporteat,
940 675 997 732 Itoc
1017 679 1048 733 iu

85 764 223 832 potestate
230 760 290 814 eius
300 752 309 790 ¹
320 748 499 831 {continetun
506 766 536 813 ut
548 756 638 816 hahita
649 760 754 815 ratione
763 759 831 830 eins,
845 758 918 833 qnod
930 760 1045 817 inuicem
1058 758 1118 812 212.

85 852 202 899 actorem
217 858 250 898 ex
266 840 358 898 endem
371 857 451 898 censa
467 849 603 917 praestare
614 841 775 918 'oporteret,
787 845 814 899 in
826 844 962 919 reliquum
974 861 1046 917 curn,
1059 825 1078 864 τ’
1090 834 1110 866 ²

84 943 143 983 curn
159 943 215 1000 qno
235 935 322 984 ectum
341 933 393 997 est,
410 925 589 983 condemnere
605 919 762 1007 (ιῖεὸοατ).2
802 923 851 985 62.
870 928 939 985 Sunt
957 938 1047 986 nutem

85 1010 170 1069 bonae
190 1010 253 1067 fidei
274 1009 370 1066 iudicis
386 1004 504 1088 (ueluti)
519 1011 597 1067 haec:
620 1030 651 1070 ex
672 1020 779 1085 empto,
800 1012 924 1083 uendito‚
945 1013 1046 1085 locato,

84 1096 236 1167 conducto,
258 1096 432 1169 negotiorum
449 1105 606 1170 gestorum,
628 1097 761 1166 mundati,
776 1096 908 1170 depositi,
925 1096 1047 1171 fiduciae,

86 1197 134 1252 pro
154 1182 244 1252 socio,
265 1179 381 1245 tutelae,
403 1185 448 1237 rei
467 1173 617 1237 uxorios.³
660 1177 709 1239 63.
730 1180 853 1237 Liberum
877 1190 920 1238 est
936 1191 941 1252 Ι
958 1188 1047 1240 iernen

86 1263 165 1321 iudici
186 1265 286 1321 nulium
307 1264 417 1322 omnino
438 1258 573 1322 inuicem⁴
593 1267 821 1340 compensationis
844 1268 975 1322 rationem
1002 1269 1047 1323 ho-

85 1342 184 1418 bere;⁴
208 1365 259 1406 nec
282 1351 352 1405 enim
379 1343 494 1424 sperte⁶
518 1349 651 1407 formulae
674 1349 767 1406 uerbis
789 1351 969 1425 praecipitur:
998 1350 1046 1406 sed

85 1433 147 1506 quia
168 1433 196 1489 id
217 1432 305 1488 honre
326 1431 387 1490 iidei
413 1433 511 1490 indicio
534 1436 699 1491 conueniens
722 1434 846 1506 uidetur,
870 1433 931 1493 ideo
954 1433 1046 1491 oidcio

84 1519 141 1573 eins
165 1517 301 1574 contineri
323 1516 452 1573 creditur.
495 1511 544 1576 64.
569 1518 625 1576 Alis
648 1529 789 1576 causaest
817 1518 891 1575 iilius
918 1521 1043 1581 actionis.

84 1618 136 1675 qua
167 1599 340 1674 argentarius
369 1601 523 1674 experitur:
556 1619 616 1660 nem
646 1605 669 1660 is
698 1605 807 1678 cogitur
836 1620 897 1662 cum
926 1621 1047 1678 conpen-

83 1687 190 1740 satione
211 1699 304 1758 sgere‚
325 1693 351 1741 et
372 1688 593 1759 reconpensatio
613 1688 703 1745 uerbis
725 1688 857 1745 iormnioe
877 1691 1046 1763 exprimitur,

83 1768 152 1826 adeo
168 1767 293 1844 quidem,
316 1778 347 1825 ut
360 1763 472 1827 statim⁰
486 1769 519 1826 ab
534 1773 611 1829 initio
628 1775 841 1847 conpensatione
862 1772 930 1828 iuctn
956 1775 1046 1828 minus

83 1854 205 1911 intendat
224 1852 276 1909 sibi
297 1853 356 1911 dori
376 1864 518 1929 oportere:
541 1873 604 1914 ecce
625 1859 695 1913 enim
717 1859 739 1912 si
762 1860 923 1913 sestertium
938 1874 958 1912 x
974 1856 1046 1912 milis

82 1937 179 1995 debeat
199 1938 281 2009 Titio,
303 1947 384 2014 :tque
405 1941 430 1995 ei
444 1958 487 1996 xx
500 1938 659 2011 debeantur,
681 1943 720 1999 sie
741 1941 870 1996 intendit:
895 1955 925 1996 sr
945 1957 1048 1998 rnnnr

84 2040 195 2082 nrrtvnr
206 2038 275 2094 ,sust
289 2041 310 2079 x
325 2040 415 2082 urnis
429 2040 513 2081 nnus:
530 2040 695 2084 oronrntsn
716 2041 851 2082 suenrus
875 2039 961 2090 oven
977 2040 1047 2081 test:

157 2145 177 2212 ¹)
188 2163 240 2211 pro
254 2160 272 2200 n
285 2161 302 2200 rt
316 2160 334 2200 n
348 2161 365 2199 rt
380 2148 416 2207 0.,
431 2156 459 2198 ut
473 2152 581 2212 opinor:
600 2157 687 2215 potest.
715 2149 768 2199 Sed
780 2162 896 2213 possus
916 2143 962 2197 Vi*
979 2147 1049 2213 quod

84 2233 152 2267 nuuc
169 2217 222 2283 (ed.
240 2217 263 2283 s)
279 2227 344 2283 puto
360 2221 444 2283 fuisse
463 2221 565 2283 poteius.
635 2216 657 2287 ²)
672 2222 710 2270 De
729 2221 885 2272 onocoiutdo
904 2221 938 2284 ιΤ.
958 2231 983 2286 s,
999 2231 1046 2271 too.

85 2289 154 2353 quod
172 2296 253 2338 tomen
268 2289 379 2341 librario
394 2298 492 2340 tontum
510 2292 554 2341 die
568 2294 678 2341 monime
697 2295 831 2342 temulento
851 2293 980 2356 imputare
994 2306 1045 2341 uort

84 2359 201 2409 dubitaui
214 2361 333 2411 addendo
348 2362 440 2411 debeat.
508 2358 691 2428 ³)Diflicuitos
700 2365 818 2413 iectionis
833 2366 944 2412 uertitur
955 2365 981 2412 ir:
994 2365 1047 2426 pire

84 2447 123 2482 oo.
139 2441 159 2482 t.
174 2438 199 2481 et
211 2443 246 2493 6.,
265 2434 292 2481 iu
311 2432 403 2496 quibus
416 2441 502 2484 uotum
516 2441 554 2483 est
570 2435 708 2484 librarium
721 2437 814 2483 seriem
832 2436 962 2484 actionum
978 2441 1048 2484 certe

84 2502 144 2552 inde
158 2518 174 2552 o
192 2498 195 2569 Ι
212 2503 315 2552 mundati
327 2502 384 2569 (uo
400 2502 404 2570 i
421 2505 478 2566 dati,
489 2512 625 2569 postquem
635 2506 662 2553 iu
675 2507 791 2566 fiuent.
802 2519 936 2565 errorem,
951 2505 1003 2566 ipsi
1013 2525 1046 2546 ==

84 2587 136 2622 :non
154 2572 310 2639 scripserat)
330 2589 409 2639 usque
429 2576 465 2624 od
483 2576 569 2624 tuteise
585 2590 636 2638 per
652 2589 767 2624 errorem
784 2573 824 2623 dis
837 2575 982 2636 scripsisse.
1001 2573 1049 2621 sed

84 2651 108 2693 et
122 2643 179 2711 r(ei)
194 2644 323 2709 n(xori)ne‚
338 2652 398 2695 noto
413 2645 539 2704 adhibito,
555 2645 596 2707 (de
611 2660 662 2709 quo
676 2644 728 2696 uid.
743 2644 779 2693 od
794 2656 815 2704 1,
832 2654 878 2693 tos.
894 2641 994 2705 notato)
1008 2656 1047 2690 se·

84 2722 169 2764 cutum
184 2716 270 2779 fuisse
288 2723 313 2764 et
327 2718 404 2779 linem
419 2718 516 2780 secisse
535 2716 627 2765 Irarum
646 2718 776 2764 actionum
795 2728 829 2762 ex
848 2715 881 2774 ej.
904 2727 972 2769 meo,
991 2727 1048 2762 cum

84 2785 178 2834 deiude
195 2794 318 2850 sequatur
332 2788 432 2836 tinorum
452 2784 539 2852 sitm,
558 2787 680 2849 firmatur
698 2784 789 2847 Suppl.
805 2782 841 2833 St.
858 2798 887 2846 p.
908 2781 1048 2831 XXXIII.

89 2853 175 2914 Quare
182 2872 250 2906 nuuc
257 2861 374 2922 expulso,
385 2859 455 2923 puod
463 2858 556 2907 deiude
563 2858 703 2907 secuudum
716 2851 930 2904 V'icouiecerom
938 2853 991 2902 siis,
1005 2854 1048 2904 63.

86 2926 268 2989 Verumtamen,
281 2937 359 2978 outeo
368 2946 391 2979 u.
402 2941 414 2979 s
425 2937 485 2992 post
495 2929 583 2977 iudicia
597 2927 744 2977 addendum
754 2932 811 2975 erut
823 2920 960 2990 ‘(ueiuit)’.
983 2922 1048 2975 Num

85 3013 142 3047 cum
155 2997 213 3047 edri
228 3001 304 3048 etium
319 2996 371 3049 Kr.
387 3011 407 3049 t.
422 3015 457 3048 ex
470 3001 493 3060 ξ.
509 3012 544 3050 ss.
560 3000 581 3048 Ι.
597 3000 629 3049 de
643 3006 694 3049 oct.
709 2998 742 3064 (s,
757 2994 780 3064 o)
794 3003 872 3046 totum
890 2997 961 3045 iilum
975 3003 1048 3047 cota·

84 3069 169 3134 lopun:
178 3068 232 3132 Μ.
242 3072 373 3120 ostiorum
383 3072 479 3134 (multis
490 3078 573 3119 tomen
584 3070 620 3119 ibi
630 3071 708 3120 dictis
718 3067 840 3132 omissis),
851 3083 926 3132 quom
933 3069 1049 3125 aliunde,

85 3138 267 3205 ubiopebutur
281 3141 415 3191 destricti
433 3143 501 3190 iuris
519 3148 544 3190 et
562 3141 765 3204 Moesiorum
783 3139 947 3203 differentia,
969 3139 1048 3189 Iusti·

85 3211 189 3260 uiuuum
202 3213 324 3262 sumsisse
338 3219 447 3270 constet,
462 3220 487 3261 et
497 3228 548 3276 pro
561 3212 663 3263 Goiouo
673 3214 749 3262 etiam
763 3218 856 3262 contro
868 3210 894 3260 0.
904 3211 1048 3268 uenditare,

85 3283 209 3348 redipioui
219 3283 274 3345 fuit
288 3290 312 3331 et
327 3299 396 3333 nuuc
410 3285 485 3333 etium
500 3286 581 3350 :rupis
596 3292 641 3334 est.
706 3281 728 3348 ⁴)
744 3282 789 3331 Es:
807 3278 852 3331 V'i
866 3288 890 3331 et
904 3281 994 3346 Suppl.
1009 3279 1047 3331 St.

81 3367 109 3414 p.
127 3351 269 3404 XXXIII.
294 3353 410 3403 Maxime
424 3369 485 3403 uero
500 3355 548 3404 Itos
563 3357 630 3404 uolet
641 3357 667 3403 iu
678 3355 840 3411 aduersario,
855 3354 901 3417 qui
914 3353 984 3416 quod
998 3352 1050 3416 ipsi

85 3422 202 3482 debetur,
216 3438 266 3473 suo
282 3426 385 3474 actione
400 3427 523 3489 persequi
538 3433 637 3489 potest:
656 3442 706 3490 quo
725 3426 827 3475 rotioue
844 3422 925 3472 Gaius
941 3438 976 3472 es:
990 3421 1048 3483 Ius.

85 3494 231 3545 acroribus
251 3510 296 3544 eas
312 3497 480 3559 praeposuit,
504 3497 530 3544 iu
550 3496 641 3560 quibus
658 3504 682 3545 et
701 3496 851 3546 contrariae
871 3495 910 3542 oei
928 3492 994 3543 odeo
1009 3491 1049 3539 di-

85 3572 171 3615 rectus
184 3572 254 3624 suut,
269 3572 294 3615 et
303 3568 330 3615 s'n
345 3568 386 3616 rei
395 3568 507 3616 uxorios
521 3569 631 3624 notione,
647 3582 711 3631 quoe
725 3582 756 3615 ue
771 3566 933 3615 contrariom
948 3562 1049 3627 quidem

86 3634 173 3695 hodes,
185 3638 262 3699 finem
273 3637 347 3699 fecit.
413 3635 434 3703 ὓ)
449 3636 513 3686 Item
527 3653 562 3687 ex
576 3636 666 3701 Suppi.
681 3635 717 3687 St.
732 3638 748 3684 i.
764 3652 786 3685 c.
852 3630 873 3699 ⁶)
891 3632 934 3682 Ex
953 3629 1006 3692 Im,
1022 3632 1048 3678 iu

85 3722 133 3770 quo
148 3715 231 3757 tomen
242 3722 294 3771 pro
309 3708 389 3757 statim
404 3716 442 3757 est
456 3709 536 3776 iisqne
552 3710 598 3757 uix
611 3714 682 3756 reete
696 3709 795 3756 lectum.

155 3810 182 3882 ᾖ.
198 3816 240 3865 62.
263 3815 302 3878 Os.
317 3816 341 3875 §-
356 3825 389 3865 ss.
410 3814 431 3863 I.
447 3813 479 3863 tt.
497 3813 549 3864 Cio.
566 3817 581 3864 i.
597 3831 618 3865 c.
643 3813 704 3876 Top.
719 3822 751 3862 nt.
768 3813 790 3872 §-
806 3821 840 3860 oo.
860 3809 892 3856 de
909 3814 961 3855 not.
977 3806 1051 3853 eteor-

86 3893 106 3946 θ,
120 3896 155 3936 so.
174 3887 198 3946 ξ.
213 3898 246 3936 ts.
267 3886 299 3935 L.
314 3896 341 3935 ss
351 3900 394 3947 pr.
415 3885 446 3933 tt.
458 3901 510 3949 pro
525 3900 578 3934 soc.
595 3887 643 3948 (tt,
659 3881 690 3948 s).

137 3987 234 4019 ΠΙΙΙΡΙ.
247 3987 325 4018 ΔΜΊῙ.
339 3987 391 4017 un.
407 3987 444 4020 m.
459 3988 481 4019 V.
815 3961 848 4008 24
