2378 4386
208 1392 318 1457 IVLII
340 1391 498 1458 PAVLLI
522 1390 870 1457 SENTENTIARVM

363 1502 484 1560 LIBER
502 1501 718 1562 SECVNDVS.

125 1675 186 1714 TIT.
204 1673 224 1713 1.
253 1676 295 1715 Du
310 1674 409 1717 REBVS
426 1673 573 1716 cunutus
588 1676 628 1716 ET
644 1659 694 1716 ’DE
710 1653 945 1717 triumvirorum)

192 1771 240 1851 [h.
258 1775 298 1833 34
311 1794 358 1847 pr.
376 1776 403 1848 S.
422 1777 448 1832 1.
472 1777 507 1833 D.
524 1779 559 1834 rie
574 1777 634 1832 reb.
650 1778 728 1833 cred.
747 1773 813 1854 (12,
831 1772 888 1855 1)]

10 1882 50 1930 ut]
124 1857 149 1917 1.
173 1853 220 1916 ²lu
235 1861 393 1934 pecuniariis
409 1862 497 1916 causis
516 1862 540 1915 si
555 1860 623 1917 alter
638 1877 669 1915 ex
685 1860 868 1933 litigatoribus
883 1863 1017 1919 iusiuran-

61 1945 125 2001 dum
140 1944 259 2012 dclcrat‚
273 1943 421 1999 audiendus
437 1952 492 1999 est:
514 1944 566 1999 hoc
581 1946 651 1999 onim
668 1953 694 1999 et
711 1944 870 2018 compendio
886 1945 973 2002 litium
988 1956 1016 2004 ct

63 2029 206 2103 aequitatis
225 2029 330 2083 ratione
352 2030 492 2101 prouisum
515 2036 567 2086 est.
610 2021 659 2084 ³2.
682 2021 810 2085 ⁴llelerre
831 2029 1015 2087 iusiurandum

62 2115 137 2186 prior
152 2119 227 2167 actor
241 2119 347 2184 potest:
364 2112 528 2167 contrarium
540 2119 629 2166 eutem
642 2110 675 2166 dc
686 2110 817 2168 calumnia
829 2113 1017 2170 iusiurandum

63 2212 110 2252 reo
125 2195 263 2267 competit.
299 2190 328 2253 3.
353 2187 412 2266 ⁶Si,
427 2211 490 2251 reus
505 2211 566 2250 cum
581 2196 669 2251 iurare
685 2195 762 2269 uelit,
778 2205 853 2253 actor
868 2196 907 2252 illi
923 2214 1018 2254 ncces·

63 2279 168 2333 ritatem
183 2278 354 2334 iurisiurandi
370 2279 487 2347 remisit,
505 2288 533 2334 et
550 2279 601 2333 hoc
617 2278 719 2351 liquido
735 2289 878 2354 appareat,
901 2282 972 2339 ectio
987 2283 1016 2339 iu

64 2377 125 2417 cum
140 2377 194 2417 non
209 2362 296 2419 datur.
340 2359 369 2420 4.
394 2353 510 2417 ⁶lleretli
526 2364 592 2431 eius,
619 2378 679 2418 cum
703 2380 757 2435 quo
779 2373 946 2422 contractum
962 2376 1015 2439 est,

62 2445 248 2501 iusiurandum
264 2445 363 2502 delerrl
379 2462 433 2501 non
448 2454 551 2518 potest,
564 2447 691 2517 quoniam
706 2455 874 2505 contractum
889 2450 1016 2522 ignorare

63 2538 163 2602 potest.
202 2527 231 2588 ὖ.
255 2521 303 2584 ⁷st
317 2531 363 2600 qui
386 2527 504 2584 debitum
528 2544 698 2601 quocumque
714 2528 794 2585 modo
809 2531 952 2587 confessus
968 2533 1016 2589 do-

63 2622 157 2682 cetur,
178 2629 209 2668 er
225 2628 255 2668 ea
269 2628 300 2668 ro
315 2614 384 2668 actio
401 2612 529 2668 creditori
550 2627 603 2665 nou
625 2611 719 2683 latur,
741 2612 786 2667 sed
803 2613 834 2667 al
850 2613 1016 2671 solutionem

63 2696 244 2770 compellitur.

137 2861 184 2911 Tit.
196 2861 218 2910 I.
259 2857 278 2927 ¹)
293 2861 371 2911 Multi
382 2861 444 2913 cdd.
459 2862 610 2911 iureiurando
625 2862 664 2911 ed.
677 2862 708 2911 A.
719 2862 750 2911 L.
761 2874 788 2914 tt
798 2863 841 2912 cit.
852 2864 927 2913 initio
937 2862 1015 2914 leuior

63 2934 101 2982 u't.
117 2934 194 2995 posui
216 2939 323 2982 auctore
341 2932 489 2981 Heimbaclr.
511 2935 537 2981 iu
558 2932 660 2996 Repert.
680 2932 754 2997 Lipr.
770 2944 829 2984 tuit.
854 2932 906 2982 III.
923 2949 951 2996 p.
967 2946 1014 2985 ιιι.

65 2998 86 3067 ¹)
102 3001 140 3065 Cf.
156 3002 188 3052 L.
203 3013 237 3053 ot.
256 3004 294 3064 ἐξ.
309 3014 329 3053 t.
346 3015 366 3053 o.
385 3003 418 3053 D.
433 3003 465 3052 de
479 3005 588 3053 iuretur.
604 3001 649 3068 (12,
659 3003 690 3070 2).
709 3003 741 3052 t.
752 3016 772 3054 9.
789 3003 815 3052 0.
830 3004 862 3053 de
876 3003 929 3053 reb.
942 3006 1013 3055 cred.

61 3070 93 3139 (t,
109 3072 139 3138 2).
197 3068 216 3136 ⁸)
233 3072 276 3121 Cel.
291 3084 311 3123 8.
330 3072 377 3122 rub
391 3072 498 3122 rubrica
513 3073 546 3122 lic
561 3073 640 3122 dubiis
655 3075 726 3124 rebus
740 3074 817 3122 solum
831 3075 910 3123 iurare
926 3074 1015 3125 dehere

62 3142 129 3191 lianc
143 3144 276 3192 Intercerr't
289 3144 453 3191 sententiam:
467 3144 510 3200 Qut
525 3151 651 3205 suspectus
665 3145 760 3201 dicitur,
771 3159 842 3207 quum
852 3145 915 3193 nulle
926 3148 1015 3196 ueritas

63 3213 159 3275 petitori
173 3214 197 3261 iu
212 3227 241 3261 eo
256 3214 403 3276 exprimitur,
418 3214 458 3278 qui
472 3214 613 3263 columniam
628 3229 654 3263 sc
669 3216 717 3278 puti
728 3215 794 3264 dicit.
820 3215 942 3280 Corripe:
957 3215 1015 3266 Cum

63 3290 188 3346 suspectus
203 3282 290 3331 dicitur
304 3284 443 3341 calumniae,
458 3285 547 3334 ueritus
562 3286 689 3348 petitorum
703 3285 733 3334 ab
748 3300 777 3334 eo
792 3286 938 3349 exprimitur,
953 3303 976 3349 q.
992 3303 1014 3336 c.

63 3367 82 3401 r.
97 3367 120 3416 p.
136 3352 158 3402 d.
193 3353 303 3402 Videtur
318 3355 400 3420 ἐρίων
414 3357 530 3417 opposita
546 3354 759 3417 Interpretctioni
771 3358 900 3420 sequentis
914 3364 1015 3406 oenten-

62 3424 114 3472 tr'ac
128 3439 224 3487 purum
241 3431 328 3473 rectae
347 3432 372 3472 et
387 3426 471 3486 petito
485 3439 539 3473 eece
558 3440 592 3473 ex
608 3433 691 3473 vetere
707 3425 774 3474 [Oto.
840 3424 917 3491 ⁴)th
933 3426 964 3477 L,
979 3439 1014 3479 oc

62 3494 85 3555 §-
99 3506 121 3544 t.
136 3493 168 3543 L.
183 3505 216 3545 or.
237 3493 269 3542 D.
284 3494 316 3543 de
330 3495 439 3542 iuretur.
455 3493 499 3558 (12,
515 3493 546 3558 2).
599 3492 619 3558 ⁶)
635 3494 673 3557 Cf.
689 3495 720 3543 L.
735 3507 756 3546 u.
775 3495 808 3546 D.
823 3495 878 3546 eod.
936 3493 958 3561 ⁰)
975 3498 1014 3559 Cf.

63 3563 94 3612 L.
110 3576 143 3615 11.
159 3566 181 3626 5.
197 3575 217 3614 2.
241 3564 274 3612 Ι).
288 3580 341 3613 rer.
357 3571 431 3613 oruot.
447 3563 490 3629 (25,
505 3563 535 3627 2).
557 3564 587 3611 L.
604 3575 629 3613 ι2
640 3579 682 3627 pr.
707 3564 732 3614 0.
748 3565 779 3614 de
794 3567 902 3615 iuretur.
918 3565 968 3632 (tt,
984 3567 1014 3631 1).

63 3646 109 3683 uon
123 3630 214 3701 potest]
229 3648 265 3685 oc.
280 3635 326 3690 itu,
340 3641 369 3682 ot
383 3636 472 3683 iurare
487 3641 531 3682 aut
541 3635 643 3695 referre
656 3635 715 3697 copi
725 3637 816 3698 por-rit.
846 3636 884 3700 Cf.
897 3636 1015 3686 Zimmer·

63 3718 138 3753 murm
156 3703 330 3754 Glaubeureid
344 3720 372 3766 p.
387 3716 421 3755 19.
496 3701 571 3769 Ἣ).
586 3714 610 3759 ὕ,
626 3704 660 3754 5⁸·
684 3705 723 3766 55.
739 3716 808 3757 2-4.
832 3704 864 3756 L.
883 3717 917 3757 22.
940 3708 964 3767 ἕ.
979 3719 1013 3757 tt.

63 3773 94 3822 L.
109 3785 142 3826 tt.
157 3776 181 3836 ἕ.
196 3784 217 3825 2.
236 3774 269 3826 D.
284 3774 320 3823 od
332 3775 380 3840 lep.
396 3773 483 3837 Apoll.
498 3770 534 3838 (9,
553 3771 584 3839 2).
609 3772 641 3823 L.
660 3784 693 3824 tto.
718 3774 750 3822 Ι),
770 3789 798 3824 re
819 3774 898 3824 iudt‘c.
913 3776 962 3838 (42,
982 3773 1014 3840 t).

63 3840 94 3891 L.
108 3858 128 3896 t.
149 3844 181 3893 D.
196 3845 228 3893 de
242 3844 351 3906 consero.
367 3842 412 3908 (m,
427 3842 457 3909 2).
