2378 4386
372 552 434 588 atu
453 553 556 589 assensn.
576 535 598 590 Ι.
617 541 728 592 *id-dl.
974 541 1034 606 185

441 712 484 752 vv.
511 694 626 755 2-24,
1048 702 1091 751 13.

65 776 114 837 46.
136 795 200 836 nam
223 789 251 836 et
273 781 297 835 si
319 787 482 836 testamento
511 783 619 854 scriptis
647 782 674 837 in
698 781 790 839 orbem
814 786 901 840 seruis
924 696 1034 841 libertati

66 866 189 934 delusit,
207 866 270 937 quia
286 863 377 920 nullus
390 865 458 919 ordo
473 867 692 923 manumissionis
707 868 856 934 inuenitur,
873 869 941 925 nulli
957 868 1035 926 libari

67 958 163 1017 erunt3
182 951 244 1022 quia
259 948 302 1005 lex
318 947 393 1004 Fufia
409 948 527 1017 (laniata,
544 967 613 1023 quae
628 953 656 1005 in
671 952 791 1008 fraudem
808 955 867 1010 eius
883 953 953 1010 facta
969 956 1035 1025 slat,

66 1034 206 1091 rescindit.
233 1042 298 1089 sunt
313 1035 392 1090 etiam
403 1034 529 1107 specialia
543 1036 788 1106 senatusconsulta,
805 1037 904 1112 quibus
919 1040 1035 1096 rescissa

67 1129 131 1175 sunt
145 1135 188 1190 ca,
202 1134 272 1192 quae
289 1120 316 1174 iu
332 1117 455 1173 fraudem
472 1119 530 1173 eius
545 1117 616 1191 legis
631 1122 782 1193 excogitata
799 1132 871 1182 sunt.

129 1199 178 1261 47.
200 1203 229 1258 ln
252 1219 355 1258 summa
377 1202 516 1258 sciendum
539 1211 597 1272 est,
622 1197 737 1275 (ᾳιιοά)ι
763 1206 825 1278 lege
846 1207 919 1263 Aelia
942 1207 1035 1264 Sentla

67 1295 176 1345 cantum
190 1287 254 1357 'esi
277 1280 322 1342 ut²
334 1281 479 1361 (patroni)
495 1295 541 1341 sut
556 1288 721 1343 creditorum
736 1288 944 1346 fraudandorum
955 1308 1035 1347 cattsa

67 1373 224 1430 manumissi
239 1371 316 1428 liberi
333 1387 387 1427 non
404 1370 479 1442 liant,
501 1374 580 1427 etiam
597 1371 649 1427 hoc
663 1371 695 1426 ad
711 1375 871 1446 peregrinos
885 1376 1036 1446 pertinere,

67 1455 167 1530 ((uam)
190 1447 322 1512 senatus³
342 1457 379 1511 ita
398 1458 504 1512 censuit
524 1472 556 1510 ex
578 1458 738 1512 auctoritate
754 1449 872 1535 ’(ιίἱιιὲ)Ι
894 1455 1035 1532 Hadriani)

68 1551 161 1600 cemes
176 1557 244 1597 uero
260 1542 319 1596 iuna
335 1543 394 1596 eius
411 1541 480 1613 legis
496 1539 528 1594 ad
544 1541 707 1612 peregrinos
723 1557 778 1596 non
794 1535 958 1614 pertinere.⁵

130 1624 183 1686 48.
197 1625 328 1698 Sequitur
342 1626 376 1680 de
392 1627 451 1681 iure
472 1640 651 1696 personarum
668 1624 718 1679 alia
730 1625 840 1680 diuisio.
878 1642 938 1681 nam
954 1643 1037 1700 quae·

67 1711 126 1768 dam
139 1726 274 1786 personae
287 1711 329 1764 sui
341 1711 408 1765 iunis
420 1717 495 1779 sunt,
508 1708 637 1781 quaedam
651 1708 738 1765 alieno
749 1711 800 1765 iuri
812 1720 877 1767 sunt
889 1709 1036 1770 subiectae.

67 1792 119 1854 40.
136 1795 191 1852 Sed
213 1811 309 1850 rursus
324 1810 415 1849 eanum
432 1810 621 1867 personarum,
643 1810 712 1866 quae
727 1794 816 1851 alieno
831 1796 884 1850 iuri
899 1794 1036 1851 sublectae

69 1890 143 1952 sunt,
159 1880 227 1936 aliae
242 1881 270 1935 in
286 1886 432 1952 potestate,
448 1879 519 1934 aliae
536 1880 562 1933 in
576 1894 665 1949 manu,
682 1880 753 1935 aliae
768 1881 797 1935 iu
812 1880 946 1952 mancipio
961 1888 1036 1935 sunt.

68 1962 120 2023 50.
144 1963 289 2020 Videamus
312 1979 383 2019 nunc
405 1962 439 2018 de
461 1965 509 2034 iis,
533 1979 601 2036 quae
623 1962 712 2020 alieno
733 1967 785 2020 iuri
801 1963 946 2020 subiectae
967 1965 1036 2020 sint:

68 2042 193 2129 ’(ηαηι)6
215 2050 238 2103 si
260 2049 486 2120 cognouesimus‚
518 2064 587 2120 quae
609 2049 677 2104 istae
700 2065 833 2122 personae
856 2053 929 2119 sint,
957 2049 1036 2104 simul

69 2134 273 2207 intellegemus,
287 2148 356 2205 quae
371 2134 413 2187 sui
429 2133 494 2187 iuris
510 2134 575 2188 sint.
605 2130 650 2191 dl.
666 2136 705 2190 Ac
725 2136 801 2207 psius
816 2133 989 2207 dispiciamus
1005 2133 1038 2188 de

70 2219 121 2286 iis,
137 2219 226 2290 quiin
242 2217 327 2272 aliena
342 2223 478 2290 potestate
493 2226 568 2273 stant.

71 2377 187 2427 nmaerie
204 2383 384 2434 testamentum,
403 2378 450 2424 sed
467 2378 584 2439 epistolis
602 2385 647 2425 aul
666 2377 863 2443 quibuscumque
882 2381 944 2430 aliis
962 2378 1038 2429 rebus

70 2449 159 2499 seruis
172 2449 227 2496 suis
236 2447 358 2512 pluribus
373 2462 448 2511 quam
458 2462 509 2509 per
524 2454 697 2496 testamentum
710 2449 778 2505 lieet,
794 2451 915 2513 conferre
926 2452 1038 2500 uoluerit

71 2519 206 2569 libertates
223 2525 247 2567 et
265 2518 312 2568 sub
331 2525 444 2581 tempore
457 2519 547 2566 mortis
565 2517 614 2566 ltoc
625 2518 729 2580 fecerit,
748 2519 783 2574 lsi,
803 2522 847 2582 qui
857 2522 936 2583 prius
950 2537 1039 2568 manu-

71 2592 145 2640 missi
156 2590 267 2652 suerint,
282 2604 361 2652 usque
374 2589 409 2637 ad
423 2604 553 2636 numerum
563 2590 684 2649 superius
694 2591 858 2637 coustitutum
868 2590 945 2638 liberi
954 2597 1039 2646 erunt,

72 2663 117 2726 qui
135 2674 199 2710 uero
215 2667 275 2724 post
293 2666 414 2709 statutum
438 2673 570 2707 numerum
589 2657 741 2706 manumissi
758 2659 872 2721 fuerim,
893 2661 966 2707 serui
983 2661 1040 2708 sine

72 2731 151 2781 dubio
163 2730 356 2794 permanebunt.
380 2743 401 2780 a.
419 2729 483 2778 Nam
493 2731 517 2777 si
527 2730 663 2777 incolumis
677 2743 846 2791 quoscumque
860 2730 967 2778 diuersa
980 2736 1040 2778 tem·

70 2817 137 2865 pore
148 2803 303 2860 manumisit,
313 2803 381 2851 iuter
391 2817 442 2858 eos,
453 2803 498 2864 qui
503 2816 553 2863 per
564 2807 738 2849 testamentum
748 2801 897 2848 manumissi
905 2806 974 2856 sunt,
983 2801 1040 2848 uul-

74 2875 176 2922 latemus
183 2869 381 2937 computentur'.
397 2871 489 2922 Badis
497 2879 580 2920 tamen
590 2870 798 2934 Epitomatoreo,
807 2885 872 2935 quae
880 2872 1040 2932 §§.e.4.con-

74 2945 203 2999 tineutur,
217 2944 324 2993 aliunde
338 2959 413 3007 quam
428 2959 462 2991 ex
479 2942 544 2991 Gaio
557 2943 677 2991 sumsisse
692 2942 802 2990 uidetur.
847 2937 867 3008 ¹)
880 2938 982 3008 ‘(cum)'
998 2943 1037 2992 ed.

72 3012 121 3080 Bp.
161 3009 184 3079 ¹)
199 3016 230 3063 sit
244 3022 285 3063 ant
298 3013 391 3062 Scded.
406 3016 482 3062 etiam
502 3010 554 3070 Vn,
569 3021 727 3076 corruptum,
742 3021 769 3061 ut
780 3020 853 3076 puto,
868 3021 925 3062 exi
941 3021 977 3063 ut:
993 3015 1040 3064 sed
1085 3008 1088 3014 ¹

73 3093 206 3149 acceptum
217 3101 269 3149 pro
280 3086 300 3133 si
311 3093 336 3132 ut
346 3085 441 3147 effecit,
456 3092 484 3133 at
494 3091 629 3133 corrector
642 3091 732 3147 postea
743 3099 822 3148 super
832 3085 971 3134 manumissi
981 3102 1041 3149 sup·

70 3159 155 3221 pleret
170 3158 227 3205 sint.
252 3157 319 3206 idem
333 3156 403 3219 quod
410 3156 549 3205 secasndum
565 3151 610 3202 V¹⁸
623 3157 692 3203 inter
702 3162 742 3204 aut
752 3162 776 3204 et
786 3156 940 3214 creditorum,
955 3159 1042 3206 alieno

74 3242 136 3277 saue
151 3229 217 3285 ioco,
236 3229 338 3292 manum
357 3228 521 3290 superposuit
536 3238 570 3284 11,
589 3242 619 3276 eo
637 3227 789 3290 sipnilicare
805 3227 869 3276 milti
883 3227 985 3276 videtur
999 3242 1042 3276 uo-

75 3299 167 3356 luisse,
187 3300 307 3348 omissum
325 3298 427 3361 aliquid
445 3312 500 3346 esse
518 3297 596 3361 (puta
613 3313 635 3345 u.
651 3298 745 3361 patroni
765 3300 823 3348 soll.
839 3299 862 3359 §-
877 3297 913 3361 st)
933 3299 1042 3361 quadiu

75 3371 193 3435 maraine
206 3369 253 3418 sub
268 3368 354 3418 eodem
367 3369 443 3433 siquo
457 3370 578 3431 supplere
592 3367 685 3417 oblitus
699 3376 744 3417 est.
773 3376 843 3418 certe
857 3384 909 3417 uon
923 3368 1042 3417 dubitau-

77 3440 143 3498 dum,
158 3442 235 3489 etiam
250 3440 322 3501 apud
331 3441 496 3504 pereprinos,
511 3440 611 3488 etiamsi
625 3455 676 3488 nou
691 3455 784 3496 omnes,
800 3440 924 3503 patronis
938 3438 1045 3502 aliquod

77 3511 116 3559 ius
130 3512 157 3559 iu
174 3510 248 3560 bonis
263 3509 413 3560 libertorum
425 3510 517 3572 fuisse.
556 3505 577 3572 ⁸)
593 3518 690 3558 senatus
707 3509 733 3557 C.
745 3510 802 3558 edd.
818 3509 866 3573 Bp.
881 3508 955 3558 Stud.
972 3509 1007 3571 cs.
1023 3520 1043 3561 1,

76 3590 108 3632 tt.
162 3580 183 3646 ⁴)
199 3581 477 3644 Addidiexperpetuo
495 3579 555 3629 Gaii
569 3595 646 3629 more.
695 3576 716 3645 ὖ)
731 3579 854 3644 Sequitur
869 3582 938 3628 linea
951 3592 1042 3628 uacua.

79 3647 158 3717 ⁸)Ex
173 3652 234 3718 1119.
250 3659 275 3701 et
288 3651 353 3700 Iust.
367 3653 491 3715 supplevi.

146 3773 172 3846 ᾗ.
188 3779 231 3827 46.
255 3776 294 3838 Cf.
308 3790 390 3838 supra
405 3778 428 3836 ἓ.
445 3777 491 3824 21⁸.
517 3774 549 3823 L.
564 3787 597 3826 st.
622 3775 654 3824 D.
669 3774 701 3823 de
721 3775 817 3823 condit.
833 3774 935 3823 eidem.
951 3769 996 3834 (ab,
1011 3767 1043 3829 1).

78 3841 155 3915 §.fi
173 3849 293 3912 ΟΜΝ.
385 3835 1042 3914 §.to-61.L.1pr.1).aettsqoieui(1‚a).

75 3919 150 3979 titul.
165 3919 222 3968 eod.
238 3918 270 3983 (1,
280 3917 312 3981 8).
364 3842 389 3984 ἓ.
404 3919 447 3966 49.
465 3916 502 3979 Cs.
516 3915 560 3963 Fr.
576 3915 635 3964 Vct.
646 3926 693 3965 298.
706 3924 753 3963 too.
773 3913 833 3961 Lea*
845 3911 916 3959 Hau.
926 3907 998 3967 Salp.
1009 3914 1043 3953 st.
