<?xml version="1.0" encoding="UTF-8"?>
<!DOCTYPE html PUBLIC "-//W3C//DTD XHTML 1.0 Transitional//EN"
    "http://www.w3.org/TR/xhtml1/DTD/xhtml1-transitional.dtd">
<html xmlns="http://www.w3.org/1999/xhtml" xml:lang="en" lang="en">
 <head>
  <title>
</title>
<meta http-equiv="Content-Type" content="text/html;charset=utf-8" />
  <meta name='ocr-system' content='tesseract 3.04.00' />
  <meta name='ocr-capabilities' content='ocr_page ocr_carea ocr_par ocr_line ocrx_word'/>
</head>
<body>
  <div class='ocr_page' id='page_1' title='image "./iurisprvdentiae00huscgoog_0733.png"; bbox 0 0 2378 4386; ppageno 0'>
   <div class='ocr_carea' id='block_1_1' title="bbox 189 553 936 626">
    <p class='ocr_par' dir='ltr' id='par_1_1' title="bbox 189 553 936 626">
     <span class='ocr_line' id='line_1_1' title="bbox 189 553 936 626; baseline -0.017 -10"><span class='ocrx_word' id='word_1_1' title='bbox 189 560 252 626; x_wconf 82' lang='grc'><strong>694</strong></span> <span class='ocrx_word' id='word_1_2' title='bbox 391 575 452 611; x_wconf 76' lang='lat' dir='ltr'><strong>noa.</strong></span> <span class='ocrx_word' id='word_1_3' title='bbox 470 575 503 609; x_wconf 85' lang='lat' dir='ltr'><strong>nr</strong></span> <span class='ocrx_word' id='word_1_4' title='bbox 520 573 582 609; x_wconf 82' lang='lat' dir='ltr'><strong>nou.</strong></span> <span class='ocrx_word' id='word_1_5' title='bbox 601 572 691 608; x_wconf 82' lang='lat' dir='ltr'><strong>nnornr</strong></span> <span class='ocrx_word' id='word_1_6' title='bbox 709 572 815 607; x_wconf 76' lang='lat' dir='ltr'><strong>conus.</strong></span> <span class='ocrx_word' id='word_1_7' title='bbox 835 553 892 607; x_wconf 89' lang='lat' dir='ltr'><strong>XV.</strong></span> <span class='ocrx_word' id='word_1_8' title='bbox 912 557 936 605; x_wconf 84' lang='lat'><strong>3.</strong></span> 
     </span>
    </p>
   </div>
   <div class='ocr_carea' id='block_1_2' title="bbox 187 695 1185 2526">
    <p class='ocr_par' dir='ltr' id='par_1_2' title="bbox 187 695 1185 2526">
     <span class='ocr_line' id='line_1_2' title="bbox 188 695 1150 777; baseline -0.004 -13"><span class='ocrx_word' id='word_1_9' title='bbox 188 707 347 776; x_wconf 88' lang='lat' dir='ltr'><strong>uideantur,</strong></span> <span class='ocrx_word' id='word_1_10' title='bbox 373 703 472 760; x_wconf 90' lang='lat' dir='ltr'><strong>iuliane</strong></span> <span class='ocrx_word' id='word_1_11' title='bbox 494 702 642 758; x_wconf 75' lang='lat' dir='ltr'><strong>karissime.</strong></span> <span class='ocrx_word' id='word_1_12' title='bbox 687 699 716 758; x_wconf 80' lang='lat'><strong>2.</strong></span> <span class='ocrx_word' id='word_1_13' title='bbox 742 695 810 756; x_wconf 92' lang='lat' dir='ltr'><strong>¹Sed</strong></span> <span class='ocrx_word' id='word_1_14' title='bbox 833 700 869 756; x_wconf 88' lang='lat' dir='ltr'><strong>dli</strong></span> <span class='ocrx_word' id='word_1_15' title='bbox 889 701 1059 758; x_wconf 88' lang='lat' dir='ltr'><strong>immortales</strong></span> <span class='ocrx_word' id='word_1_16' title='bbox 1084 720 1150 777; x_wconf 92' lang='lat' dir='ltr'><strong>pro-</strong></span> 
     </span>
     <span class='ocr_line' id='line_1_3' title="bbox 188 783 1151 859; baseline -0.003 -13"><span class='ocrx_word' id='word_1_17' title='bbox 188 789 306 846; x_wconf 87' lang='lat' dir='ltr'><strong>uidentia</strong></span> <span class='ocrx_word' id='word_1_18' title='bbox 321 805 369 843; x_wconf 88' lang='lat' dir='ltr'><strong>sua</strong></span> <span class='ocrx_word' id='word_1_19' title='bbox 385 786 511 842; x_wconf 90' lang='lat' dir='ltr'><strong>ordinare</strong></span> <span class='ocrx_word' id='word_1_20' title='bbox 526 795 554 841; x_wconf 89' lang='lat' dir='ltr'><strong>et</strong></span> <span class='ocrx_word' id='word_1_21' title='bbox 569 785 712 859; x_wconf 81' lang='lat' dir='ltr'>disponere</span> <span class='ocrx_word' id='word_1_22' title='bbox 728 785 829 858; x_wconf 80' lang='lat' dir='ltr'><strong>dignati</strong></span> <span class='ocrx_word' id='word_1_23' title='bbox 845 794 924 854; x_wconf 80' lang='lat' dir='ltr'><strong>sunt,</strong></span> <span class='ocrx_word' id='word_1_24' title='bbox 946 801 1016 858; x_wconf 90' lang='lat' dir='ltr'><strong>quae</strong></span> <span class='ocrx_word' id='word_1_25' title='bbox 1032 783 1106 842; x_wconf 83' lang='lat' dir='ltr'><strong>bona</strong></span> <span class='ocrx_word' id='word_1_26' title='bbox 1122 797 1151 843; x_wconf 90' lang='lat' dir='ltr'><strong>et</strong></span> 
     </span>
     <span class='ocr_line' id='line_1_4' title="bbox 189 868 1150 942; baseline -0.002 -13"><span class='ocrx_word' id='word_1_27' title='bbox 189 889 252 929; x_wconf 91' lang='lat' dir='ltr'><strong>uera</strong></span> <span class='ocrx_word' id='word_1_28' title='bbox 267 879 340 942; x_wconf 81' lang='lat' dir='ltr'><strong>sunt,</strong></span> <span class='ocrx_word' id='word_1_29' title='bbox 364 880 394 926; x_wconf 88' lang='lat' dir='ltr'><strong>ut</strong></span> <span class='ocrx_word' id='word_1_30' title='bbox 416 868 564 925; x_wconf 89' lang='lat' dir='ltr'><strong>multorum</strong></span> <span class='ocrx_word' id='word_1_31' title='bbox 584 877 612 924; x_wconf 89' lang='lat' dir='ltr'><strong>et</strong></span> <span class='ocrx_word' id='word_1_32' title='bbox 632 868 766 924; x_wconf 89' lang='lat' dir='ltr'><strong>bonorum</strong></span> <span class='ocrx_word' id='word_1_33' title='bbox 782 877 809 923; x_wconf 95' lang='lat' dir='ltr'><strong>et</strong></span> <span class='ocrx_word' id='word_1_34' title='bbox 824 869 997 941; x_wconf 78' lang='lat' dir='ltr'><strong>egregiorum</strong></span> <span class='ocrx_word' id='word_1_35' title='bbox 1023 871 1150 927; x_wconf 89' lang='lat' dir='ltr'><strong>ulrorum</strong></span> 
     </span>
     <span class='ocr_line' id='line_1_5' title="bbox 189 948 1150 1029; baseline -0.002 -17"><span class='ocrx_word' id='word_1_36' title='bbox 189 948 296 1029; x_wconf 83' lang='lat' dir='ltr'><strong>&#39;(ore)‚²</strong></span> <span class='ocrx_word' id='word_1_37' title='bbox 318 962 346 1010; x_wconf 90' lang='lat' dir='ltr'><strong>ct</strong></span> <span class='ocrx_word' id='word_1_38' title='bbox 368 954 627 1027; x_wconf 74' lang='lat' dir='ltr'><strong>sapientissimorum</strong></span> <span class='ocrx_word' id='word_1_39' title='bbox 648 952 760 1008; x_wconf 88' lang='lat' dir='ltr'><strong>consilio</strong></span> <span class='ocrx_word' id='word_1_40' title='bbox 777 960 805 1007; x_wconf 94' lang='lat' dir='ltr'><strong>et</strong></span> <span class='ocrx_word' id='word_1_41' title='bbox 824 960 938 1007; x_wconf 83' lang='lat' dir='ltr'><strong>tractem</strong></span> <span class='ocrx_word' id='word_1_42' title='bbox 953 951 1067 1009; x_wconf 85' lang='lat' dir='ltr'><strong>inlibata</strong></span> <span class='ocrx_word' id='word_1_43' title='bbox 1083 971 1150 1027; x_wconf 88' lang='lat' dir='ltr'><strong>pro·</strong></span> 
     </span>
     <span class='ocr_line' id='line_1_6' title="bbox 188 1034 1151 1108; baseline -0.001 -13"><span class='ocrx_word' id='word_1_44' title='bbox 188 1039 317 1096; x_wconf 88' lang='lat' dir='ltr'><strong>barentur</strong></span> <span class='ocrx_word' id='word_1_45' title='bbox 332 1048 360 1094; x_wconf 92' lang='lat' dir='ltr'><strong>et</strong></span> <span class='ocrx_word' id='word_1_46' title='bbox 373 1045 571 1093; x_wconf 74' lang='lat' dir='ltr'><strong>statuerentur:</strong></span> <span class='ocrx_word' id='word_1_47' title='bbox 588 1035 685 1108; x_wconf 89' lang='lat' dir='ltr'><strong>quibus</strong></span> <span class='ocrx_word' id='word_1_48' title='bbox 701 1051 750 1091; x_wconf 90' lang='lat' dir='ltr'><strong>nee</strong></span> <span class='ocrx_word' id='word_1_49' title='bbox 766 1034 870 1090; x_wconf 88' lang='lat' dir='ltr'><strong>obuiam</strong></span> <span class='ocrx_word' id='word_1_50' title='bbox 882 1037 932 1105; x_wconf 87' lang='lat' dir='ltr'><strong>ire,</strong></span> <span class='ocrx_word' id='word_1_51' title='bbox 948 1051 1000 1092; x_wconf 89' lang='lat' dir='ltr'><strong>neo</strong></span> <span class='ocrx_word' id='word_1_52' title='bbox 1015 1038 1151 1094; x_wconf 88' lang='lat' dir='ltr'><strong>resistere</strong></span> 
     </span>
     <span class='ocr_line' id='line_1_7' title="bbox 189 1118 1149 1195; baseline -0.001 -17"><span class='ocrx_word' id='word_1_53' title='bbox 189 1123 228 1179; x_wconf 90' lang='lat' dir='ltr'><strong>ias</strong></span> <span class='ocrx_word' id='word_1_54' title='bbox 243 1130 295 1192; x_wconf 84' lang='lat' dir='ltr'><strong>est,</strong></span> <span class='ocrx_word' id='word_1_55' title='bbox 311 1137 400 1195; x_wconf 88' lang='lat' dir='ltr'><strong>neque</strong></span> <span class='ocrx_word' id='word_1_56' title='bbox 415 1118 576 1195; x_wconf 85' lang='lat' dir='ltr'><strong>reprehendi</strong></span> <span class='ocrx_word' id='word_1_57' title='bbox 591 1136 605 1173; x_wconf 87' lang='lat' dir='ltr'><strong>a</strong></span> <span class='ocrx_word' id='word_1_58' title='bbox 621 1135 691 1174; x_wconf 91' lang='lat' dir='ltr'><strong>noua</strong></span> <span class='ocrx_word' id='word_1_59' title='bbox 707 1128 785 1174; x_wconf 88' lang='lat' dir='ltr'><strong>uetus</strong></span> <span class='ocrx_word' id='word_1_60' title='bbox 802 1119 900 1193; x_wconf 73' lang='lat' dir='ltr'><strong>religio</strong></span> <span class='ocrx_word' id='word_1_61' title='bbox 917 1118 1008 1175; x_wconf 88' lang='lat' dir='ltr'><strong>debet.</strong></span> <span class='ocrx_word' id='word_1_62' title='bbox 1040 1119 1149 1178; x_wconf 79' lang='lat' dir='ltr'><strong>Maximi</strong></span> 
     </span>
     <span class='ocr_line' id='line_1_8' title="bbox 189 1197 1150 1276; baseline -0.001 -14"><span class='ocrx_word' id='word_1_63' title='bbox 189 1208 260 1262; x_wconf 91' lang='lat' dir='ltr'><strong>enim</strong></span> <span class='ocrx_word' id='word_1_64' title='bbox 275 1206 393 1262; x_wconf 88' lang='lat' dir='ltr'><strong>criminis</strong></span> <span class='ocrx_word' id='word_1_65' title='bbox 408 1212 460 1274; x_wconf 81' lang='lat' dir='ltr'><strong>est,</strong></span> <span class='ocrx_word' id='word_1_66' title='bbox 475 1212 634 1273; x_wconf 88' lang='lat' dir='ltr'><strong>retractare,</strong></span> <span class='ocrx_word' id='word_1_67' title='bbox 657 1219 725 1275; x_wconf 88' lang='lat' dir='ltr'><strong>quae</strong></span> <span class='ocrx_word' id='word_1_68' title='bbox 740 1201 822 1258; x_wconf 90' lang='lat' dir='ltr'><strong>semel</strong></span> <span class='ocrx_word' id='word_1_69' title='bbox 842 1202 882 1257; x_wconf 83' lang='lat' dir='ltr'><strong>&#39;ab</strong></span> <span class='ocrx_word' id='word_1_70' title='bbox 898 1197 1077 1276; x_wconf 81' lang='lat' dir='ltr'><strong>antiquitate³</strong></span> <span class='ocrx_word' id='word_1_71' title='bbox 1092 1215 1150 1261; x_wconf 84' lang='lat' dir='ltr'><strong>sta·</strong></span> 
     </span>
     <span class='ocr_line' id='line_1_9' title="bbox 188 1286 1185 1360; baseline -0.004 -14"><span class='ocrx_word' id='word_1_72' title='bbox 188 1296 249 1346; x_wconf 91' lang='lat' dir='ltr'><strong>tnta</strong></span> <span class='ocrx_word' id='word_1_73' title='bbox 263 1297 291 1345; x_wconf 88' lang='lat' dir='ltr'><strong>et</strong></span> <span class='ocrx_word' id='word_1_74' title='bbox 306 1286 430 1359; x_wconf 85' lang='lat' dir='ltr'><strong>delinita,</strong></span> <span class='ocrx_word' id='word_1_75' title='bbox 452 1303 531 1343; x_wconf 90' lang='lat' dir='ltr'><strong>sunm</strong></span> <span class='ocrx_word' id='word_1_76' title='bbox 546 1295 645 1342; x_wconf 88' lang='lat' dir='ltr'><strong>statum</strong></span> <span class='ocrx_word' id='word_1_77' title='bbox 662 1295 689 1341; x_wconf 86' lang='lat' dir='ltr'><strong>et</strong></span> <span class='ocrx_word' id='word_1_78' title='bbox 704 1302 812 1341; x_wconf 90' lang='lat' dir='ltr'><strong>cursum</strong></span> <span class='ocrx_word' id='word_1_79' title='bbox 835 1294 929 1342; x_wconf 86' lang='lat' dir='ltr'><strong>tenent</strong></span> <span class='ocrx_word' id='word_1_80' title='bbox 944 1303 974 1342; x_wconf 90' lang='lat' dir='ltr'><strong>ac</strong></span> <span class='ocrx_word' id='word_1_81' title='bbox 989 1288 1148 1360; x_wconf 87' lang='lat' dir='ltr'><strong>possident.</strong></span> <span class='ocrx_word' id='word_1_82' title='bbox 1160 1303 1185 1350; x_wconf 79' lang='lat' dir='ltr'><strong>[u</strong></span> 
     </span>
     <span class='ocr_line' id='line_1_10' title="bbox 188 1369 1149 1445; baseline -0.001 -15"><span class='ocrx_word' id='word_1_83' title='bbox 188 1369 217 1431; x_wconf 77' lang='grc'><strong>3.</strong></span> <span class='ocrx_word' id='word_1_84' title='bbox 239 1372 315 1429; x_wconf 89' lang='lat' dir='ltr'><strong>Unde</strong></span> <span class='ocrx_word' id='word_1_85' title='bbox 337 1372 509 1445; x_wconf 88' lang='lat' dir='ltr'><strong>pertinaciam</strong></span> <span class='ocrx_word' id='word_1_86' title='bbox 525 1387 621 1444; x_wconf 87' lang='lat' dir='ltr'><strong>prauae</strong></span> <span class='ocrx_word' id='word_1_87' title='bbox 637 1371 733 1424; x_wconf 88' lang='lat' dir='ltr'><strong>mentis</strong></span> <span class='ocrx_word' id='word_1_88' title='bbox 754 1371 979 1441; x_wconf 88' lang='lat' dir='ltr'><strong>nequissimorum</strong></span> <span class='ocrx_word' id='word_1_89' title='bbox 1003 1371 1149 1429; x_wconf 88' lang='lat' dir='ltr'><strong>hominum</strong></span> 
     </span>
     <span class='ocr_line' id='line_1_11' title="bbox 189 1453 1148 1530; baseline 0.001 -18"><span class='ocrx_word' id='word_1_90' title='bbox 189 1457 287 1530; x_wconf 87' lang='lat' dir='ltr'><strong>punire</strong></span> <span class='ocrx_word' id='word_1_91' title='bbox 302 1457 398 1529; x_wconf 77' lang='lat' dir='ltr'><strong>ingens</strong></span> <span class='ocrx_word' id='word_1_92' title='bbox 413 1453 491 1510; x_wconf 84' lang='lat' dir='ltr'><strong>uobis</strong></span> <span class='ocrx_word' id='word_1_93' title='bbox 506 1453 625 1510; x_wconf 88' lang='lat' dir='ltr'><strong>studiurn</strong></span> <span class='ocrx_word' id='word_1_94' title='bbox 641 1463 697 1508; x_wconf 87' lang='lat' dir='ltr'><strong>est:</strong></span> <span class='ocrx_word' id='word_1_95' title='bbox 720 1454 746 1508; x_wconf 80' lang='lat' dir='ltr'><strong>lii</strong></span> <span class='ocrx_word' id='word_1_96' title='bbox 763 1454 843 1518; x_wconf 86' lang='lat' dir='ltr'><strong>enlm,</strong></span> <span class='ocrx_word' id='word_1_97' title='bbox 860 1455 906 1525; x_wconf 87' lang='lat' dir='ltr'><strong>qui</strong></span> <span class='ocrx_word' id='word_1_98' title='bbox 923 1453 1045 1509; x_wconf 85' lang='lat' dir='ltr'><strong>nouellas</strong></span> <span class='ocrx_word' id='word_1_99' title='bbox 1061 1465 1091 1513; x_wconf 87' lang='lat' dir='ltr'><strong>et</strong></span> <span class='ocrx_word' id='word_1_100' title='bbox 1106 1458 1148 1512; x_wconf 91' lang='lat' dir='ltr'><strong>in·</strong></span> 
     </span>
     <span class='ocr_line' id='line_1_12' title="bbox 189 1532 1147 1612; baseline -0.002 -15"><span class='ocrx_word' id='word_1_101' title='bbox 189 1541 292 1597; x_wconf 89' lang='lat' dir='ltr'><strong>auditas</strong></span> <span class='ocrx_word' id='word_1_102' title='bbox 314 1550 402 1595; x_wconf 85' lang='lat' dir='ltr'><strong>sectas</strong></span> <span class='ocrx_word' id='word_1_103' title='bbox 417 1536 555 1593; x_wconf 85' lang='lat' dir='ltr'><strong>ueteribus</strong></span> <span class='ocrx_word' id='word_1_104' title='bbox 570 1536 746 1610; x_wconf 77' lang='lat' dir='ltr'><strong>religionibus</strong></span> <span class='ocrx_word' id='word_1_105' title='bbox 762 1546 916 1610; x_wconf 81' lang='lat' dir='ltr'><strong>opponunt,</strong></span> <span class='ocrx_word' id='word_1_106' title='bbox 941 1532 1004 1592; x_wconf 90' lang='lat' dir='ltr'><strong>&#39;ui⁴</strong></span> <span class='ocrx_word' id='word_1_107' title='bbox 1026 1555 1079 1612; x_wconf 94' lang='lat' dir='ltr'><strong>pro</strong></span> <span class='ocrx_word' id='word_1_108' title='bbox 1103 1557 1147 1595; x_wconf 89' lang='lat' dir='ltr'><strong>ar·</strong></span> 
     </span>
     <span class='ocr_line' id='line_1_13' title="bbox 188 1619 1145 1696; baseline 0.001 -18"><span class='ocrx_word' id='word_1_109' title='bbox 188 1622 269 1679; x_wconf 91' lang='lat' dir='ltr'><strong>bitrio</strong></span> <span class='ocrx_word' id='word_1_110' title='bbox 285 1637 335 1677; x_wconf 90' lang='lat' dir='ltr'><strong>suo</strong></span> <span class='ocrx_word' id='word_1_111' title='bbox 347 1637 434 1696; x_wconf 89' lang='lat' dir='ltr'><strong>prauo</strong></span> <span class='ocrx_word' id='word_1_112' title='bbox 446 1619 603 1690; x_wconf 83' lang='lat' dir='ltr'><strong>excludunt,</strong></span> <span class='ocrx_word' id='word_1_113' title='bbox 620 1636 686 1692; x_wconf 82' lang='lat' dir='ltr'><strong>quae</strong></span> <span class='ocrx_word' id='word_1_114' title='bbox 698 1620 827 1675; x_wconf 87' lang='lat' dir='ltr'><strong>diuinitus</strong></span> <span class='ocrx_word' id='word_1_115' title='bbox 838 1636 965 1676; x_wconf 88' lang='lat' dir='ltr'><strong>concessa</strong></span> <span class='ocrx_word' id='word_1_116' title='bbox 978 1631 1044 1678; x_wconf 90' lang='lat' dir='ltr'><strong>sunt</strong></span> <span class='ocrx_word' id='word_1_117' title='bbox 1056 1640 1145 1695; x_wconf 88' lang='lat' dir='ltr'><strong>quon·</strong></span> 
     </span>
     <span class='ocr_line' id='line_1_14' title="bbox 188 1702 1145 1775; baseline 0.001 -14"><span class='ocrx_word' id='word_1_118' title='bbox 188 1705 248 1761; x_wconf 86' lang='lat' dir='ltr'><strong>dam</strong></span> <span class='ocrx_word' id='word_1_119' title='bbox 264 1702 349 1760; x_wconf 86' lang='lat' dir='ltr'><strong>nobis.</strong></span> <span class='ocrx_word' id='word_1_120' title='bbox 393 1702 423 1761; x_wconf 87' lang='lat'><strong>4.</strong></span> <span class='ocrx_word' id='word_1_121' title='bbox 446 1704 482 1760; x_wconf 88' lang='lat' dir='ltr'><strong>lle</strong></span> <span class='ocrx_word' id='word_1_122' title='bbox 498 1703 596 1775; x_wconf 90' lang='lat' dir='ltr'><strong>quibus</strong></span> <span class='ocrx_word' id='word_1_123' title='bbox 618 1702 739 1758; x_wconf 89' lang='lat' dir='ltr'><strong>sollertia</strong></span> <span class='ocrx_word' id='word_1_124' title='bbox 755 1713 800 1758; x_wconf 91' lang='lat' dir='ltr'><strong>tua</strong></span> <span class='ocrx_word' id='word_1_125' title='bbox 815 1705 952 1759; x_wconf 79' lang='lat' dir='ltr'><strong>screnitati</strong></span> <span class='ocrx_word' id='word_1_126' title='bbox 973 1713 1087 1761; x_wconf 88' lang='lat' dir='ltr'><strong>nostrae</strong></span> <span class='ocrx_word' id='word_1_127' title='bbox 1102 1723 1145 1762; x_wconf 89' lang='lat' dir='ltr'><strong>re·</strong></span> 
     </span>
     <span class='ocr_line' id='line_1_15' title="bbox 189 1781 1144 1860; baseline 0.001 -15"><span class='ocrx_word' id='word_1_128' title='bbox 189 1789 266 1858; x_wconf 88' lang='lat' dir='ltr'><strong>tulit,</strong></span> <span class='ocrx_word' id='word_1_129' title='bbox 293 1788 473 1858; x_wconf 79' lang='lat' dir='ltr'><strong>Manichacus,</strong></span> <span class='ocrx_word' id='word_1_130' title='bbox 496 1785 657 1842; x_wconf 87' lang='lat' dir='ltr'><strong>&#39;audiuimus</strong></span> <span class='ocrx_word' id='word_1_131' title='bbox 679 1781 742 1842; x_wconf 67' lang='lat' dir='ltr'><strong>eosl</strong></span> <span class='ocrx_word' id='word_1_132' title='bbox 762 1787 933 1860; x_wconf 82' lang='lat' dir='ltr'><strong>nuperrime,</strong></span> <span class='ocrx_word' id='word_1_133' title='bbox 962 1787 1047 1843; x_wconf 92' lang='lat' dir='ltr'><strong>ueluti</strong></span> <span class='ocrx_word' id='word_1_134' title='bbox 1073 1806 1144 1846; x_wconf 92' lang='lat' dir='ltr'><strong>noua</strong></span> 
     </span>
     <span class='ocr_line' id='line_1_16' title="bbox 187 1865 1145 1946; baseline -0.001 -16"><span class='ocrx_word' id='word_1_135' title='bbox 187 1865 269 1946; x_wconf 60' lang='lat' dir='ltr'><strong>&#39;leel‘</strong></span> <span class='ocrx_word' id='word_1_136' title='bbox 291 1873 428 1946; x_wconf 89' lang='lat' dir='ltr'><strong>inopinata</strong></span> <span class='ocrx_word' id='word_1_137' title='bbox 449 1871 573 1945; x_wconf 78' lang='lat' dir='ltr'><strong>prodigia</strong></span> <span class='ocrx_word' id='word_1_138' title='bbox 593 1871 621 1925; x_wconf 90' lang='lat' dir='ltr'><strong>in</strong></span> <span class='ocrx_word' id='word_1_139' title='bbox 637 1871 707 1926; x_wconf 87' lang='lat' dir='ltr'><strong>hunc</strong></span> <span class='ocrx_word' id='word_1_140' title='bbox 729 1871 857 1926; x_wconf 88' lang='lat' dir='ltr'><strong>mundum</strong></span> <span class='ocrx_word' id='word_1_141' title='bbox 877 1870 910 1927; x_wconf 93' lang='lat' dir='ltr'><strong>de</strong></span> <span class='ocrx_word' id='word_1_142' title='bbox 925 1870 1030 1926; x_wconf 88' lang='lat' dir='ltr'><strong>Persica</strong></span> <span class='ocrx_word' id='word_1_143' title='bbox 1046 1872 1145 1929; x_wconf 86' lang='lat' dir='ltr'><strong>aduer-</strong></span> 
     </span>
     <span class='ocr_line' id='line_1_17' title="bbox 187 1953 1144 2028; baseline 0.001 -16"><span class='ocrx_word' id='word_1_144' title='bbox 187 1958 256 2012; x_wconf 89' lang='lat' dir='ltr'><strong>saria</strong></span> <span class='ocrx_word' id='word_1_145' title='bbox 271 1954 350 2012; x_wconf 90' lang='lat' dir='ltr'><strong>nobis</strong></span> <span class='ocrx_word' id='word_1_146' title='bbox 365 1964 446 2027; x_wconf 77' lang='lat' dir='ltr'><strong>pente</strong></span> <span class='ocrx_word' id='word_1_147' title='bbox 461 1969 604 2028; x_wconf 80' lang='lat' dir='ltr'><strong>progressa</strong></span> <span class='ocrx_word' id='word_1_148' title='bbox 627 1953 670 2008; x_wconf 91' lang='lat' dir='ltr'><strong>uel</strong></span> <span class='ocrx_word' id='word_1_149' title='bbox 689 1963 746 2009; x_wconf 90' lang='lat' dir='ltr'><strong>orta</strong></span> <span class='ocrx_word' id='word_1_150' title='bbox 768 1970 843 2024; x_wconf 89' lang='lat' dir='ltr'><strong>csse,</strong></span> <span class='ocrx_word' id='word_1_151' title='bbox 866 1963 893 2009; x_wconf 85' lang='lat' dir='ltr'><strong>et</strong></span> <span class='ocrx_word' id='word_1_152' title='bbox 916 1953 999 2010; x_wconf 86' lang='lat' dir='ltr'><strong>multa</strong></span> <span class='ocrx_word' id='word_1_153' title='bbox 1022 1955 1144 2013; x_wconf 81' lang='lat' dir='ltr'><strong>facinora</strong></span> 
     </span>
     <span class='ocr_line' id='line_1_18' title="bbox 188 2032 1144 2110; baseline 0 -15"><span class='ocrx_word' id='word_1_154' title='bbox 188 2039 224 2095; x_wconf 90' lang='lat' dir='ltr'><strong>lbi</strong></span> <span class='ocrx_word' id='word_1_155' title='bbox 245 2040 430 2103; x_wconf 88' lang='lat' dir='ltr'><strong>committere;</strong></span> <span class='ocrx_word' id='word_1_156' title='bbox 458 2036 575 2109; x_wconf 89' lang='lat' dir='ltr'><strong>populos</strong></span> <span class='ocrx_word' id='word_1_157' title='bbox 598 2052 711 2109; x_wconf 88' lang='lat' dir='ltr'><strong>namque</strong></span> <span class='ocrx_word' id='word_1_158' title='bbox 734 2038 839 2109; x_wconf 85' lang='lat' dir='ltr'><strong>quietos</strong></span> <span class='ocrx_word' id='word_1_159' title='bbox 863 2032 1062 2110; x_wconf 86' lang='lat' dir='ltr'><strong>&#39;perturbare,⁷</strong></span> <span class='ocrx_word' id='word_1_160' title='bbox 1092 2057 1144 2096; x_wconf 89' lang='lat' dir='ltr'><strong>neo</strong></span> 
     </span>
     <span class='ocr_line' id='line_1_19' title="bbox 187 2115 1141 2178; baseline -0.002 1"><span class='ocrx_word' id='word_1_161' title='bbox 187 2139 243 2178; x_wconf 91' lang='lat' dir='ltr'><strong>non</strong></span> <span class='ocrx_word' id='word_1_162' title='bbox 258 2131 286 2178; x_wconf 89' lang='lat' dir='ltr'><strong>et</strong></span> <span class='ocrx_word' id='word_1_163' title='bbox 300 2119 453 2176; x_wconf 91' lang='lat' dir='ltr'><strong>ciuitatibus</strong></span> <span class='ocrx_word' id='word_1_164' title='bbox 469 2120 581 2173; x_wconf 82' lang='lat' dir='ltr'><strong>maxima</strong></span> <span class='ocrx_word' id='word_1_165' title='bbox 596 2118 754 2175; x_wconf 86' lang='lat' dir='ltr'><strong>detrimenta</strong></span> <span class='ocrx_word' id='word_1_166' title='bbox 775 2115 923 2176; x_wconf 80' lang='lat' dir='ltr'><strong>’inlcrre:⁸</strong></span> <span class='ocrx_word' id='word_1_167' title='bbox 946 2130 974 2177; x_wconf 87' lang='lat' dir='ltr'><strong>et</strong></span> <span class='ocrx_word' id='word_1_168' title='bbox 991 2121 1141 2178; x_wconf 89' lang='lat' dir='ltr'><strong>uerendum</strong></span> 
     </span>
     <span class='ocr_line' id='line_1_20' title="bbox 188 2200 1142 2278; baseline 0.001 -18"><span class='ocrx_word' id='word_1_169' title='bbox 188 2213 246 2274; x_wconf 84' lang='lat' dir='ltr'><strong>est,</strong></span> <span class='ocrx_word' id='word_1_170' title='bbox 268 2220 302 2258; x_wconf 91' lang='lat' dir='ltr'><strong>ne</strong></span> <span class='ocrx_word' id='word_1_171' title='bbox 325 2202 406 2271; x_wconf 84' lang='lat' dir='ltr'><strong>lorte,</strong></span> <span class='ocrx_word' id='word_1_172' title='bbox 430 2210 460 2256; x_wconf 92' lang='lat' dir='ltr'><strong>ut</strong></span> <span class='ocrx_word' id='word_1_173' title='bbox 483 2200 539 2256; x_wconf 84' lang='lat' dir='ltr'><strong>fieri</strong></span> <span class='ocrx_word' id='word_1_174' title='bbox 562 2201 666 2259; x_wconf 84' lang='lat' dir='ltr'><strong>adsolet</strong></span> <span class='ocrx_word' id='word_1_175' title='bbox 688 2203 824 2260; x_wconf 80' lang='lat' dir='ltr'><strong>accedenti</strong></span> <span class='ocrx_word' id='word_1_176' title='bbox 848 2214 981 2278; x_wconf 84' lang='lat' dir='ltr'><strong>tempore,</strong></span> <span class='ocrx_word' id='word_1_177' title='bbox 1007 2214 1142 2262; x_wconf 87' lang='lat' dir='ltr'><strong>conentur</strong></span> 
     </span>
     <span class='ocr_line' id='line_1_21' title="bbox 188 2282 1141 2360; baseline 0.004 -19"><span class='ocrx_word' id='word_1_178' title='bbox 188 2285 342 2341; x_wconf 79' lang='lat' dir='ltr'><strong>&#39;execranda</strong></span> <span class='ocrx_word' id='word_1_179' title='bbox 365 2284 558 2341; x_wconf 89' lang='lat' dir='ltr'><strong>consuetudine</strong></span> <span class='ocrx_word' id='word_1_180' title='bbox 581 2296 608 2341; x_wconf 92' lang='lat' dir='ltr'><strong>et</strong></span> <span class='ocrx_word' id='word_1_181' title='bbox 630 2303 723 2342; x_wconf 87' lang='lat' dir='ltr'><strong>scaeua</strong></span> <span class='ocrx_word' id='word_1_182' title='bbox 745 2282 826 2360; x_wconf 67' lang='lat' dir='ltr'><strong>leget</strong></span> <span class='ocrx_word' id='word_1_183' title='bbox 848 2287 988 2343; x_wconf 87' lang='lat' dir='ltr'><strong>Persarum</strong></span> <span class='ocrx_word' id='word_1_184' title='bbox 1012 2290 1141 2346; x_wconf 88' lang='lat' dir='ltr'><strong>iunocen-</strong></span> 
     </span>
     <span class='ocr_line' id='line_1_22' title="bbox 187 2366 1142 2446; baseline 0.005 -21"><span class='ocrx_word' id='word_1_185' title='bbox 187 2368 265 2425; x_wconf 88' lang='lat' dir='ltr'><strong>tioris</strong></span> <span class='ocrx_word' id='word_1_186' title='bbox 286 2376 396 2423; x_wconf 90' lang='lat' dir='ltr'><strong>naturae</strong></span> <span class='ocrx_word' id='word_1_187' title='bbox 419 2366 556 2432; x_wconf 88' lang='lat' dir='ltr'><strong>homines,</strong></span> <span class='ocrx_word' id='word_1_188' title='bbox 585 2368 727 2426; x_wconf 85' lang='lat' dir='ltr'><strong>Romanum</strong></span> <span class='ocrx_word' id='word_1_189' title='bbox 751 2381 858 2443; x_wconf 78' lang='lat' dir='ltr'><strong>gentem</strong></span> <span class='ocrx_word' id='word_1_190' title='bbox 887 2371 1036 2428; x_wconf 87' lang='lat' dir='ltr'><strong>modestam</strong></span> <span class='ocrx_word' id='word_1_191' title='bbox 1059 2383 1142 2446; x_wconf 89' lang='lat' dir='ltr'><strong>atque</strong></span> 
     </span>
     <span class='ocr_line' id='line_1_23' title="bbox 187 2450 1140 2526; baseline 0.005 -19"><span class='ocrx_word' id='word_1_192' title='bbox 187 2450 371 2526; x_wconf 85' lang='lat' dir='ltr'><strong>tranquillam,</strong></span> <span class='ocrx_word' id='word_1_193' title='bbox 401 2460 428 2508; x_wconf 84' lang='lat' dir='ltr'><strong>et</strong></span> <span class='ocrx_word' id='word_1_194' title='bbox 456 2453 612 2508; x_wconf 88' lang='lat' dir='ltr'><strong>uniuersum</strong></span> <span class='ocrx_word' id='word_1_195' title='bbox 640 2453 732 2508; x_wconf 86' lang='lat' dir='ltr'><strong>orbem</strong></span> <span class='ocrx_word' id='word_1_196' title='bbox 760 2463 884 2510; x_wconf 89' lang='lat' dir='ltr'><strong>nostrum</strong></span> <span class='ocrx_word' id='word_1_197' title='bbox 912 2455 998 2511; x_wconf 89' lang='lat' dir='ltr'><strong>ueluti</strong></span> <span class='ocrx_word' id='word_1_198' title='bbox 1028 2459 1140 2512; x_wconf 86' lang='lat' dir='ltr'><strong>uenenis</strong></span> 
     </span>
    </p>
   </div>
   <div class='ocr_carea' id='block_1_3' title="bbox 186 2528 1141 2777">
    <p class='ocr_par' dir='ltr' id='par_1_3' title="bbox 186 2528 1141 2777">
     <span class='ocr_line' id='line_1_24' title="bbox 186 2528 1141 2613; baseline 0.005 -22"><span class='ocrx_word' id='word_1_199' title='bbox 186 2535 292 2609; x_wconf 81' lang='lat' dir='ltr'><strong>’anguis</strong></span> <span class='ocrx_word' id='word_1_200' title='bbox 305 2528 452 2591; x_wconf 87' lang='lat' dir='ltr'><strong>maliuoli¹⁰</strong></span> <span class='ocrx_word' id='word_1_201' title='bbox 467 2535 586 2593; x_wconf 78' lang='lat' dir='ltr'><strong>inicere.</strong></span> <span class='ocrx_word' id='word_1_202' title='bbox 619 2536 646 2593; x_wconf 81' lang='lat' dir='ltr'><strong>d.</strong></span> <span class='ocrx_word' id='word_1_203' title='bbox 662 2535 694 2593; x_wconf 87' lang='lat' dir='ltr'><strong>Et</strong></span> <span class='ocrx_word' id='word_1_204' title='bbox 706 2540 767 2610; x_wconf 85' lang='lat' dir='ltr'><strong>quia</strong></span> <span class='ocrx_word' id='word_1_205' title='bbox 779 2540 877 2606; x_wconf 78' lang='lat' dir='ltr'><strong>onmia,</strong></span> <span class='ocrx_word' id='word_1_206' title='bbox 893 2554 961 2610; x_wconf 88' lang='lat' dir='ltr'><strong>quac</strong></span> <span class='ocrx_word' id='word_1_207' title='bbox 971 2540 1065 2611; x_wconf 85' lang='lat' dir='ltr'><strong>pandit</strong></span> <span class='ocrx_word' id='word_1_208' title='bbox 1076 2558 1141 2613; x_wconf 92' lang='lat' dir='ltr'><strong>pru·</strong></span> 
     </span>
     <span class='ocr_line' id='line_1_25' title="bbox 186 2618 1139 2693; baseline 0.004 -18"><span class='ocrx_word' id='word_1_209' title='bbox 186 2618 275 2675; x_wconf 90' lang='lat' dir='ltr'><strong>dentia</strong></span> <span class='ocrx_word' id='word_1_210' title='bbox 297 2628 343 2674; x_wconf 90' lang='lat' dir='ltr'><strong>tua</strong></span> <span class='ocrx_word' id='word_1_211' title='bbox 357 2621 384 2674; x_wconf 89' lang='lat' dir='ltr'><strong>in</strong></span> <span class='ocrx_word' id='word_1_212' title='bbox 399 2618 529 2675; x_wconf 87' lang='lat' dir='ltr'><strong>relatione</strong></span> <span class='ocrx_word' id='word_1_213' title='bbox 544 2620 683 2693; x_wconf 80' lang='lat' dir='ltr'><strong>religionis</strong></span> <span class='ocrx_word' id='word_1_214' title='bbox 698 2620 815 2690; x_wconf 81' lang='lat' dir='ltr'><strong>illorum,</strong></span> <span class='ocrx_word' id='word_1_215' title='bbox 837 2638 934 2690; x_wconf 74' lang='lat' dir='ltr'><strong>genera</strong></span> <span class='ocrx_word' id='word_1_216' title='bbox 946 2621 1139 2679; x_wconf 86' lang='lat' dir='ltr'><strong>maleficiorum</strong></span> 
     </span>
     <span class='ocr_line' id='line_1_26' title="bbox 186 2697 1141 2777; baseline 0.005 -19"><span class='ocrx_word' id='word_1_217' title='bbox 186 2697 348 2760; x_wconf 87' lang='lat' dir='ltr'><strong>’statuunt¹¹</strong></span> <span class='ocrx_word' id='word_1_218' title='bbox 374 2704 650 2774; x_wconf 84' lang='lat' dir='ltr'><strong>euidentissimorum‚</strong></span> <span class='ocrx_word' id='word_1_219' title='bbox 673 2701 815 2777; x_wconf 77' lang='lat' dir='ltr'><strong>&#39;exquisita</strong></span> <span class='ocrx_word' id='word_1_220' title='bbox 824 2699 847 2738; x_wconf 84' lang='lat'><strong>¹²</strong></span> <span class='ocrx_word' id='word_1_221' title='bbox 872 2703 943 2760; x_wconf 83' lang='lat' dir='ltr'><strong>&#39;arte</strong></span> <span class='ocrx_word' id='word_1_222' title='bbox 965 2699 1141 2763; x_wconf 84' lang='lat' dir='ltr'><strong>adiuuenta¹³</strong></span> 
     </span>
    </p>
   </div>
   <div class='ocr_carea' id='block_1_4' title="bbox 181 2912 1179 3961">
    <p class='ocr_par' dir='ltr' id='par_1_4' title="bbox 181 2912 1179 3961">
     <span class='ocr_line' id='line_1_27' title="bbox 259 2912 1137 2981; baseline 0.003 -18"><span class='ocrx_word' id='word_1_223' title='bbox 259 2912 278 2979; x_wconf 90' lang='lat'><strong>¹)</strong></span> <span class='ocrx_word' id='word_1_224' title='bbox 295 2914 333 2975; x_wconf 79' lang='lat' dir='ltr'><strong>Cf.</strong></span> <span class='ocrx_word' id='word_1_225' title='bbox 344 2914 452 2979; x_wconf 80' lang='lat' dir='ltr'><strong>Dionpa.</strong></span> <span class='ocrx_word' id='word_1_226' title='bbox 462 2927 483 2972; x_wconf 76' lang='lat'><strong>2,</strong></span> <span class='ocrx_word' id='word_1_227' title='bbox 494 2927 527 2966; x_wconf 79' lang='lat'><strong>19.</strong></span> <span class='ocrx_word' id='word_1_228' title='bbox 542 2916 600 2964; x_wconf 87' lang='lat' dir='ltr'><strong>Liu.</strong></span> <span class='ocrx_word' id='word_1_229' title='bbox 612 2929 632 2976; x_wconf 81' lang='grc' dir='ltr'><strong>ι,</strong></span> <span class='ocrx_word' id='word_1_230' title='bbox 647 2927 679 2967; x_wconf 79' lang='lat' dir='ltr'><strong>tt.</strong></span> <span class='ocrx_word' id='word_1_231' title='bbox 695 2927 729 2973; x_wconf 78' lang='lat'><strong>³9,</strong></span> <span class='ocrx_word' id='word_1_232' title='bbox 739 2926 772 2965; x_wconf 82' lang='lat' dir='ltr'><strong>te.</strong></span> <span class='ocrx_word' id='word_1_233' title='bbox 795 2915 884 2981; x_wconf 71' lang='lat' dir='ltr'><strong>Polyb.</strong></span> <span class='ocrx_word' id='word_1_234' title='bbox 895 2927 915 2974; x_wconf 84' lang='lat' dir='ltr'><strong>o,</strong></span> <span class='ocrx_word' id='word_1_235' title='bbox 925 2928 958 2966; x_wconf 74' lang='lat' dir='ltr'><strong>et.</strong></span> <span class='ocrx_word' id='word_1_236' title='bbox 979 2915 1055 2966; x_wconf 83' lang='lat' dir='ltr'><strong>Pani.</strong></span> <span class='ocrx_word' id='word_1_237' title='bbox 1067 2917 1095 2967; x_wconf 88' lang='lat' dir='ltr'><strong>S.</strong></span> <span class='ocrx_word' id='word_1_238' title='bbox 1107 2918 1137 2968; x_wconf 81' lang='lat' dir='ltr'><strong>R.</strong></span> 
     </span>
     <span class='ocr_line' id='line_1_28' title="bbox 184 2981 1137 3050; baseline 0 -14"><span class='ocrx_word' id='word_1_239' title='bbox 184 2996 205 3042; x_wconf 80' lang='lat' dir='ltr'><strong>e,</strong></span> <span class='ocrx_word' id='word_1_240' title='bbox 220 2985 323 3046; x_wconf 51' lang='lat' dir='ltr'><strong>regu.</strong></span> <span class='ocrx_word' id='word_1_241' title='bbox 372 2981 530 3050; x_wconf 74' lang='lat' dir='ltr'><strong>¹)Suppleni</strong></span> <span class='ocrx_word' id='word_1_242' title='bbox 543 2985 778 3035; x_wconf 73' lang='lat' dir='ltr'><strong>obruentumvicino</strong></span> <span class='ocrx_word' id='word_1_243' title='bbox 793 2987 881 3034; x_wconf 82' lang='lat' dir='ltr'><strong>uirort.</strong></span> <span class='ocrx_word' id='word_1_244' title='bbox 906 2984 1137 3040; x_wconf 80' lang='lat' dir='ltr'><strong>SicSuet.Iul.8a.</strong></span> 
     </span>
     <span class='ocr_line' id='line_1_29' title="bbox 185 3055 1139 3119; baseline 0.004 -17"><span class='ocrx_word' id='word_1_245' title='bbox 185 3055 362 3104; x_wconf 78' lang='lat' dir='ltr'><strong>derementium</strong></span> <span class='ocrx_word' id='word_1_246' title='bbox 376 3069 417 3103; x_wconf 92' lang='lat' dir='ltr'><strong>ore</strong></span> <span class='ocrx_word' id='word_1_247' title='bbox 432 3064 493 3113; x_wconf 80' lang='lat' dir='ltr'><strong>etc,</strong></span> <span class='ocrx_word' id='word_1_248' title='bbox 508 3055 599 3119; x_wconf 81' lang='lat' dir='ltr'><strong>quidue</strong></span> <span class='ocrx_word' id='word_1_249' title='bbox 618 3057 638 3103; x_wconf 83' lang='lat' dir='ltr'><strong>ir‘</strong></span> <span class='ocrx_word' id='word_1_250' title='bbox 652 3064 827 3118; x_wconf 81' lang='lat' dir='ltr'><strong>opponuntur,</strong></span> <span class='ocrx_word' id='word_1_251' title='bbox 847 3071 953 3119; x_wconf 84' lang='lat' dir='ltr'><strong>quorum</strong></span> <span class='ocrx_word' id='word_1_252' title='bbox 973 3060 1084 3108; x_wconf 83' lang='lat' dir='ltr'><strong>concilio</strong></span> <span class='ocrx_word' id='word_1_253' title='bbox 1098 3061 1139 3108; x_wconf 81' lang='lat' dir='ltr'><strong>usi</strong></span> 
     </span>
     <span class='ocr_line' id='line_1_30' title="bbox 183 3122 1136 3190; baseline 0.005 -17"><span class='ocrx_word' id='word_1_254' title='bbox 183 3132 250 3174; x_wconf 83' lang='lat' dir='ltr'><strong>aunt.</strong></span> <span class='ocrx_word' id='word_1_255' title='bbox 316 3122 337 3188; x_wconf 82' lang='lat'><strong>⁸)</strong></span> <span class='ocrx_word' id='word_1_256' title='bbox 355 3123 400 3172; x_wconf 68' lang='lat' dir='ltr'><strong>dx</strong></span> <span class='ocrx_word' id='word_1_257' title='bbox 417 3125 569 3189; x_wconf 78' lang='lat' dir='ltr'><strong>Bilderdpk.</strong></span> <span class='ocrx_word' id='word_1_258' title='bbox 589 3127 621 3186; x_wconf 73' lang='lat' dir='ltr'><strong>ej.</strong></span> <span class='ocrx_word' id='word_1_259' title='bbox 637 3127 766 3188; x_wconf 83' lang='lat' dir='ltr'><strong>antiquitus</strong></span> <span class='ocrx_word' id='word_1_260' title='bbox 780 3125 877 3175; x_wconf 81' lang='lat' dir='ltr'><strong>Boron.</strong></span> <span class='ocrx_word' id='word_1_261' title='bbox 900 3127 929 3175; x_wconf 89' lang='lat' dir='ltr'><strong>nb</strong></span> <span class='ocrx_word' id='word_1_262' title='bbox 948 3126 1052 3190; x_wconf 87' lang='lat' dir='ltr'><strong>antiquis</strong></span> <span class='ocrx_word' id='word_1_263' title='bbox 1074 3129 1136 3178; x_wconf 71' lang='lat' dir='ltr'><strong>Caici.</strong></span> 
     </span>
     <span class='ocr_line' id='line_1_31' title="bbox 184 3191 1137 3259; baseline 0.004 -16"><span class='ocrx_word' id='word_1_264' title='bbox 184 3194 241 3243; x_wconf 86' lang='lat' dir='ltr'><strong>edd.</strong></span> <span class='ocrx_word' id='word_1_265' title='bbox 293 3191 314 3256; x_wconf 90' lang='lat'><strong>⁴)</strong></span> <span class='ocrx_word' id='word_1_266' title='bbox 329 3200 354 3240; x_wconf 91' lang='lat' dir='ltr'><strong>ut</strong></span> <span class='ocrx_word' id='word_1_267' title='bbox 371 3194 432 3242; x_wconf 78' lang='lat' dir='ltr'><strong>Cdri.</strong></span> <span class='ocrx_word' id='word_1_268' title='bbox 446 3195 505 3243; x_wconf 85' lang='lat' dir='ltr'><strong>edd.</strong></span> <span class='ocrx_word' id='word_1_269' title='bbox 557 3191 578 3259; x_wconf 78' lang='lat'><strong>⁶)</strong></span> <span class='ocrx_word' id='word_1_270' title='bbox 593 3192 622 3241; x_wconf 88' lang='lat' dir='ltr'><strong>B.</strong></span> <span class='ocrx_word' id='word_1_271' title='bbox 638 3196 746 3244; x_wconf 89' lang='lat' dir='ltr'><strong>audimus</strong></span> <span class='ocrx_word' id='word_1_272' title='bbox 761 3211 802 3244; x_wconf 90' lang='lat' dir='ltr'><strong>eos</strong></span> <span class='ocrx_word' id='word_1_273' title='bbox 822 3196 866 3244; x_wconf 81' lang='lat' dir='ltr'><strong>Vc.</strong></span> <span class='ocrx_word' id='word_1_274' title='bbox 888 3196 928 3247; x_wconf 83' lang='lat' dir='ltr'><strong>Vi.</strong></span> <span class='ocrx_word' id='word_1_275' title='bbox 948 3211 990 3244; x_wconf 81' lang='lat' dir='ltr'><strong>cos</strong></span> <span class='ocrx_word' id='word_1_276' title='bbox 1005 3199 1082 3247; x_wconf 79' lang='lat' dir='ltr'><strong>eiecit</strong></span> <span class='ocrx_word' id='word_1_277' title='bbox 1096 3198 1137 3247; x_wconf 86' lang='lat' dir='ltr'><strong>Bi.</strong></span> 
     </span>
     <span class='ocr_line' id='line_1_32' title="bbox 183 3261 1136 3329; baseline 0.008 -19"><span class='ocrx_word' id='word_1_278' title='bbox 183 3263 292 3311; x_wconf 80' lang='lat' dir='ltr'><strong>Haenel.</strong></span> <span class='ocrx_word' id='word_1_279' title='bbox 307 3264 415 3324; x_wconf 82' lang='lat' dir='ltr'><strong>scripsit</strong></span> <span class='ocrx_word' id='word_1_280' title='bbox 428 3263 579 3312; x_wconf 86' lang='lat' dir='ltr'><strong>lionichaeis.</strong></span> <span class='ocrx_word' id='word_1_281' title='bbox 653 3261 675 3329; x_wconf 81' lang='lat'><strong>⁶)</strong></span> <span class='ocrx_word' id='word_1_282' title='bbox 689 3265 819 3329; x_wconf 85' lang='lat' dir='ltr'><strong>Supplevi.</strong></span> <span class='ocrx_word' id='word_1_283' title='bbox 894 3263 914 3329; x_wconf 62' lang='grc' dir='ltr'><strong>τ)</strong></span> <span class='ocrx_word' id='word_1_284' title='bbox 929 3267 1024 3315; x_wconf 86' lang='lat' dir='ltr'><strong>turbare</strong></span> <span class='ocrx_word' id='word_1_285' title='bbox 1039 3269 1080 3317; x_wconf 83' lang='lat' dir='ltr'><strong>ed.</strong></span> <span class='ocrx_word' id='word_1_286' title='bbox 1095 3268 1136 3319; x_wconf 88' lang='lat' dir='ltr'><strong>Bi.</strong></span> 
     </span>
     <span class='ocr_line' id='line_1_33' title="bbox 182 3331 1179 3401; baseline 0.009 -22"><span class='ocrx_word' id='word_1_287' title='bbox 182 3347 217 3380; x_wconf 83' lang='lat' dir='ltr'><strong>ear</strong></span> <span class='ocrx_word' id='word_1_288' title='bbox 235 3346 340 3387; x_wconf 82' lang='lat' dir='ltr'><strong>errore,</strong></span> <span class='ocrx_word' id='word_1_289' title='bbox 359 3333 403 3393; x_wconf 82' lang='lat' dir='ltr'><strong>qui</strong></span> <span class='ocrx_word' id='word_1_290' title='bbox 422 3331 506 3381; x_wconf 76' lang='lat' dir='ltr'><strong>Haeo.</strong></span> <span class='ocrx_word' id='word_1_291' title='bbox 524 3333 628 3396; x_wconf 79' lang='lat' dir='ltr'><strong>fefellit.</strong></span> <span class='ocrx_word' id='word_1_292' title='bbox 716 3331 737 3398; x_wconf 84' lang='lat'><strong>⁸)</strong></span> <span class='ocrx_word' id='word_1_293' title='bbox 753 3337 792 3384; x_wconf 86' lang='lat' dir='ltr'><strong>De</strong></span> <span class='ocrx_word' id='word_1_294' title='bbox 808 3335 876 3384; x_wconf 85' lang='lat' dir='ltr'><strong>Pitlr.</strong></span> <span class='ocrx_word' id='word_1_295' title='bbox 896 3338 929 3399; x_wconf 77' lang='lat' dir='ltr'><strong>qi.</strong></span> <span class='ocrx_word' id='word_1_296' title='bbox 949 3337 1056 3386; x_wconf 85' lang='lat' dir='ltr'><strong>inserere</strong></span> <span class='ocrx_word' id='word_1_297' title='bbox 1073 3338 1136 3388; x_wconf 75' lang='lat' dir='ltr'><strong>odd.</strong></span> <span class='ocrx_word' id='word_1_298' title='bbox 1174 3392 1179 3401; x_wconf 32' lang='grc' dir='ltr'><em>Ι</em></span> 
     </span>
     <span class='ocr_line' id='line_1_34' title="bbox 183 3399 1137 3473; baseline 0.007 -23"><span class='ocrx_word' id='word_1_299' title='bbox 183 3401 241 3450; x_wconf 87' lang='lat' dir='ltr'><strong>edd.</strong></span> <span class='ocrx_word' id='word_1_300' title='bbox 257 3401 364 3460; x_wconf 78' lang='lat' dir='ltr'><strong>ingerere</strong></span> <span class='ocrx_word' id='word_1_301' title='bbox 379 3400 477 3451; x_wconf 77' lang='lat' dir='ltr'><strong>Schult.</strong></span> <span class='ocrx_word' id='word_1_302' title='bbox 493 3405 526 3466; x_wconf 78' lang='lat' dir='ltr'><strong>ej.</strong></span> <span class='ocrx_word' id='word_1_303' title='bbox 599 3399 620 3468; x_wconf 71' lang='grc'><strong>9)</strong></span> <span class='ocrx_word' id='word_1_304' title='bbox 636 3406 779 3454; x_wconf 83' lang='lat' dir='ltr'><strong>execrandos</strong></span> <span class='ocrx_word' id='word_1_305' title='bbox 794 3407 979 3455; x_wconf 83' lang='lat' dir='ltr'><strong>consuetudines</strong></span> <span class='ocrx_word' id='word_1_306' title='bbox 998 3405 1033 3473; x_wconf 91' lang='lat' dir='ltr'><strong>(et</strong></span> <span class='ocrx_word' id='word_1_307' title='bbox 1047 3409 1137 3469; x_wconf 77' lang='lat' dir='ltr'><strong>grande</strong></span> 
     </span>
     <span class='ocr_line' id='line_1_35' title="bbox 182 3469 1136 3541; baseline 0.009 -23"><span class='ocrx_word' id='word_1_308' title='bbox 182 3469 376 3519; x_wconf 84' lang='lat' dir='ltr'><strong>consuetudinem</strong></span> <span class='ocrx_word' id='word_1_309' title='bbox 403 3470 455 3537; x_wconf 85' lang='lat' dir='ltr'><strong>Vi.)</strong></span> <span class='ocrx_word' id='word_1_310' title='bbox 478 3480 500 3520; x_wconf 87' lang='lat' dir='ltr'><strong>et</strong></span> <span class='ocrx_word' id='word_1_311' title='bbox 521 3474 610 3522; x_wconf 83' lang='lat' dir='ltr'><strong>istebas</strong></span> <span class='ocrx_word' id='word_1_312' title='bbox 631 3472 712 3539; x_wconf 84' lang='lat' dir='ltr'><strong>(senas</strong></span> <span class='ocrx_word' id='word_1_313' title='bbox 736 3476 776 3523; x_wconf 87' lang='lat' dir='ltr'><strong>Vi.</strong></span> <span class='ocrx_word' id='word_1_314' title='bbox 799 3491 883 3525; x_wconf 89' lang='lat' dir='ltr'><strong>scenas</strong></span> <span class='ocrx_word' id='word_1_315' title='bbox 908 3476 963 3541; x_wconf 81' lang='lat' dir='ltr'><strong>Vc.)</strong></span> <span class='ocrx_word' id='word_1_316' title='bbox 985 3477 1049 3537; x_wconf 79' lang='lat' dir='ltr'><strong>leges</strong></span> <span class='ocrx_word' id='word_1_317' title='bbox 1073 3479 1136 3528; x_wconf 71' lang='lat' dir='ltr'><strong>ced.</strong></span> 
     </span>
     <span class='ocr_line' id='line_1_36' title="bbox 184 3539 1136 3610; baseline 0.009 -22"><span class='ocrx_word' id='word_1_318' title='bbox 184 3539 253 3589; x_wconf 77' lang='lat' dir='ltr'><strong>Pieli.</strong></span> <span class='ocrx_word' id='word_1_319' title='bbox 268 3547 366 3590; x_wconf 82' lang='lat' dir='ltr'><strong>retento</strong></span> <span class='ocrx_word' id='word_1_320' title='bbox 380 3545 529 3593; x_wconf 76' lang='lat' dir='ltr'><strong>accusativo</strong></span> <span class='ocrx_word' id='word_1_321' title='bbox 543 3545 671 3607; x_wconf 67' lang='lat' dir='ltr'><strong>praefixit</strong></span> <span class='ocrx_word' id='word_1_322' title='bbox 689 3560 738 3608; x_wconf 87' lang='lat' dir='ltr'><strong>per.</strong></span> <span class='ocrx_word' id='word_1_323' title='bbox 768 3546 808 3594; x_wconf 86' lang='lat' dir='ltr'><strong>Ita</strong></span> <span class='ocrx_word' id='word_1_324' title='bbox 823 3547 862 3595; x_wconf 85' lang='lat' dir='ltr'><strong>ed.</strong></span> <span class='ocrx_word' id='word_1_325' title='bbox 878 3545 918 3595; x_wconf 92' lang='lat' dir='ltr'><strong>Bi.</strong></span> <span class='ocrx_word' id='word_1_326' title='bbox 995 3544 1026 3610; x_wconf 82' lang='lat'><strong>¹⁰)</strong></span> <span class='ocrx_word' id='word_1_327' title='bbox 1041 3548 1071 3596; x_wconf 87' lang='lat' dir='ltr'><strong>de</strong></span> <span class='ocrx_word' id='word_1_328' title='bbox 1086 3549 1136 3597; x_wconf 87' lang='lat' dir='ltr'><strong>suis</strong></span> 
     </span>
     <span class='ocr_line' id='line_1_37' title="bbox 182 3609 1134 3680; baseline 0.009 -23"><span class='ocrx_word' id='word_1_329' title='bbox 182 3609 300 3659; x_wconf 80' lang='lat' dir='ltr'><strong>maliuolis</strong></span> <span class='ocrx_word' id='word_1_330' title='bbox 316 3610 378 3659; x_wconf 75' lang='lat' dir='ltr'><strong>cdd.</strong></span> <span class='ocrx_word' id='word_1_331' title='bbox 398 3613 447 3661; x_wconf 84' lang='lat' dir='ltr'><strong>suis</strong></span> <span class='ocrx_word' id='word_1_332' title='bbox 463 3613 579 3662; x_wconf 87' lang='lat' dir='ltr'><strong>maliuolis</strong></span> <span class='ocrx_word' id='word_1_333' title='bbox 593 3615 651 3663; x_wconf 85' lang='lat' dir='ltr'><strong>edd.</strong></span> <span class='ocrx_word' id='word_1_334' title='bbox 722 3613 755 3680; x_wconf 85' lang='lat'><strong>¹¹)</strong></span> <span class='ocrx_word' id='word_1_335' title='bbox 770 3615 814 3664; x_wconf 77' lang='lat' dir='ltr'><strong>Eae</strong></span> <span class='ocrx_word' id='word_1_336' title='bbox 828 3618 860 3678; x_wconf 75' lang='lat' dir='ltr'><strong>ej.</strong></span> <span class='ocrx_word' id='word_1_337' title='bbox 875 3615 916 3665; x_wconf 88' lang='lat' dir='ltr'><strong>Bi.</strong></span> <span class='ocrx_word' id='word_1_338' title='bbox 931 3617 971 3666; x_wconf 88' lang='lat' dir='ltr'><strong>ed.</strong></span> <span class='ocrx_word' id='word_1_339' title='bbox 993 3620 1090 3666; x_wconf 83' lang='lat' dir='ltr'><strong>statutis</strong></span> <span class='ocrx_word' id='word_1_340' title='bbox 1104 3617 1134 3666; x_wconf 84' lang='lat' dir='ltr'><strong>B.</strong></span> 
     </span>
     <span class='ocr_line' id='line_1_38' title="bbox 182 3681 1135 3747; baseline 0.008 -19"><span class='ocrx_word' id='word_1_341' title='bbox 182 3687 295 3729; x_wconf 87' lang='lat' dir='ltr'><strong>statutum</strong></span> <span class='ocrx_word' id='word_1_342' title='bbox 319 3681 360 3730; x_wconf 86' lang='lat' dir='ltr'><strong>Vi.</strong></span> <span class='ocrx_word' id='word_1_343' title='bbox 385 3684 466 3731; x_wconf 85' lang='lat' dir='ltr'><strong>statuti</strong></span> <span class='ocrx_word' id='word_1_344' title='bbox 490 3683 535 3733; x_wconf 85' lang='lat' dir='ltr'><strong>Ve.</strong></span> <span class='ocrx_word' id='word_1_345' title='bbox 559 3686 644 3732; x_wconf 79' lang='lat' dir='ltr'><strong>statuis</strong></span> <span class='ocrx_word' id='word_1_346' title='bbox 663 3688 695 3747; x_wconf 81' lang='lat' dir='ltr'><strong>cj.</strong></span> <span class='ocrx_word' id='word_1_347' title='bbox 715 3686 820 3736; x_wconf 79' lang='lat' dir='ltr'><strong>Lacdm.</strong></span> <span class='ocrx_word' id='word_1_348' title='bbox 835 3686 957 3744; x_wconf 67' lang='lat' dir='ltr'><strong>Huenel„</strong></span> <span class='ocrx_word' id='word_1_349' title='bbox 976 3688 1021 3737; x_wconf 87' lang='lat' dir='ltr'><strong>iile</strong></span> <span class='ocrx_word' id='word_1_350' title='bbox 1040 3704 1135 3738; x_wconf 81' lang='lat' dir='ltr'><strong>comma</strong></span> 
     </span>
     <span class='ocr_line' id='line_1_39' title="bbox 182 3750 1134 3820; baseline 0.007 -21"><span class='ocrx_word' id='word_1_351' title='bbox 182 3757 242 3800; x_wconf 78' lang='lat' dir='ltr'><strong>onte</strong></span> <span class='ocrx_word' id='word_1_352' title='bbox 255 3750 375 3812; x_wconf 79' lang='lat' dir='ltr'><strong>religionis</strong></span> <span class='ocrx_word' id='word_1_353' title='bbox 386 3755 452 3815; x_wconf 80' lang='lat' dir='ltr'><strong>porri</strong></span> <span class='ocrx_word' id='word_1_354' title='bbox 466 3753 560 3802; x_wconf 79' lang='lat' dir='ltr'><strong>iubens.</strong></span> <span class='ocrx_word' id='word_1_355' title='bbox 588 3763 701 3814; x_wconf 84' lang='lat' dir='ltr'><strong>statuunt,</strong></span> <span class='ocrx_word' id='word_1_356' title='bbox 717 3758 744 3804; x_wconf 81' lang='lat' dir='ltr'><strong>in</strong></span> <span class='ocrx_word' id='word_1_357' title='bbox 758 3770 807 3820; x_wconf 85' lang='lat' dir='ltr'><strong>quo</strong></span> <span class='ocrx_word' id='word_1_358' title='bbox 822 3756 897 3806; x_wconf 83' lang='lat' dir='ltr'><strong>verbo</strong></span> <span class='ocrx_word' id='word_1_359' title='bbox 913 3760 1082 3820; x_wconf 78' lang='lat' dir='ltr'><strong>imperatorer</strong></span> <span class='ocrx_word' id='word_1_360' title='bbox 1095 3760 1134 3806; x_wconf 82' lang='lat' dir='ltr'><strong>lu-</strong></span> 
     </span>
     <span class='ocr_line' id='line_1_40' title="bbox 181 3821 1135 3892; baseline 0.007 -23"><span class='ocrx_word' id='word_1_361' title='bbox 181 3821 253 3881; x_wconf 81' lang='lat' dir='ltr'><strong>duni,</strong></span> <span class='ocrx_word' id='word_1_362' title='bbox 268 3829 320 3871; x_wconf 85' lang='lat' dir='ltr'><strong>eat:</strong></span> <span class='ocrx_word' id='word_1_363' title='bbox 337 3821 513 3873; x_wconf 80' lang='lat' dir='ltr'><strong>indubitanter</strong></span> <span class='ocrx_word' id='word_1_364' title='bbox 526 3826 620 3873; x_wconf 80' lang='lat' dir='ltr'><strong>sistunt</strong></span> <span class='ocrx_word' id='word_1_365' title='bbox 634 3840 666 3874; x_wconf 86' lang='lat' dir='ltr'><strong>ae</strong></span> <span class='ocrx_word' id='word_1_366' title='bbox 676 3826 796 3888; x_wconf 84' lang='lat' dir='ltr'><strong>prodant.</strong></span> <span class='ocrx_word' id='word_1_367' title='bbox 865 3823 896 3892; x_wconf 87' lang='lat'><strong>¹¹)</strong></span> <span class='ocrx_word' id='word_1_368' title='bbox 911 3826 1003 3892; x_wconf 88' lang='lat' dir='ltr'><strong>(atque)</strong></span> <span class='ocrx_word' id='word_1_369' title='bbox 1019 3828 1135 3890; x_wconf 80' lang='lat' dir='ltr'><strong>exquisita</strong></span> 
     </span>
     <span class='ocr_line' id='line_1_41' title="bbox 181 3889 1066 3961; baseline 0.008 -21"><span class='ocrx_word' id='word_1_370' title='bbox 181 3889 222 3941; x_wconf 86' lang='lat' dir='ltr'><strong>Bi.</strong></span> <span class='ocrx_word' id='word_1_371' title='bbox 237 3893 276 3942; x_wconf 83' lang='lat' dir='ltr'><strong>ed.</strong></span> <span class='ocrx_word' id='word_1_372' title='bbox 291 3908 326 3941; x_wconf 79' lang='lat' dir='ltr'><strong>eac</strong></span> <span class='ocrx_word' id='word_1_373' title='bbox 339 3895 372 3958; x_wconf 76' lang='lat' dir='ltr'><strong>ej.</strong></span> <span class='ocrx_word' id='word_1_374' title='bbox 425 3890 458 3961; x_wconf 79' lang='lat'><strong>¹³)</strong></span> <span class='ocrx_word' id='word_1_375' title='bbox 474 3901 497 3941; x_wconf 87' lang='lat' dir='ltr'><strong>et</strong></span> <span class='ocrx_word' id='word_1_376' title='bbox 510 3894 636 3943; x_wconf 82' lang='lat' dir='ltr'><strong>adiuuente</strong></span> <span class='ocrx_word' id='word_1_377' title='bbox 652 3894 681 3943; x_wconf 89' lang='lat' dir='ltr'><strong>B.</strong></span> <span class='ocrx_word' id='word_1_378' title='bbox 702 3896 747 3945; x_wconf 79' lang='lat' dir='ltr'><strong>Ve.</strong></span> <span class='ocrx_word' id='word_1_379' title='bbox 762 3898 801 3946; x_wconf 82' lang='lat' dir='ltr'><strong>ed.</strong></span> <span class='ocrx_word' id='word_1_380' title='bbox 816 3896 856 3946; x_wconf 90' lang='lat' dir='ltr'><strong>Bi.</strong></span> <span class='ocrx_word' id='word_1_381' title='bbox 872 3904 896 3946; x_wconf 89' lang='lat' dir='ltr'><strong>ct</strong></span> <span class='ocrx_word' id='word_1_382' title='bbox 910 3899 1004 3947; x_wconf 82' lang='lat' dir='ltr'><strong>inuento</strong></span> <span class='ocrx_word' id='word_1_383' title='bbox 1024 3898 1066 3947; x_wconf 91' lang='lat' dir='ltr'><strong>Vi.</strong></span> 
     </span>
    </p>
   </div>
   <div class='ocr_carea' id='block_1_5' title="bbox 0 0 1194 4386">
    <p class='ocr_par' dir='ltr' id='par_1_5' title="bbox 0 0 1194 4386">
     <span class='ocr_line' id='line_1_42' title="bbox 0 0 1194 4386; baseline 0 2"><span class='ocrx_word' id='word_1_384' title='bbox 0 0 1194 4386; x_wconf 95' lang='lat' dir='ltr'><strong> </strong></span> 
     </span>
    </p>
   </div>
  </div>
 </body>
</html>
