2378 4386
143 630 163 685 4
439 636 570 672 muamus
588 635 683 672 enarra
701 634 803 670 moron.

141 763 192 819 sub
208 762 294 818 oeulis
309 761 380 816 louls
395 760 485 816 nudus
500 762 545 816 sit.
571 777 655 834 super
670 760 803 816 flaminem
815 760 915 818 Dialem
926 764 953 817 in
965 762 1104 832 conuiuio,

142 848 194 902 nisi
209 863 255 901 rex
266 843 442 914 sacrificulus,
458 844 528 898 haud
541 845 680 916 quisquam
697 846 765 901 alius
784 845 924 902 accumbit.
954 861 1065 900 morem
1081 846 1104 900 si

142 931 241 1000 amisit,
257 929 374 983 flaminio
392 926 507 983 decedit.
536 929 736 984 matrimonium
755 928 869 984 flaminis
882 930 932 984 nisi
948 937 1035 984 morte
1051 929 1104 984 dir·

142 1014 186 1067 imi
208 1014 250 1067 ius
271 1028 325 1067 non
346 1021 397 1067 est.
428 1010 534 1081 locum,
555 1012 653 1084 inquo
671 1012 1104 1085 bustumest,nunquamingre·

141 1095 228 1150 ditur.
259 1104 396 1151 mortuum
411 1111 549 1167 uunquam
568 1096 693 1167 attingit3
715 1097 797 1152 lanus
817 1104 905 1152 nmen
926 1097 1035 1169 exsequi
1050 1113 1105 1152 nou

143 1186 185 1234 est
205 1180 312 1252 religio.
344 1178 456 1234 Eaedem
473 1179 555 1234 ierme
571 1181 749 1236 caerimoniae
767 1190 831 1236 sont
851 1180 999 1236 llaminicae
1015 1180 1102 1237 Dialis.

143 1258 253 1337 (alias¹)
273 1278 395 1318 seorsum
417 1264 491 1318 aiunt
506 1262 681 1334 obseruitare,
698 1264 783 1319 ueluti
799 1274 855 1320 est:
880 1265 953 1338 quod
969 1273 1103 1321 uenenato
1113 1274 1144 1324 [4]

142 1348 265 1419 operitur
287 1356 314 1402 et
336 1345 409 1420 quod
431 1348 458 1402 in
480 1348 534 1402 rica
556 1346 693 1402 surculum
716 1347 750 1402 de
772 1347 868 1405 arbore
889 1349 960 1404 felici
982 1349 1106 1404 habetet

142 1430 215 1504 quod
232 1431 318 1487 scalas
333 1430 411 1501 (nisi)
427 1447 496 1504 quae
511 1429 626 1486 Graecae
641 1431 819 1504 appellamur,
835 1432 988 1487 ascendere
1004 1434 1028 1486 ei
1044 1432 1105 1503 plus

140 1514 228 1570 tribus
240 1513 367 1589 gradibus
380 1515 536 1587 religiosum
553 1524 608 1576 est.
625 1523 706 1588 atque
722 1516 813 1584 etiam,
829 1531 888 1570 cum
904 1516 926 1570 it
941 1516 972 1568 ad
988 1516 1105 1586 Argeos,

142 1598 215 1672 quod
235 1616 324 1673 neque
339 1601 421 1655 comit
435 1609 516 1672 eaput
531 1614 618 1673 neque
633 1598 759 1672 capillum
773 1597 902 1671 depectit.
915 1627 956 1638 -—
969 1596 1037 1654 Geli.
1055 1599 1104 1669 10,

144 1684 192 1739 15.
209 1684 256 1755 ns.
275 1685 387 1742 1-30.

205 1781 233 1840 4.
256 1784 283 1837 ln
306 1784 375 1839 libro
397 1784 485 1856 primo
510 1782 581 1839 Fabii
602 1784 733 1851 Pictoris,
756 1799 824 1857 quae
847 1782 929 1839 uerba
952 1782 1105 1856 pontificem

141 1869 284 1923 maximum
300 1867 389 1922 dicere
411 1875 545 1938 oporteat,
566 1883 626 1922 cum
649 1868 780 1939 uirginem
796 1870 877 1941 capit,
900 1869 1031 1939 seriptum
1052 1876 1104 1924 est.

142 1949 177 2005 Ea
193 1951 274 2007 uerba
290 1952 357 2006 haec
371 1959 448 2003 sunt:
472 1948 656 2004 ‘Sacerdotem
672 1950 815 2018 Vestalem,
839 1966 907 2022 quae
926 1967 1000 2005 sacra
1015 1950 1105 2013 saciat.

143 2051 211 2105 quae
231 2037 273 2088 ius
293 2034 345 2086 siet
364 2031 530 2086 sacerdotem
548 2032 678 2087 Vestalem
700 2032 787 2088 lacere
802 2049 851 2105 pro
866 2032 969 2105 populo
985 2032 1104 2088 Romano

143 2115 301 2186 Quiritibus,
315 2117 355 2170 uti
371 2131 440 2188 qnae
456 2117 556 2187 optlma
570 2114 631 2187 lege
647 2114 708 2185 suit,
723 2116 759 2169 ita
776 2123 812 2190 te,
830 2118 930 2179 Amata,
948 2114 1046 2188 capio’.
1063 2146 1104 2157 —

143 2199 211 2261 Geli.
230 2203 257 2273 1,
276 2199 323 2255 12.
340 2198 368 2270 S.
387 2198 435 2256 tt.

204 2299 230 2359 5.
253 2300 323 2355 ldem
345 2298 390 2354 lib.
408 2299 474 2352 luris
490 2295 622 2369 pontificli
639 2299 734 2353 tertio:
757 2298 893 2355 ‘Pilumno
909 2309 937 2356 et
951 2300 1103 2360 Picumno’.

143 2415 181 2425 —
199 2385 267 2440 No'n.
285 2383 335 2451 12,
352 2383 379 2438 3.
395 2399 423 2454 p.
439 2379 500 2437 618
516 2380 594 2437 llere.

205 2480 234 2542 6.
259 2482 353 2538 Fabius
369 2482 461 2538 Pictor
475 2482 525 2539 hos
541 2483 607 2538 deos
622 2492 776 2556 enumerat,
797 2500 867 2557 quos
882 2486 991 2542 inuocat
1006 2485 1104 2543 ssamen

142 2585 246 2625 sacrum
269 2567 378 2624 Cereale
400 2567 501 2625 iaciens
521 2567 622 2623 'lelluri
645 2576 672 2624 et
694 2568 796 2625 Cereri:
820 2567 1034 2642 ‘Veruactorem
1053 2570 1103 2627 Re-

141 2662 305 2728 paratorem,
327 2651 538 2725 lmporcitorcm,
562 2650 714 2725 lnsitorem,
737 2653 920 2726 Obaratorem,
937 2655 1104 2727 Occatorem,

142 2737 312 2808 Sarritorem
336 2735 602 2808 Subrunoinatorem,
625 2734 781 2807 llessorem,
804 2737 1013 2810 Conuectorem,
1036 2739 1105 2796 Con·

142 2822 267 2899 ditarem,
283 2820 485 2877 Promitorem’.
504 2850 539 2862 —
558 2821 632 2877 Serv.
648 2819 680 2874 ad
696 2819 796 2892 Georg.
815 2823 841 2886 1,
859 2822 909 2878 21.

204 2920 229 2981 t.
252 2922 346 2977 Fabius
368 2920 460 2977 Pictor
481 2920 526 2975 lib.
550 2919 626 2978 llVl.:
656 2920 770 2992 ‘Aquam
792 2920 913 2974 manibus
935 2919 1104 2996 pedibusque

142 3011 221 3078 dato,
249 3005 392 3078 polubrum
419 3004 528 3058 sinistra
555 3019 636 3058 manu
658 3011 767 3072 teneto,
795 3001 904 3058 dextera
926 3020 1021 3060 uasum
1043 3023 1103 3061 eum

142 3090 233 3166 aqua'.
251 3086 373 3142 —Non
392 3085 440 3156 19,
459 3087 506 3142 11.
520 3103 549 3160 p.
566 3085 638 3142 net.

205 3189 233 3247 8.
255 3189 352 3244 Varro:
379 3188 576 3243 Commentario
599 3187 684 3241 ueteri
706 3183 779 3241 Fabii
800 3185 914 3242 Pictoris
935 3188 1006 3263 legi:
1036 3188 1104 3246 ‘llu-

141 3277 196 3332 ries
218 3274 248 3330 fit
269 3275 311 3329 'ex
333 3271 399 3342 sale,
422 3272 494 3345 quod
517 3269 572 3325 sale
593 3268 733 3324 sordidum
755 3271 778 3325 si
800 3269 900 3340 pistum
922 3281 950 3328 et
973 3275 1000 3330 in
1023 3273 1103 3330 ollam

142 3359 237 3415 rudem
253 3350 375 3413 fictilem²
392 3352 560 3430 (contectum
576 3359 603 3410 et
617 3358 647 3410 in
659 3350 783 3426 fornlaci
799 3363 906 3411 coctum
922 3350 989 3427 esti,
1008 3367 1104 3430 postea

216 3517 236 3586 ¹)
249 3520 353 3583 Scripsi
357 3536 367 3575 ,·
374 3520 489 3582 sortasse
495 3525 555 3582 poet
565 3532 673 3567 seorsum
683 3518 783 3567 excidit
793 3532 852 3567 eam.
864 3545 897 3554 -
909 3515 1103 3590 [flaminicae....]

143 3592 275 3642 llaminieas
290 3590 363 3639 Dialis
377 3591 417 3639 ed.
432 3589 522 3639 Hertz.
553 3584 576 3653 ²)
590 3588 631 3638 Ito
646 3603 714 3638 nune
727 3596 884 3639 monstrante
896 3590 955 3652 fere
965 3591 1002 3640 M.
1013 3590 1104 3642 Hertz.

142 3663 280 3713 modestius
292 3662 396 3722 scripsi.
417 3667 441 3709 et
449 3659 499 3708 sale
509 3674 555 3723 quo
565 3659 614 3708 sale
624 3659 747 3708 sordidum
761 3669 852 3710 suetum
863 3659 967 3725 (siistum
979 3661 1005 3711 0.
1016 3662 1104 3731 Leia.)

142 3740 181 3781 est
194 3740 219 3781 et
232 3733 302 3781 ollam
317 3730 399 3780 mdem
414 3731 516 3780 incidam
528 3729 589 3779 cdd.
615 3726 768 3795 ³)Sapplem'
781 3739 806 3782 et
815 3733 948 3782 emendavi
957 3749 992 3783 ex
1003 3734 1069 3784 Fert.
1079 3751 1102 3785 n.

143 3804 244 3853 Marica
255 3818 282 3866 p.
297 3813 343 3853 roe.
359 3802 477 3850 adiectum
492 3807 530 3849 est
543 3808 567 3849 et
578 3801 639 3851 cdd.
655 3802 774 3852 adiectum
787 3819 823 3853 ex
836 3805 873 3854 aci
883 3812 977 3855 coctum
986 3812 1070 3856 ortum
1079 3812 1104 3855 et

143 3872 174 3924 ob
187 3874 379 3923 similitudinem
393 3888 458 3937 quoe
472 3873 661 3923 interciderunt
670 3875 764 3925 omisso
773 3889 828 3926 esee
837 3877 965 3927 uidentur.
989 3877 1104 3926 Ceterum

143 3944 177 4006 cf.
194 3945 266 4007 infra
285 3943 415 3993 Veranius
429 3956 463 3994 11.
