2378 4386
428 550 452 586 ι..
471 549 614 586 comme
631 550 738 586 ussus.
1000 541 1062 599 105
1083 523 1086 529 ¹

166 670 206 730 11.
229 675 371 745 Pecunia,
393 691 461 749 quse
483 683 612 749 erogatur
634 679 663 732 in
685 678 866 746 spectacula,
879 715 967 733 .....
976 669 985 708 ¹
1002 677 1064 732 ideo

55 765 147 822 [uuest
168 759 278 814 ’lucaris
299 752 398 830 dictast
418 760 495 832 quod
514 763 542 814 in
562 761 628 816 luco
649 760 784 815 elabatur.
818 758 898 815 lolem
920 765 1015 815 tomen
1036 761 1064 815 in

104 840 197 896 eodem
213 840 281 898 libro
296 844 383 899 lucar
398 858 457 907 aes,
474 844 550 916 quod
563 845 687 899 ealucis
698 847 845 914 capiatur,
858 842 908 898 uici
920 844 1064 913 existimat,

105 928 187 981 cuius
207 929 346 996 opinionis
364 934 406 983 est
427 934 454 983 et
477 928 609 984 Valerius
624 926 752 983 Messalla
766 928 794 981 in
810 924 997 999 explanatione
1012 944 1064 983 au·

103 1004 281 1080 puriorum.³
299 1040 333 1049 -
352 1008 423 1069 lest.
440 1027 464 1065 v.
481 1010 612 1066 Pecunia
628 1027 653 1083 p.
670 1009 740 1066 253.

166 1122 211 1183 12.
243 1120 319 1182 ὅθεν
344 1118 361 1182 ὁ
392 1125 556 1193 Μεσσαλᾶς
615 1127 839 1184 UndeMessalla
852 1142 915 1184 eum
928 1142 1064 1184 esseaeo·

106 1213 210 1265 τοῦτον
227 1208 274 1282 (so.
289 1203 397 1278 Ἰανὸν)
413 1199 491 1266 εἶναι
506 1204 559 1264 τὸν
610 1212 857 1274 nemarbitratur,·
873 1215 973 1267 etenim
983 1215 1064 1284 qnin-

105 1288 198 1348 aloiuo
220 1290 343 1367 νομίζει.
366 1289 491 1369 καὶγὰρ
513 1287 560 1348 ἐπὶ
611 1301 638 1349 to
663 1294 749 1348 buius
774 1298 878 1350 mensis
902 1296 947 1350 elie
971 1293 1067 1363 serias

104 1381 155 1450 τῆς
170 1371 301 1450 πέμπτης
317 1382 370 1433 τοῦ
384 1373 479 1450 μηνὸς
490 1371 560 1432 τού·
613 1378 718 1432 Aeonis
729 1377 916 1432 celebrabant
926 1372 1067 1433 ueteres⁴

105 1477 155 1516 sou
171 1454 276 1534 ἑορτὴν
286 1458 395 1526 αἰῶνος
408 1455 562 1515 ἐπετέλουν

104 1541 135 1601 oi
151 1540 252 1602 πάλαι.
273 1574 310 1583 -
333 1543 372 1598 lo.
392 1541 472 1598 Laus.
496 1542 563 1615 Lyu.

104 1626 240 1683 demens.
257 1625 288 1697 4,
306 1627 333 1679 1.

328 1819 388 1884 *L
412 1818 656 1886 CORNELIVS
680 1819 850 1886 BALBVS

403 1943 517 2006 (pontifex
532 1945 639 1994 eiusdem
655 1941 777 2006 11111111).ὓ

480 2059 687 2143 Ἐξηγητικῶν.

167 2183 191 2242 l.
214 2184 246 2241 Et
269 2184 408 2255 Cornelius
431 2184 526 2241 Balbus
549 2177 731 2260 ἕξηγητικοῖν
752 2184 821 2241 libro
845 2193 939 2241 octavo
962 2185 1067 2243 decimo

107 2270 143 2324 sil
164 2268 233 2342 apud
253 2286 324 2325 oram
347 2271 483 2324 maximum
506 2269 679 2325 obseruatum
695 2285 729 2324 ue
744 2268 939 2326 lectisternium
956 2267 1010 2326 flu.
1029 2300 1066 2310 —

107 2351 222 2408 Macrob.
239 2353 294 2409 Sat.
312 2353 341 2424 3,
358 2353 387 2409 6.
404 2349 431 2426 S.
448 2353 495 2413 16.

178 2581 199 2652 ¹)
218 2583 329 2633 Excidit
343 2583 367 2632 b.
383 2585 400 2631 l.
420 2583 537 2632 auctoris
556 2596 653 2639 nomen,
669 2584 742 2631 cuius
760 2584 886 2631 sententia
902 2582 1026 2644 refertur,
1041 2588 1068 2630 ut

102 2661 181 2716 puta:
197 2653 281 2717 Opilio
296 2661 411 2702 auctore.
445 2651 466 2717 ²)
481 2651 585 2715 Scripsi
588 2668 598 2707 ,·
613 2652 686 2699 lucari
701 2651 777 2699 edicto
795 2652 838 2700 Cd.
850 2652 907 2700 edd.
943 2648 964 2711 Β)
982 2650 1069 2700 Totam

106 2727 186 2773 locum
200 2726 278 2773 aliter
292 2731 368 2788 atque
379 2724 474 2782 celitur,
486 2723 595 2771 Paulum
607 2737 644 2770 ou.
656 2720 771 2770 Lucanis
780 2721 895 2784 pecnnia
909 2726 933 2768 et
943 2720 1033 2769 Lucas
1041 2736 1067 2784 p.

106 2806 153 2845 111.
167 2803 277 2853 secutus,
288 2796 398 2843 restitui.
420 2793 495 2843 Nona
510 2807 572 2842 uero
586 2790 727 2841 Scbbllium
747 2793 794 2855 lep.
810 2791 851 2840 llll
866 2788 918 2842 tob.
936 2793 984 2839 rel.
993 2806 1021 2853 p.
1033 2801 1066 2842 15.

105 2871 207 2913 secutus
224 2861 416 2929 ‘cupariorum’
435 2866 532 2927 scripsi
543 2878 594 2926 pro
607 2860 658 2911 ‘llll
674 2858 769 2911 tab.’et
787 2862 823 2911 ael
836 2861 904 2911 bunc
919 2861 1068 2911 Messallam

106 2937 202 2983 rettuli.
221 2935 292 2985 Idem
306 2934 365 2984 Seu.
382 2935 450 2999 quoei
465 2936 613 2997 suspicatur
624 2949 651 2996 p.
669 2945 713 2991 11..
733 2948 767 2981 ea
782 2932 868 2982 eodem
887 2931 954 2982 libro
966 2933 1068 2996 plossas

105 3013 216 3069 sumptas
226 3020 281 3054 esse
293 3005 362 3055 Festi
368 3021 394 3068 p.
407 3017 452 3055 161.
468 3021 489 3053 o.
502 3004 631 3054 Minorunt
642 3005 792 3067 pontificum
807 3011 831 3052 et
840 3002 982 3052 Maximum
988 3019 1066 3067 prae-

106 3082 183 3125 torem
194 3078 275 3139 plane
295 3078 421 3124 incertum
434 3081 478 3122 est.
517 3072 540 3139 ⁴)
555 3073 621 3122 Edd.
640 3087 660 3123 1.
675 3086 695 3124 1.
711 3073 850 3123 Messallae
864 3076 940 3123 etiam
955 3089 1020 3137 quae
1033 3089 1067 3123 ea

110 3145 211 3195 Valerii
225 3147 358 3194 cuiusdam
373 3147 556 3208 explanatione
571 3144 612 3192 llll
627 3142 676 3192 tab.
691 3152 716 3192 et
734 3145 766 3193 de
780 3145 859 3194 dictis
874 3147 985 3194 involute
1000 3144 1067 3193 libro

105 3217 174 3279 apud
190 3215 256 3265 Fest.
273 3232 294 3263 o.
310 3214 420 3264 Sanates
430 3231 457 3278 p.
469 3227 516 3266 111.
532 3221 556 3265 et
570 3231 592 3263 a,
607 3213 722 3278 Tapuris
733 3231 760 3277 p.
775 3225 822 3266 ³55·
838 3222 950 3272 eustant,
965 3215 1066 3264 adscri-

102 3301 213 3348 pserant,
225 3301 370 3350 quanquam
379 3286 490 3334 eiusdem
503 3301 553 3335 uon
563 3285 648 3333 uideri
658 3300 767 3334 monens.
789 3285 863 3334 Nunc
874 3300 904 3333 ea
920 3301 950 3333 ne
966 3285 1068 3333 Valerii

106 3358 204 3419 quidem
216 3356 355 3405 Messallae
368 3370 430 3414 esse,
443 3356 532 3405 docuit
548 3353 642 3404 Subiit.
661 3357 677 3403 l.
693 3370 714 3403 c.
722 3371 750 3418 p.
764 3367 796 3405 11.
828 3354 888 3404 Cum
900 3369 963 3404 uero
971 3370 1018 3403 nec
1033 3353 1069 3401 ad

110 3425 243 3477 Valerium
262 3425 348 3475 ICturn
363 3432 481 3488 spectare
496 3425 641 3482 uideantur,
657 3425 692 3472 ad
705 3440 776 3488 quem
792 3424 844 3474 Cic.
860 3425 969 3487 adsum.
985 3437 1005 3484 1,
1021 3425 1065 3472 ult.

106 3499 160 3547 coll.
172 3510 193 3558 1,
206 3510 216 3547 1
228 3503 296 3545 sectr.
306 3497 421 3559 scripsit,
431 3496 479 3545 sed
487 3496 522 3544 ad
535 3494 562 3554 Q.
574 3497 644 3544 illurn
660 3494 792 3543 Valerium
802 3494 930 3544 Soranum
939 3509 1066 3558 prouenia-

105 3569 180 3617 ticam
191 3576 215 3616 et
225 3568 406 3630 antiquitatum
415 3572 593 3621 scrutatorem5
604 3566 635 3613 de
650 3560 699 3628 quo
713 3565 765 3613 oid.
777 3564 868 3628 Meyer
882 3564 918 3612 ad
929 3564 979 3613 Cic.
991 3562 1066 3609 Brut.

104 3648 146 3700 lb,
156 3653 226 3687 nunc
237 3636 300 3686 llaec
311 3638 367 3685 loca
383 3636 521 3685 omittenda
536 3650 590 3685 esse
600 3634 744 3683 arbitratus
758 3649 820 3683 sum.
856 3631 877 3697 ὅ)
890 3633 911 3681 C
922 3670 927 3680 .
946 3633 1035 3681 Vellei.
1045 3643 1067 3688 1,

104 3717 136 3758 bl.
155 3707 256 3758 Eclcbel
276 3706 292 3755 l.
303 3721 331 3769 p.
347 3718 381 3756 11.
397 3706 529 3754 mamona
552 3704 640 3755 Gesclt.
658 3703 734 3753 Horas
749 3704 777 3752 ll.
789 3719 816 3767 p.
832 3714 879 3753 609.
907 3692 1067 3764 Εξηγητικᾶ

104 3785 162 3828 eunt
175 3778 381 3842 indipitamenta.
