2378 4386
163 520 226 586 564
493 536 619 571 nourrius
639 534 774 570 varianas.

163 658 258 715 schola
274 657 373 711 relicta
389 655 481 709 forum
499 656 603 709 adituri
622 658 710 719 erant,
728 656 795 709 dum
813 656 974 724 posterioris
987 656 1117 725 planiore

164 728 193 780 et
209 725 337 778 uberiore
357 723 541 791 explicatione
560 723 615 776 iuri
633 724 661 775 in
681 722 782 776 scholis
794 724 839 776 vel
872 724 985 776 rivatim
999 739 1117 793 operam

163 790 445 867 daturisconsultum
457 790 526 846 ibat.
557 789 612 843 Sed
625 790 652 842 in
666 790 709 842 dis
731 790 840 867 oriendo
849 741 1026 867 ¹ij‘tegularum
1040 791 1116 848 libro

163 862 193 913 et
209 860 312 927 partim
330 861 415 911 etiam
438 874 466 909 in
490 857 682 925 componendo
706 808 770 911 dan
789 857 980 912 Institutiones
1003 862 1116 914 secutus

163 924 384 994 deprehenditur
401 925 451 989 ita,
464 926 496 976 ut
509 925 664 1000 praemisso
677 924 775 977 itidem
789 925 823 978 dc
836 925 902 977 iuris
914 925 1040 978 sontibus
1052 926 1115 982 loco

163 994 193 1046 et
209 1009 345 1045 summam
362 991 440 1044 illam
459 990 623 1044 divisionem
642 991 670 1043 in
690 990 744 1057 ius,
768 992 844 1059 quod
863 991 898 1044 ad
916 1008 1051 1059 personas
1068 995 1115 1048 vel

163 1059 261 1113 adres
279 1058 325 1112 vel
342 1058 378 1112 ad
396 1059 520 1112 actiones
552 1058 662 1123 ertinet,
681 1074 833 1127 earumque
846 1060 968 1127 partium
982 1059 1116 1115 distribu-

162 1126 252 1180 tiones
269 1125 298 1178 in
316 1127 478 1180 universnm
501 1076 648 1202 reiineret,
672 1127 700 1178 et
718 1125 828 1202 singola
846 1125 952 1193 capita,
976 1129 1116 1194 quatenus

162 1193 333 1263 Regularum
346 1193 457 1247 diversa
468 1194 539 1245 ratio
552 1193 721 1259 patiebatur,
733 1193 861 1246 similiter
870 1194 1012 1257 tractaret,
1024 1197 1117 1249 auctis

161 1262 258 1314 tamen
276 1260 442 1328 quibusdam
461 1261 490 1314 ct
506 1258 647 1312 interdum
661 1260 746 1313 etiam
758 1261 836 1312 novis
850 1261 974 1313 materiis
986 1261 1114 1326 adiectis,

162 1328 242 1383 velut
259 1327 294 1380 de
313 1328 434 1392 dotibus,
452 1326 488 1380 de
506 1326 702 1380 donationibus
713 1327 787 1379 inter
800 1328 890 1379 virum
903 1330 933 1380 et
944 1342 1068 1393 uxorem,
1085 1334 1116 1384 et

161 1395 191 1448 in
208 1394 263 1448 fine
276 1395 351 1457 iuris,
390 1393 445 1447 uod
458 1393 494 1447 ad
505 1409 640 1461 personas
652 1393 783 1461 pertinet,
796 1393 831 1447 de
844 1410 916 1447 novo
929 1410 1114 1461 personarum

161 1463 222 1516 iure
240 1478 275 1515 ex
293 1461 356 1530 lege
370 1412 447 1514 (iulia
470 1464 498 1515 et
515 1461 604 1528 Papia
620 1460 764 1529 Poppaea:
787 1476 844 1529 qua
866 1477 896 1514 re
919 1477 984 1514 sane
1006 1461 1115 1538 fectum

163 1530 217 1592 est,
236 1531 269 1582 ut
286 1528 424 1596 quaedam
443 1527 478 1582 ad
497 1528 550 1582 fori
572 1545 652 1580 usum
674 1530 881 1596 pernecessaria
899 1544 954 1581 non
973 1528 1114 1584 desidera-

162 1598 267 1659 rentur,
285 1597 335 1649 sed
353 1596 439 1649 etiam
457 1598 489 1648 ut
506 1595 667 1663 perspicuus
684 1595 732 1647 illc
750 1611 843 1647 rerum
856 1595 1114 1650 distribuendarum

163 1663 192 1716 et
209 1663 436 1731 exponendarum
454 1661 530 1725 ordo,
568 1676 603 1713 uo
617 1659 678 1713 Gaii
692 1660 884 1715 institutiones
897 1662 1048 1729 excellunt,
1066 1664 1114 1718 ad-

162 1729 277 1783 modum
295 1730 490 1784 obscuraretur
508 1679 765 1782 etdelomarctur.

230 1796 290 1861 Quo
307 1799 365 1850 tem
387 1812 434 1850 ore
454 1797 482 1848 et
495 1811 551 1862 qua
563 1795 671 1847 ratione
683 1794 793 1864 integer
804 1795 917 1863 Ulpiani
930 1795 1003 1850 liber
1015 1797 1050 1850 ad
1063 1797 1114 1852 has

162 1863 277 1917 lacinias
285 1814 415 1917 redarios
427 1862 471 1927 sit,
481 1878 537 1915 non
550 1861 682 1938 opulenti
692 1862 767 1915 inter
779 1863 853 1938 viros
866 1864 970 1917 doctos.
995 1862 1113 1917 Momm·

162 1932 222 1985 seni
242 1932 286 1984 est
301 1930 453 1994 sententia,
472 1944 527 1981 non
546 1927 594 1980 dlu
612 1932 677 1994 post
693 1928 867 1982 Constantini
884 1933 1013 1998 tempora
1031 1934 1114 1985 exsti·

161 1997 228 2052 tisse
247 1997 388 2051 hominem
400 2013 500 2065 parum
512 1994 625 2048 doctum
638 1998 668 2049 et
679 1995 881 2049 incredibiliter
893 1997 1046 2065 stupidum,
1064 2000 1114 2065 qui

164 2064 279 2132 Ulpiani
287 2064 399 2124 librum,
412 2066 444 2116 nt
455 2061 517 2125 iuri,
530 2077 586 2128 quo
598 2064 657 2115 turn
670 2063 830 2127 utebantur,
841 2063 928 2132 magis
941 2064 1113 2131 conveniret,

161 2133 264 2199 partim
277 2128 412 2184 breviarii
428 2129 530 2196 partim
543 2130 670 2192 mutarit3
689 2129 784 2197 itaque
798 2146 838 2194 ea,
852 2146 925 2197 quae
940 2131 976 2183 sd
988 2146 1038 2184 nos
1050 2148 1113 2251 Ber-

162 2197 299 2258 venerint,
316 2212 372 2249 uon
389 2198 449 2248 tem
461 2195 526 2249 libri
538 2196 654 2263 Ulpiani
670 2196 711 2250 Re
736 2196 843 2249 uiarum
876 2213 939 2250 uam
956 2197 1038 2251 huius
1070 2216 1113 2253 re-

163 2262 243 2315 viarii
255 2262 386 2329 reliquias
395 2278 463 2317 esse.
491 2262 567 2327 Quae
576 2264 671 2330 opinio
681 2214 750 2316 miili
761 2264 825 2317 ideo
838 2215 987 2318 admodum
1000 2266 1113 2320 videtur

162 2330 221 2383 veri
240 2328 390 2395 dissimilis,
408 2330 483 2397 quod
500 2330 583 2383 nimis
595 2331 738 2399 stupidum
750 2330 826 2399 cogit
837 2347 942 2399 ponere
955 2332 1113 2400 hominem

161 2396 283 2466 primum
306 2396 381 2450 enim
403 2397 432 2450 in
454 2414 506 2450 usu
529 2398 593 2460 fori,
620 2414 703 2466 quem
726 2397 900 2466 potissimum
922 2399 946 2451 is
973 2404 1112 2467 spectasse

161 2465 286 2533 putatur,
304 2481 391 2533 quum
408 2466 531 2535 ipsorum
544 2465 672 2519 lCtorum
685 2465 750 2518 libri
762 2464 998 2532 desiderarentur,
1017 2484 1113 2534 quem·

162 2531 313 2587 admodum
330 2534 442 2602 poterat
459 2548 515 2586 uon
533 2532 641 2594 videre,
659 2532 766 2585 nullam
784 2532 894 2585 obscuri
912 2532 1032 2587 hominis
1050 2534 1113 2588 bre·

161 2599 280 2653 sianum
299 2600 495 2654 auctoritatem
514 2616 572 2655 esse
590 2599 769 2653 habiturum?
794 2598 902 2652 Deinde
921 2600 996 2667 quod
1008 2601 1051 2654 ius
1063 2603 1112 2654 ob·

162 2666 283 2721 soletum
306 2668 472 2737 quibusdam
490 2666 557 2721 locis
579 2683 613 2720 ex
635 2666 707 2720 libro
730 2681 872 2720 exsecasse
895 2666 1010 2731 dicitur,
1037 2668 1113 2722 idem

162 2734 230 2788 alibi
248 2735 393 2803 reliquisse
412 2734 638 2802 deprehenditur.
668 2733 768 2797 Taceo,
787 2733 862 2800 qnod
880 2733 1018 2800 quaedam
1031 2750 1113 2804 argu·

162 2803 258 2855 menta
269 2802 395 2856 consulto
406 2803 498 2855 omissi
511 2803 614 2855 veteris
631 2800 699 2853 iuris
710 2800 789 2853 velut
800 2806 840 2864 27,
855 2807 877 2853 1.
890 2807 930 2861 20,
940 2807 964 2855 2.
980 2808 1018 2855 10.
1033 2809 1056 2866 1,
1068 2808 1110 2856 21.

161 2871 271 2923 tantum
283 2885 318 2923 ex
330 2869 468 2924 mendosis
477 2868 643 2922 lectionibus
652 2867 829 2934 colliguntur.
856 2867 983 2935 Denique
994 2869 1017 2921 si
1027 2885 1112 2936 quae·

162 2936 227 2990 dam
246 2936 382 2990 eiusmodi
399 2937 500 2990 omissa
517 2936 589 2999 sunt,
626 2934 682 2986 uod
699 2933 805 2987 factum
823 2949 878 2987 non
897 2951 983 3002 nego,
1001 2937 1032 2988 at
1048 2940 1113 2989 sunt

163 3004 248 3056 etiam
266 3003 367 3066 multa,
386 3019 458 3070 quae
476 3017 532 3055 non
550 2951 753 3063 obedieverant
772 3016 844 3068 quae
857 3003 985 3069 utraque,
1003 3001 1110 3069 opinor,

162 3069 270 3122 facilius
293 3070 328 3122 ad
350 3085 443 3122 casum
465 3072 565 3121 natura
588 3084 638 3120 sua
658 3068 766 3120 rationo
790 3071 945 3134 carentem,
987 3084 1051 3121 uam
1074 3068 1112 3122 ad

163 3134 306 3189 consilium
326 3134 445 3188 hominis
462 3135 598 3203 Epicureo
616 3149 682 3187 casu
699 3150 753 3187 non
773 3134 925 3189 consultius
943 3086 1110 3190 coieruntur.

162 3202 260 3268 Itaque
278 3202 386 3254 ratione
404 3217 437 3254 ac
454 3200 569 3254 consilio
588 3216 651 3254 eum
663 3203 773 3253 tantum
790 3218 870 3255 nsum
882 3203 1049 3270 putaverim,
1063 3205 1113 3271 qni

162 3269 191 3321 in
209 3267 289 3319 ruina
305 3267 355 3319 illa
371 3268 474 3320 veteris
497 3267 563 3320 iuris
581 3267 681 3327 civilis.
704 3268 756 3321 hoc
774 3270 817 3321 est
833 3269 908 3322 circa
924 3269 1008 3323 finem
1026 3271 1112 3324 seculi

163 3333 268 3403 quinti,
287 3334 393 3400 primus
410 3349 444 3387 ex
463 3333 509 3386 ‘Ul
530 3333 587 3386 iani
605 3343 730 3402 corpore'
750 3335 822 3389 hunc
840 3336 928 3390 solum
946 3336 1050 3391 librum
1068 3337 1112 3391 vel

163 3401 339 3478 exscripserit
356 3399 402 3453 vel
420 3415 492 3469 quae
509 3351 577 3454 func
594 3401 719 3521 religuae
738 3417 772 3455 ex
796 3418 828 3457 eo
847 3406 927 3456 erant
943 3407 1038 3473 partes
1056 3422 1112 3459 scr·

162 3471 279 3527 raverit,
291 3469 323 3520 ut
333 3467 407 3520 inter
419 3469 514 3521 cetera
525 3467 645 3535 iurispru
668 3468 759 3523 entiae
772 3468 885 3533 lumina,
900 3487 973 3538 quae
985 3471 1112 3526 Valenti·

162 3534 261 3588 nianus
273 3533 322 3589 Ill.
335 3534 558 3611 praedicaverat,
577 3538 606 3589 et
618 3538 712 3591 cetera
728 3536 905 3604 aliquatenus
922 3542 1034 3592 servata
1045 3540 1113 3592 iuris

162 3601 208 3655 vel
225 3601 351 3656 discendi
368 3602 413 3656 vel
438 3602 557 3657 docendi
580 3604 610 3656 et
633 3603 820 3657 recondendi
842 3605 983 3673 praesidia
1000 3606 1113 3674 Ulpiani

162 3683 274 3738 quoque
284 3669 496 3723 celeberrimum
508 3686 609 3723 nomen
619 3672 649 3724 et
658 3621 834 3725 udilissimum
843 3685 912 3739 opus
922 3673 1109 3731 retineretur.¹
1123 3686 1181 3735 [aas]

236 3861 255 3930 ¹)
270 3864 405 3915 Vaticanum
415 3866 508 3930 Ulpiani
522 3865 630 3915 codicem
638 3866 747 3929 primitus
757 3880 769 3913 e
780 3866 862 3915 codice
875 3863 994 3930 ‘corporis
1005 3866 1109 3930 Ulpiani’
