2378 4386
163 507 225 572 174
478 526 540 561 oen
557 526 660 562 marra.
679 509 700 565 1.
720 513 811 562 t-la.

161 669 337 740 magistratus
357 666 452 739 popuii
474 665 595 721 Romani.
634 664 680 721 sed
697 665 891 738 amplissimum
914 667 956 721 ius
974 675 1015 721 est
1030 668 1057 723 iu
1074 667 1129 722 edi·

161 752 211 807 ctis
226 749 343 804 duorum
358 758 525 823 praetorum,
546 748 641 804 urbani
665 759 692 803 et
713 750 867 822 peregrini,
890 766 1005 822 quorum
1020 752 1047 805 in
1065 768 1128 824 pro

160 834 254 891 uiuoiis
270 832 484 888 iurisdictionem
500 832 640 907 praesides
655 849 746 889 earum
764 832 879 902 habent3
896 835 960 888 item
976 837 1003 889 in
1019 831 1128 893 edicto¹

160 916 285 975 aedilium
301 915 447 988 curulium,
464 933 580 990 quorum
596 917 810 974 iurisdietionem
825 918 853 972 in
868 919 1019 991 prouinciis
1034 921 1129 993 popuii

159 1002 269 1058 Romani
286 1009 447 1074 quaestores
463 1000 578 1069 habent;
594 1018 655 1057 nam
671 1002 698 1057 iu
714 1003 868 1076 prouincias
881 1002 1002 1058 Caesaris
1019 1005 1129 1060 omnino

160 1093 320 1161 quaestores
336 1101 391 1140 nou
407 1087 563 1158 mittuntur,
580 1094 606 1142 et
623 1087 658 1143 ob
674 1086 700 1142 id
716 1087 770 1142 hoc
784 1086 902 1142 edietum
918 1088 946 1141 iu
961 1087 1003 1142 his
1018 1088 1130 1160 prouin-

159 1171 208 1227 ciis
219 1187 274 1225 non
286 1169 461 1243 proponitur.
483 1167 508 1232 7.
522 1170 663 1245 Responsa
673 1171 848 1245 prudentium
861 1180 926 1226 sunt
936 1173 1089 1227 sententiae
1102 1181 1129 1229 et

160 1255 303 1329 opiniones
319 1263 426 1327 eorum,
443 1255 539 1329 quibus
555 1258 716 1330 permissum
729 1264 771 1312 est
786 1258 845 1312 iura
858 1255 987 1314 condere.
1011 1273 1128 1328 quorum

160 1342 280 1397 omnium
294 1341 317 1395 si
330 1341 357 1395 iu
370 1355 454 1395 unum
463 1343 801 1412 sententiaeconourrunt‚
814 1341 851 1411 id,
865 1339 938 1414 quod
950 1343 986 1397 ita
996 1342 1128 1402 sentiunt,

159 1423 229 1500 legis
244 1426 330 1481 uicem
346 1425 468 1497 optinet;
484 1426 506 1480 si
523 1441 590 1482 uero
607 1425 782 1498 dissentiunt,
798 1425 880 1482 iudici
890 1424 953 1483 licet
966 1441 1045 1498 quam
1062 1423 1129 1480 uelit

158 1511 320 1566 senteutiam
336 1509 429 1581 sequi;
446 1510 529 1583 idque
544 1511 679 1584 rescripto
693 1511 750 1566 diui
765 1510 892 1566 Hadriani
908 1508 1086 1584 significatur.

223 1594 253 1659 li,
278 1603 311 1653 ite
331 1605 390 1653 iuris
409 1604 537 1658 diuisione,
576 1593 604 1654 8.
627 1594 710 1650 Omne
733 1590 838 1651 autem²
860 1597 915 1658 ius,
938 1612 992 1670 quo
1016 1596 1127 1663 utimur,
1138 1606 1183 1659 {tos

103 1692 145 1740 .3,
158 1678 203 1734 uei
219 1677 251 1732 ad
267 1694 397 1751 personas
412 1682 546 1752 pertinet,
568 1679 613 1734 uei
633 1680 638 1750 Ι
658 1678 690 1733 ad
710 1696 772 1752 res,
794 1680 838 1735 uei
860 1679 892 1735 ad
909 1682 1041 1737 actiones.
1076 1671 1130 1734 ’et³

158 1764 233 1836 prius
249 1763 389 1820 uideamus
405 1763 439 1819 de
454 1766 590 1838 personis.

223 1847 255 1906 ii·
284 1860 317 1910 De
336 1859 478 1909 condicione
497 1859 626 1908 hominum.
664 1842 692 1903 9.
715 1845 748 1901 Ei
771 1847 879 1920 quidem
903 1865 1008 1905 summa
1031 1850 1129 1905 diuisio

158 1933 193 1989 de
208 1935 267 1990 iure
282 1950 460 2008 personarum
476 1934 543 1990 haee
558 1941 615 2005 est,
639 1931 710 2005 quod
728 1946 822 1987 omues
845 1931 968 1988 homines
984 1943 1031 1989 aut
1052 1933 1129 1989 liberi

123 2016 126 2021 ’
158 2026 224 2073 suut
239 2027 287 2073 aut
307 2019 393 2075 serui.
429 2013 474 2077 10.
489 2018 593 2074 Rursus
616 2014 764 2072 liberorum
787 2015 926 2070 hominum
950 2017 994 2071 aiii
1016 2019 1130 2090 ingenui

158 2109 238 2173 sunt,
261 2101 304 2160 alii
327 2102 456 2159 libertini.
500 2098 540 2165 ll,
565 2101 678 2176 ingenui
693 2108 775 2170 sunt,
800 2101 846 2173 qui
869 2098 946 2154 tiberi
969 2103 1025 2155 nati
1049 2109 1128 2168 sunt3

157 2186 292 2257 libertini,
315 2189 361 2261 qui
378 2204 408 2243 on
428 2189 499 2243 Iusta
515 2187 646 2242 servitute
667 2185 824 2241 manumissi
846 2190 920 2239 suut.
966 2180 1009 2244 12.
1025 2185 1129 2241 Rursus

157 2270 345 2326 libertinorum
363 2266 435 2347 (tria
451 2277 519 2328 sont
532 2287 657 2345 partera:
680 2288 747 2327 nam
763 2276 814 2326 oui
830 2273 910 2326 ciues
924 2270 1061 2342 Romani,
1078 2277 1130 2327 aut

157 2355 256 2412 Latini
277 2362 328 2412 aut
350 2349 562 2436 dediticiorum)
586 2372 699 2411 numero
722 2364 795 2411 sunt.
832 2354 866 2410 de
891 2354 989 2428 quilius
1013 2354 1129 2428 singulis

158 2438 348 2514 dispiciamus3
370 2459 401 2498 ao
422 2444 497 2514 prius
517 2444 552 2497 de
575 2440 721 2496 dediticiis.

221 2523 276 2582 ΠΗ.
312 2536 347 2586 De
371 2537 493 2587 dediticiis
516 2537 556 2586 uel
579 2537 631 2598 iege
653 2536 719 2585 Aelia
744 2536 833 2586 Sentia.
871 2520 915 2583 18.
936 2523 1010 2598 Lege
1037 2526 1128 2598 itaque

159 2609 232 2667 Aelia
247 2609 340 2668 Sentia
357 2621 478 2683 cauetur,
502 2622 532 2668 ut
555 2613 601 2687 qui
623 2614 697 2668 serui
719 2629 734 2667 a
757 2611 873 2667 dominis
896 2625 1001 2683 poenae
1019 2610 1128 2666 nomine

159 2696 241 2753 uincti
264 2700 333 2764 sint,
355 2697 486 2771 quibusve
509 2699 636 2772 stigmata
652 2697 782 2770 inscripta
797 2700 870 2767 siut,
892 2694 961 2750 deue
978 2692 1076 2766 quibus
1093 2693 1128 2749 ob

157 2833 297 2892 excidisse,
317 2835 386 2897 quod
399 2833 430 2884 ob
445 2836 555 2896 repetita
569 2840 701 2896 postrema
719 2829 798 2880 verba
814 2830 898 2893 facile
914 2830 976 2892 fleri
990 2829 1085 2891 potuit,
1104 2832 1129 2874 et

157 2918 265 2967 sequens
280 2905 373 2965 prodit
392 2910 484 2965 autem,
506 2906 678 2967 praemissam
697 2902 871 2964 definitionem
894 2902 1033 2950 similemue
1049 2913 1127 2963 pcne-

158 2975 240 3020 raicm
257 2976 410 3022 sententiam
429 2975 564 3031 indicans,
587 2981 612 3022 et
630 2974 699 3037 quod
717 2975 817 3036 alioqui
835 2974 892 3022 sola
911 2973 997 3020 edicta
1015 2985 1063 3018 aua
1082 2969 1127 3015 de·

154 3042 274 3104 linitione
293 3051 423 3094 carerent.
457 3044 604 3107 Praecepto
625 3046 716 3106 accipe
730 3044 817 3093 eodem
833 3045 954 3107 pencraii
972 3057 1058 3100 aenou,
1078 3054 1128 3103 qao

157 3112 283 3161 dicuntur
301 3111 333 3164 L.
354 3114 460 3173 10.§.1.
494 3114 524 3164 I).
539 3116 571 3163 de
587 3116 665 3163 instit.
685 3113 716 3178 (1,
732 3113 754 3177 1)
769 3113 801 3163 L.
818 3126 837 3164 1.
867 3114 898 3163 Ι).
912 3115 944 3163 de
959 3111 1034 3178 tepeo.
1048 3112 1080 3178 (1,
1094 3110 1127 3176 ³).

160 3178 179 3245 ¹)
201 3181 315 3231 Correxi
334 3199 390 3231 cunt
411 3182 517 3233 Goesci.
536 3185 574 3234 ed.
595 3196 613 3234 1.
647 3183 732 3232 edictis
749 3183 774 3234 0.
788 3184 845 3234 edd.
878 3183 931 3234 Sed
945 3191 1038 3248 postea
1058 3191 1129 3232 recte

157 3259 254 3301 tantum
270 3252 374 3302 edictum
389 3255 542 3316 appellatur.
571 3253 713 3303 Librarius
722 3256 788 3303 male
803 3256 918 3304 imitatus
932 3263 971 3305 eat
985 3255 1055 3320 quod
1068 3262 1128 3303 ante

157 3326 257 3388 teperet
266 3322 298 3371 de
308 3324 401 3373 edictis
411 3324 523 3374 duorum
533 3332 692 3386 praetorum.
731 3319 752 3388 ²)
769 3324 826 3374 Nan
837 3333 936 3374 tantum
947 3329 1022 3376 ciuile
1033 3326 1066 3389 cf.
1076 3328 1098 3387 ξ.
1108 3337 1128 3375 2.

158 3390 180 3458 8)
200 3410 234 3443 er
254 3397 285 3456 ej.
308 3393 351 3444 tt.
366 3395 517 3444 Mommacni
535 3395 578 3443 sed
600 3395 624 3444 0.
643 3394 700 3443 edd.
720 3409 747 3442 ao
768 3395 831 3446 Iasi.
853 3396 974 3458 cf.§.1e.

228 3521 253 3592 ξ.
271 3529 294 3575 7.
312 3526 349 3589 Os.
365 3529 388 3589 ξ.
402 3538 421 3577 s.
443 3524 533 3576 leod.
548 3542 603 3576 cunr
622 3524 731 3588 strepi.
747 3527 777 3575 L.
785 3538 805 3576 2.
820 3528 841 3587 ἓ.
851 3536 885 3578 tt.
907 3526 937 3576 D.
951 3528 984 3574 de
994 3525 1061 3588 arip.
1076 3527 1126 3574 iar.

157 3596 189 3663 (t,
204 3597 235 3662 a).
264 3595 352 3647 Senec.
367 3608 452 3661 epea.
510 3601 553 3649 .8.
569 3619 601 3639 ι-
616 3596 647 3646 L.
663 3609 682 3647 1.
703 3597 735 3647 Ι).
746 3597 778 3646 de
792 3603 861 3646 statu
876 3597 941 3646 dom.
958 3595 990 3660 (1,
1004 3594 1036 3659 t).
1055 3594 1077 3654 §-
1092 3605 1125 3644 12.

157 3667 224 3718 lde
244 3667 465 3734 terrenitates).
513 3671 556 3719 .9.
572 3691 605 3711 =
620 3667 651 3719 Id.
672 3679 692 3719 a.
720 3668 751 3719 D.
770 3673 839 3718 statu
858 3666 922 3717 dom.
942 3664 977 3730 (1,
996 3664 1026 3730 t).
1046 3664 1125 3728 pal.

157 3740 188 3789 de
208 3741 257 3790 iur.
272 3754 344 3802 pera.
365 3740 400 3806 (t,
420 3738 451 3803 a).
506 3736 530 3810 fi
551 3742 590 3790 to.
612 3739 649 3803 Of.
668 3742 690 3803 5.
709 3751 722 3792 a
742 3741 786 3803 fin.
806 3738 828 3790 1.
849 3737 905 3787 eod.
928 3735 970 3786 di.
991 3735 1125 3786 Daritis.

156 3807 180 3880 fi.
199 3813 238 3861 11.
260 3810 297 3873 Cf.
312 3811 342 3862 L.
356 3823 377 3863 o.
397 3813 420 3874 §-
435 3823 453 3862 t.
478 3812 509 3864 D.
523 3813 555 3862 de
568 3820 638 3863 statu
652 3812 715 3863 dom.
730 3811 762 3876 (1,
776 3807 807 3877 a).
845 3805 869 3878 ξ.
885 3811 926 3859 12.
942 3807 980 3871 Cf.
998 3806 1052 3872 usp.
1068 3820 1088 3866 1,
1104 3820 1124 3859 o.

158 3883 200 3935 Pr.
216 3883 314 3933 Dositi.
334 3885 373 3946 ἐξ.
392 3897 465 3949 aaeq.
503 3879 527 3953 fi.
543 3887 585 3937 la.
607 3884 644 3948 Of.
663 3883 800 3949 Ulp.1,11.
822 3882 898 3931 Paul.
912 3891 935 3938 t,
950 3891 982 3932 12.
1001 3880 1123 3944 §dasem
