2378 4386
627 113 700 126 ‚u-

360 542 418 579 um
435 543 527 578 rasmr.
546 523 594 580 ΙΙΙ.
614 531 709 581 t-to.
944 528 1009 594 287

61 679 115 733 erit
137 690 191 731 sua
211 674 310 745 heres,
336 676 363 730 si
379 676 470 745 fitius,
499 677 584 732 cuias
603 678 632 731 io
652 692 739 732 manu
760 683 817 741 est,
840 691 903 733 cum
923 685 1013 749 pater

10 771 49 819 ιο]
61 763 193 830 moritur,
218 761 248 813 io
265 763 410 830 potestate
432 762 494 815 eius
515 776 571 816 noo
594 763 639 816 sit.
683 760 814 834 idemque
834 762 961 818 dicemus
983 770 1011 818 et

60 845 95 900 de
117 859 160 913 eo,
185 856 259 915 quae
281 844 310 898 in
332 845 444 914 nepotis
464 860 551 900 manu
572 846 744 901 matrimonii
766 861 857 902 eausa
873 847 920 915 sit,
942 849 1010 920 quia

59 930 209 1000 proneptis
221 929 284 983 toco
299 933 349 982 est.
382 923 412 983 4.
429 925 555 983 Postumi
567 944 689 1000 qaoque,
700 932 759 1002 qui,
771 929 797 985 si
808 933 873 987 uiuo
887 937 1011 1002 parente

60 1015 122 1068 oati
132 1018 238 1079 essem,
247 1013 277 1065 io
290 1016 433 1081 potestate
448 1012 508 1066 eius
516 1010 731 1083 suturiforent,
744 1015 790 1069 sai
799 1014 919 1071 heredes
933 1021 1009 1074 sunt.

60 1091 87 1152 ὀ.
104 1093 182 1151 Idem
198 1097 269 1151 iuris
285 1101 326 1150 est
340 1094 376 1150 de
390 1093 444 1162 his,
459 1111 580 1165 qnorum
595 1098 707 1151 nomime
722 1099 833 1170 eatepe
845 1097 927 1154 Aelia
939 1099 1009 1156 Sen-

60 1182 98 1236 tio
115 1179 161 1235 uet
182 1193 221 1236 ex
235 1184 354 1235 semotus
375 1180 504 1234 consulto
515 1184 583 1249 post
602 1176 607 1250 Ι
626 1187 739 1234 mortem
756 1182 838 1252 patris
854 1197 932 1238 causa
947 1179 1080 1256 pro-12⁷·

62 1261 153 1317 hatur:
167 1279 228 1318 nam
251 1270 279 1317 et
300 1262 327 1317 hi
351 1263 415 1316 uiuo
439 1269 515 1335 patre
536 1276 617 1317 causa
632 1261 744 1334 prohata
759 1263 786 1318 ln
802 1272 936 1337 potestate
951 1269 1009 1320 eius
1024 1250 1039 1286 ‘¹
1050 1256 1068 1287 ¹·

62 1346 144 1402 loturi
160 1354 261 1402 essent.
297 1340 325 1401 6.
349 1342 426 1410 Quod
443 1346 522 1400 etiam
538 1343 572 1400 de
587 1358 619 1400 eo
633 1343 699 1420 filio,
715 1347 761 1417 qul
774 1362 805 1402 ex
818 1349 902 1421 prima
916 1363 1011 1404 seeun-

60 1429 126 1486 daue
149 1430 345 1502 mancipatione
367 1435 559 1501 postmortem
575 1429 660 1501 patris
676 1430 880 1492 manumittitur.
907 1430 1012 1486 intelle·

60 1530 166 1587 gemus.
211 1508 238 1568 7.
261 1512 346 1586 igitur
367 1527 428 1567 cum
444 1509 515 1566 tilius
531 1508 620 1567 illlaue
635 1519 662 1566 et
677 1528 709 1569 ex
723 1510 810 1569 altero
826 1510 881 1569 tilio
899 1522 1012 1588 nepotes

60 1607 193 1670 neptesue
214 1604 320 1664 extant,
343 1596 445 1668 pariter
466 1594 500 1650 ad
521 1594 698 1651 hereditatem
723 1605 871 1665 uocantum
893 1614 945 1654 nec
966 1599 1012 1670 qul

61 1680 148 1754 gradu
164 1680 311 1752 proximior
325 1687 377 1748 est,
400 1677 555 1734 ulteriorem
571 1677 703 1736 excludit:
720 1695 836 1753 aequum
851 1682 920 1737 enlm
937 1682 1012 1738 uide·

60 1762 155 1834 hatur,
184 1770 297 1835 nepotes
319 1770 449 1835 neptesue
476 1764 503 1819 lu
524 1762 609 1836 patris
630 1766 673 1819 sul
694 1763 783 1821 locum
806 1765 1012 1840 portionemque

60 1845 221 1905 succedere.
251 1846 308 1920 pari
324 1847 429 1901 ratione
444 1856 472 1903 et
486 1848 509 1903 si
525 1863 610 1920 nepos
626 1849 752 1921 neptisue
768 1848 804 1904 sit
818 1864 851 1905 ex
865 1845 922 1904 fillo
936 1857 965 1905 et
981 1863 1014 1905 ea

61 1940 160 2005 nepote
175 1946 312 2005 pronepos
325 1931 520 2002 proneptisue,
535 1929 615 1987 simul
630 1947 723 1988 omues
740 1940 873 1989 uocantur
887 1931 920 1987 ad
936 1931 1013 1988 here·

63 2014 181 2071 ditatem.
226 2011 255 2070 8.
280 2012 312 2069 Et
334 2015 395 2086 quia
411 2012 548 2086 placebat,
571 2023 684 2088 nepotes
700 2024 847 2089 neptesue,
871 2018 935 2073 item
949 2032 1012 2090 pro·

63 2108 175 2173 nepotes
197 2107 380 2172 proneptesue
401 2099 430 2154 in
451 2101 568 2172 parentis
590 2101 631 2155 sul
654 2098 744 2157 locum
765 2099 927 2170 succedere,
949 2115 1012 2156 con·

63 2184 174 2238 ueniens
190 2199 249 2239 esse
265 2183 354 2238 uhum
369 2190 425 2252 est,
445 2198 499 2238 noo
516 2185 541 2238 ln
557 2184 660 2256 capita,
682 2183 729 2241 sed
745 2180 794 2258 (in)
810 2186 910 2259 stirpes
927 2183 1013 2241 'here-

64 2261 189 2322 ditatem¹
204 2265 302 2337 diuidi,
317 2266 353 2322 lta
368 2274 399 2321 ut
415 2264 485 2321 filius
500 2275 602 2340 partem
617 2266 751 2324 dimittam
766 2268 923 2326 hereditatis
945 2267 1014 2326 ierat

64 2358 138 2406 etex
153 2348 237 2407 altero
253 2348 307 2405 tilio
323 2348 378 2406 duo
392 2348 521 2424 pluresue
536 2360 650 2425 nepotes
662 2350 770 2408 alteram
781 2352 932 2423 dimidiam;
948 2355 1012 2409 item

63 2435 86 2491 sl
100 2449 133 2490 ex
148 2433 253 2490 duobus
269 2432 330 2489 liliis
349 2442 463 2507 nepotes
478 2442 569 2490 extent
592 2443 619 2492 et
634 2452 666 2492 ex
681 2435 767 2491 altero
783 2435 838 2493 lilio
854 2454 923 2493 nnus
939 2436 1011 2493 torte

63 2516 108 2574 uel
123 2517 194 2587 duo,
217 2533 249 2573 ex
269 2517 354 2574 altera
376 2525 433 2574 tres
453 2527 500 2575 aut
522 2526 661 2592 quattuor,
683 2519 715 2574 ad
739 2535 820 2574 unum
835 2530 881 2575 ant
897 2521 929 2575 atl
944 2520 1011 2574 duos

52 2601 169 2676 ,dimidia
183 2617 244 2675 pars
260 2602 394 2674 pertineat
414 2609 442 2658 et
461 2602 493 2657 ad
509 2610 564 2658 tros
585 2610 632 2656 aut
652 2605 781 2674 quattuor
796 2601 880 2657 altera
895 2602 1013 2656 dimidia.

126 2682 155 2744 9.
179 2684 207 2741 Sl
222 2684 313 2740 nullus
328 2687 364 2740 sit
375 2701 487 2741 suorum
497 2683 635 2756 heredum,
652 2690 717 2740 tuaac
729 2683 861 2739 hereditas
873 2685 994 2757 pertinet
1009 2674 1012 2759 l

63 2785 96 2826 ex
117 2768 209 2826 eadem
230 2768 291 2842 lege
315 2783 362 2826 111
389 2768 538 2826 tabularum
565 2768 598 2823 ad
629 2773 753 2843 agnatos.
808 2763 855 2824 10.
879 2765 1083 2826 Vocanturttti.

64 2862 153 2910 autem
168 2852 292 2927 adgnati,
315 2853 360 2926 qui
376 2852 495 2927 legitima
518 2853 680 2927 cognatione
696 2852 780 2907 lunctl
800 2857 878 2906 sunt:
895 2848 1013 2923 legitima
1028 2845 1072 2883 Μ·

64 2947 152 2993 autem
167 2937 295 3011 cognatio
315 2944 358 2992 est
379 2952 420 3006 ea,
444 2952 512 3009 quae
532 2952 585 3010 per
605 2935 690 2991 uirilis
706 2951 788 2991 sexus
803 2950 934 3008 personae
949 2949 1016 2991 coo·

10 3035 54 3084 ιιι]
64 3024 208 3095 iungitur:
229 3022 328 3093 itaque
349 3021 447 3077 eodem
464 3028 545 3093 patre
565 3021 620 3075 nati
642 3019 738 3075 iratres
760 3022 852 3094 agnati
865 3017 918 3076 sthi
938 3026 1016 3091 sunt,

67 3137 275 3146 ——-—-—

138 3186 157 3255 ¹)
172 3189 235 3238 lost.
250 3188 394 3237 hereditates
410 3186 436 3236 0.
451 3187 509 3237 edd.
526 3191 635 3247 praeter
650 3184 698 3234 Kr.

66 3304 277 3312 ——--

135 3367 160 3439 ξ.
175 3371 468 3434 4.=§.tflo.1.cit.
484 3371 522 3433 Cf.
536 3371 607 3434 Epit.
622 3383 670 3430 he
681 3387 723 3436 pr.
747 3371 802 3436 etp.
818 3381 852 3429 tt,
868 3380 900 3422 15.
950 3365 1016 3437 §h

67 3441 105 3503 Gi.
126 3443 215 3492 Cottat.
236 3454 273 3500 xa,
288 3455 308 3494 a.
328 3445 368 3503 §5-
383 3453 404 3492 a.
420 3452 453 3492 ιι.
472 3457 552 3506 capra
568 3456 586 3499 ι,
602 3453 635 3493 aa.
654 3453 680 3504 a,
695 3453 733 3494 xta
747 3458 798 3506 seq.
819 3455 839 3498 ι,
854 3453 887 3492 oo.
902 3452 936 3492 ea.
960 3439 1016 3502 dtp.

66 3522 85 3570 a,
100 3526 121 3564 t.
165 3509 190 3581 ξ.
207 3515 230 3563 6.
247 3534 280 3554 =
297 3512 385 3562 Cottam
401 3524 434 3568 xc,
449 3522 469 3562 a.
485 3513 539 3573 §.e
560 3512 598 3575 Os.
612 3513 700 3561 Cottas.
717 3525 749 3569 xe,
764 3525 784 3564 a.
800 3514 823 3573 §.
840 3524 859 3562 a.
884 3509 940 3572 Utp.
952 3520 985 3566 aa,
996 3521 1015 3559 a.

65 3598 145 3646 snpra
162 3596 182 3640 ι,
197 3594 243 3634 xta.
259 3593 280 3641 a,
295 3594 341 3633 ιιι.
409 3577 454 3650 ἓξ.
469 3584 493 3633 7.
509 3586 533 3634 8.
548 3604 582 3624 =
598 3582 687 3633 Cottae.
703 3594 736 3640 xo,
751 3594 771 3632 a.
789 3584 829 3644 §l-
844 3593 864 3631 a.
879 3593 898 3632 e.
915 3581 938 3641 ὅ.
954 3590 973 3630 t.
994 3577 1015 3625 I.

67 3653 89 3702 h.
105 3661 121 3703 t.
137 3654 168 3717 (a.
185 3653 214 3719 ι).
236 3653 273 3714 Cf.
288 3652 358 3717 Epit.
373 3662 394 3710 a,
408 3664 429 3703 a.
444 3653 467 3713 §-
482 3664 502 3702 ι.
527 3652 581 3716 tltp.
596 3664 630 3710 ae,
645 3664 665 3702 a.
715 3648 1016 3720 §.9.=Cottat.1e,t.

66 3725 88 3784 5.
103 3735 123 3776 a.
145 3724 183 3786 Cp.
200 3723 268 3787 Epio.
283 3734 308 3781 e,
323 3735 344 3775 a.
363 3724 386 3784 ἕ.
401 3733 421 3774 s.
446 3721 500 3785 dtp.
515 3734 553 3781 eo,
570 3737 589 3773 ι.
610 3723 698 3772 Cottae.
715 3734 788 3780 1e,e.
807 3722 830 3783 §-
846 3732 879 3770 ιι.
891 3734 933 3782 pr.
950 3717 971 3765 1.
987 3717 1018 3763 de

67 3794 114 3860 lep.
129 3810 189 3859 apa.
208 3808 278 3843 succ.
294 3793 330 3859 (a,
349 3791 380 3856 a).
444 3787 469 3859 §-
487 3797 527 3844 10.
543 3814 576 3835 ==
593 3793 770 3846 dalmatae.
791 3792 813 3852 5.
829 3802 862 3839 ιο.
883 3789 921 3848 Cf.
936 3798 1017 3848 supra

68 3875 87 3921 1,
102 3876 148 3916 rae.
169 3866 191 3927 5.
207 3877 226 3915 1.
246 3862 338 3914 leod.
358 3861 427 3925 Epio.
443 3864 459 3910 t.
475 3880 496 3911 c.
521 3862 575 3926 h'tp.
591 3874 629 3914 aa.
644 3875 665 3912 1.
686 3861 775 3910 Cottas.
792 3870 825 3920 xe,
840 3869 860 3908 a.
880 3858 918 3917 ξς.
935 3866 967 3905 rs.
984 3863 1016 3901 ιι.
