2378 4386
409 532 544 568 arruusrs
563 532 755 568 coorsmorvn.
995 515 1058 580 629

109 671 217 710 sursum
230 655 322 715 ducta.
342 653 427 708 etiam
440 654 625 708 masculorum
637 653 849 708 ascendentium
863 668 1000 722 personae
1012 653 1059 707 ad·

109 724 226 788 dantur,
248 722 351 791 partim
369 723 435 790 quia
453 722 538 775 etiarn
557 722 742 787 adparentes
764 721 977 774 manumissores
995 719 1060 789 lege

109 789 250 843 hereditas
267 790 349 854 redit,
368 789 470 858 partim
487 789 554 856 quia
571 803 667 840 omnes
685 789 850 855 agnatorum
863 805 880 842 a
891 788 980 842 latere
998 789 1058 840 iun·

109 860 217 911 ctorum
235 856 338 924 gradm
356 855 435 909 velut
452 855 584 907 adiuncta
602 854 677 907 scala
694 853 832 908 adirecta
849 855 1060 909 ascendentium

108 924 184 978 linea
201 924 339 992 pendent:
378 938 430 975 uae
448 922 519 975 ratio
533 923 618 974 etiam
636 920 738 985 effecit,
756 923 789 974 ut
804 936 867 974 cum
884 922 914 975 in
931 922 1007 976 linea
1018 922 1059 974 di-

109 993 186 1045 recta
198 991 289 1058 prisco
300 988 368 1042 insti
401 990 430 1041 to
442 990 551 1041 tantum
565 987 697 1054 usquead
709 987 843 1040 tritavum
855 989 1060 1057 trinepotemve

130 1073 245 1112 ersonae
258 1056 341 1111 certis
359 1055 517 1108 nominibus
534 1053 844 1122 comprehenderentur,
864 1056 949 1108 edam
964 1056 1061 1124 agnam

112 1194 116 1201 Ι
139 1129 218 1178 ntum
237 1124 272 1201 ad
290 1124 400 1176 sextum
419 1138 507 1198 usque
525 1120 643 1198 gradum
665 1120 927 1175 demonstrarentur.
960 1122 1061 1199 Itaque

108 1206 299 1326 tudelle?
316 1189 629 1333 resecrare
651 1187 1061 1332 ,trellttstrr,ress

110 1321 612 1446 retractaretur
624 1320 1062 1455 l¹l2srrlralllrs⁰tl

110 1459 222 1512 sinistra
240 1456 276 1508 ad
294 1455 422 1508 dextram
438 1454 623 1522 procedentes
635 1455 665 1507 et
680 1468 769 1520 usque
781 1453 938 1506 adsertam
950 1454 1062 1507 tantum

132 1525 229 1576 tadum
254 1523 416 1586 sequuntur.
451 1524 492 1573 Ns
510 1536 576 1574 vero
600 1520 772 1585 crederetur,
794 1520 910 1589 perinde
928 1522 961 1573 ut
978 1520 1008 1574 hi
1025 1521 1061 1574 ab

111 1543 166 1642 dlis
184 1588 324 1663 capitibus
362 1587 521 1663 oneratione
538 1587 678 1652 oriuntur,
702 1587 787 1641 etiam
806 1589 900 1656 capita
916 1588 996 1642 iuxta
1012 1603 1062 1665 pa·

112 1656 205 1708 rentes
228 1669 307 1720 quasi
324 1604 360 1706 ag
381 1653 424 1708 hrs
446 1655 594 1723 progenita
614 1653 707 1722 posita
728 1670 801 1717 esse,
824 1657 885 1707 tota
906 1655 981 1709 scala
1002 1671 1062 1710 sive

112 1738 130 1774 a
146 1720 233 1775 latere
252 1720 425 1774 venientium
444 1721 511 1775 ordo
530 1722 638 1776 alinea
655 1722 762 1775 directa
778 1721 926 1775 simulacro
960 1721 1062 1775 uodarn

112 1788 260 1865 distinctus
272 1791 316 1842 est
327 1788 495 1856 imaginibus
506 1789 774 1858 consanguineorum
786 1790 795 1855 (
817 1788 846 1841 ui
854 1739 1008 1865 quasidons
1020 1791 1063 1865 est

113 1855 230 1909 alaterc
247 1858 418 1923 iunctorum)
432 1856 587 1924 etquidem
604 1856 692 1925 puelli
706 1858 735 1909 et
744 1805 856 1932 poledae
874 1858 1063 1924 generatroms

111 1923 276 2000 nesciorum,
295 1921 413 1976 eandem
425 1938 505 1977 suam
517 1924 652 2002 originem
665 1923 754 2000 digito
766 1921 1006 1999 significantium)
1018 1940 1062 2002 su-

111 1992 313 2134 {drttttdd
326 1989 1063 2136 tessaredecades?leber

112 2126 191 2177 iuxta
208 2127 325 2192 patrem,
344 2124 393 2178 sed
411 2127 491 2178 iuxta
512 2141 595 2178 avum
614 2128 643 2178 et
659 2124 787 2178 srmrhter
804 2123 936 2192 dsmccps
953 2141 1063 2180 rursum

112 2191 219 2265 locatus
237 2192 292 2265 est,
310 2206 365 2266 non
383 2194 442 2244 tam
459 2192 562 2245 idcirco
580 2193 685 2245 factum
701 2192 784 2268 puto,
808 2193 841 2245 ut
857 2195 1019 2260 appareret,
1039 2193 1063 2246 si

111 2256 791 2379 cesareaesterilesceretrs
807 2259 1063 2382 ttt‘hltttl

112 2387 299 2442 hereditatem
316 2388 468 2455 pertinere,
486 2405 570 2456 quam
583 2393 660 2444 uter
673 2391 779 2444 directa
794 2365 872 2446 dinsa
888 2394 1063 2450 transversae

112 2456 215 2575 gdradm
228 2455 529 2574 ds„²dm0nst{aretur,texf
539 2472 593 2574 qgo
607 2457 663 2509 solo
676 2458 978 2575 agnatitaesttimantum
997 2476 1064 2578 usam

111 2537 368 2668 dteffiugdmexusiudiss
380 2535 480 2641 madidise
487 2527 1064 2663 sudglitdtgrgdrdzstdmpgsdugudtd¹frates}

113 2658 255 2722 brfanam,
283 2657 418 2724 tanquam
441 2654 527 2708 frater
549 2653 675 2707 defuncti
696 2656 808 2706 intera
849 2657 922 2719 atos,
950 2659 1063 2712 sivero

113 2720 1064 2844 alit?3:15tltfftffiltellttllltVtslfllllltta

114 2805 313 2933 consdnguiqnei
330 2857 525 2934 censebamur,
542 2857 669 2933 refertur.
701 2804 887 2917 Quhdautem
904 2855 933 2931 in
951 2807 1064 2934 addaram

113 2938 240 2992 personis
257 2924 386 2977 masculis
403 2924 519 2977 additur
536 2932 596 2992 ‘qur
608 2938 641 2977 ex
657 2922 797 2990 potestate
810 2937 865 2974 non
879 2924 967 2985 exiit’,
985 2923 1064 2976 femi·

113 2990 157 3043 nis
175 3006 242 3043 vero
262 2999 345 3058 ‘quae
363 2991 392 3043 in
410 3008 494 3044 manu
512 2991 580 3056 est',
599 2999 687 3058 ‘quae
704 2989 734 3042 in
751 2990 892 3066 potestate
910 2991 977 3055 est’,
999 3005 1066 3044 ean·

114 3056 179 3111 dem
196 3058 284 3112 habet
301 3058 449 3123 rationem,
467 3059 678 3126 propterquam
695 3056 738 3110 illi
769 3072 829 3110 uasr
843 3059 930 3125 stipes
941 3056 1064 3111 familias

113 3126 143 3177 in
160 3124 255 3178 media
271 3124 338 3193 pila,
359 3126 473 3177 domum
490 3126 609 3179 maxime
626 3125 743 3188 ferente,
785 3140 818 3177 ae
840 3126 975 3193 tanquam
992 3124 1064 3178 rami

113 3192 143 3244 in
165 3192 278 3245 sinistra
299 3193 328 3245 et
349 3191 448 3245 dextra
469 3192 529 3260 pila
550 3191 680 3261 parietali
702 3191 786 3260 positi
807 3194 880 3246 sunt
919 3191 968 3246 Uti
990 3193 1065 3247 enim

113 3257 169 3312 illis
187 3258 300 3312 domum
318 3257 509 3327 familiamque
528 3260 658 3324 retinere,
677 3260 719 3311 ita
734 3259 778 3314 his
794 3275 850 3312 non
868 3273 1024 3328 propagare
1037 3262 1066 3314 et

114 3325 197 3378 facile
215 3325 374 3392 relinquere
391 3325 518 3378 naturale
531 3329 581 3379 est.
611 3326 659 3379 llis
676 3327 830 3380 rationibus
844 3328 998 3395 perspectis
1009 3343 1065 3380 non

114 3391 265 3457 dubitabis,
282 3392 335 3446 hoc
352 3392 507 3446 stemmatis
524 3392 671 3446 artificium
690 3409 724 3446 ex
741 3394 848 3447 intimis
864 3394 968 3448 veteris
985 3394 1065 3447 inris-

59 3458 280 3527 isspprudentiae
302 3459 432 3512 medullis
454 3459 637 3511 derivandum
661 3462 690 3512 et
707 3460 743 3513 ad
766 3464 908 3515 auctorem
930 3463 974 3514 sat
995 3461 1065 3515 anti-

113 3542 214 3645 guum,
232 3529 262 3580 et
278 3526 301 3579 si
318 3525 388 3579 mihi
405 3525 527 3590 accedis,
550 3526 595 3579 vel
612 3528 738 3597 Augusto
757 3528 926 3582 antenorem
944 3528 1064 3583 referen-

133 3608 181 3645 um
198 3609 266 3651 esse.

187 3785 206 3852 ¹)
221 3787 310 3836 Eadem
324 3789 410 3850 imago,
425 3789 497 3837 etiam
510 3785 615 3850 parentis
630 3785 707 3846 elegis
721 3787 822 3846 adiecta,
836 3789 939 3837 recurrit
953 3788 976 3837 in
991 3796 1065 3838 stem-

113 3864 184 3919 mate,
199 3858 261 3920 quod
276 3857 370 3907 Relzius
385 3858 608 3921 sd'lheoph.³,1o.
623 3869 651 3903 ex
665 3856 718 3905 cod.
734 3857 810 3906 lussit.
821 3857 971 3906 D'orsilliauo
982 3857 1064 3908 edldit
