2378 4386
104 610 164 678 856
267 625 741 666 rsr.ct1vsn.1vusc·cossvursmo.
757 607 807 663 IX.
823 613 909 664 2-o.

146 758 232 832 impp.
250 758 347 815 Valens
362 767 389 813 et
405 756 605 814 Valentinianus
620 757 674 812 Al„
690 755 724 812 ati
740 754 927 813 Volusianum
944 758 1071 831 praesset.
1109 694 1111 777 1

147 842 231 900 urhis.
258 840 323 899 Post
338 842 498 899 senteutiam
510 841 607 914 pacisci
619 856 674 896 nou
685 839 779 910 licere,
796 839 867 897 iuris
882 840 984 898 ordine
998 858 1070 915 pras·
1109 850 1111 899 l

147 933 268 983 cauetur.
305 923 379 981 Uutls
394 940 455 981 cum
470 924 643 997 supplicans,
664 923 758 996 inique
772 939 805 980 se
822 918 1032 998 ’oppressum,¹
1046 933 1070 980 et

147 1018 211 1083 post
226 1010 386 1064 seutentiam
401 1010 471 1066 sacri
483 1007 609 1065 auditorii
621 1007 764 1082 depactum
780 1022 845 1065 esse
860 1019 1070 1074 commemoret,

147 1091 289 1148 Volusiano
311 1107 408 1166 pareus
429 1093 565 1149 carissime
588 1091 834 1162 elementissimo,
859 1101 957 1150 amota
977 1108 1068 1165 poena,

146 1191 226 1248 quam
241 1182 320 1249 pacto
335 1182 428 1232 contra
443 1177 485 1233 ius
498 1175 568 1232 iacto
580 1176 712 1233 serenitas
723 1182 771 1232 tua
783 1175 880 1231 inesse
894 1175 1069 1249 praeuiderit,

147 1261 239 1332 legum
259 1259 358 1316 auxillo
380 1258 504 1316 consulat
523 1257 694 1333 supplicanti.
730 1257 788 1313 liat.
812 1256 857 1315 ll'.
874 1258 916 1314 iti.
936 1261 1009 1333 lup.
1024 1258 1069 1315 Ιι·

151 1336 278 1399 liolaul.²

190 1424 219 1486 2.
242 1426 322 1483 litiem
338 1429 392 1484 iil.
403 1424 532 1499 Pompeio
549 1425 678 1483 Fauonio.
707 1423 912 1497 Hereditatem,
928 1442 1013 1500 quatu
1028 1425 1067 1482 till

148 1520 302 1585 competere
316 1512 375 1568 lure
390 1508 548 1581 confirmas,
564 1511 668 1583 negotii
688 1510 787 1565 merito
808 1507 962 1580 discusso,
978 1524 1065 1584 appre

149 1594 217 1653 batis
232 1593 450 1667 allegationibus,
473 1595 580 1651 restitui
600 1591 699 1649 eiiciet
714 1591 807 1665 legum
827 1592 911 1649 ionte
927 1592 1066 1650 tiemanam

148 1679 281 1735 sententia
301 1677 461 1748 iudicantis,
482 1685 586 1734 remota
600 1675 727 1735 uidelicet
741 1675 891 1749 pactione,
909 1693 996 1750 quam
1011 1676 1066 1732 tiolo

147 1763 265 1834 patuerit
281 1761 406 1820 elicitam.
440 1760 495 1819 liat.
516 1760 580 1817 vttt.
602 1758 640 1816 itl.
661 1757 789 1817 liciarum.
810 1757 908 1833 ilice.
928 1776 997 1818 nou.
1019 1758 1064 1816 lai.

148 1844 234 1918 April.
249 1845 277 1899 in
293 1843 400 1900 basilica
415 1843 589 1901 Thermarum
604 1842 706 1900 Comm.
721 1842 788 1916 ipsis
804 1842 861 1899 ΑΔ.
879 1838 974 1902 coss.²

190 1922 220 1986 8.
251 1926 332 1984 iidem
358 1928 428 2002 lug.
450 1927 606 1984 llamertiuo
628 1925 669 1982 rt.
692 1925 721 1984 P.
764 1923 862 1983 luter
885 1936 954 1985 cet.
979 1936 1013 1984 et
1032 1925 1063 1981 ati

148 2011 272 2069 locum:
295 2010 374 2068 Pacta
398 2011 504 2085 quidem
528 2028 576 2084 per
591 2012 645 2067 uim
665 2017 693 2066 et
709 2017 811 2066 metum
826 2010 903 2082 sputi
919 2027 1016 2067 onnes
1026 2025 1063 2066 sa·

149 2097 184 2150 tis
206 2103 312 2151 constat
334 2103 436 2151 cassata
459 2093 561 2151 uiribus
583 2109 643 2150 esse
664 2091 825 2165 respuenda.
866 2093 926 2151 liat.
943 2094 994 2150 itit.
1009 2092 1059 2149 lral.

151 2177 234 2252 Apuli.
251 2179 316 2251 ipsis
332 2180 385 2233 ΛΑ.
403 2173 490 2234 coss.²

190 2260 219 2317 4.
243 2260 324 2316 iidem
339 2263 394 2315 ΑΛ.
410 2260 441 2316 ad
458 2259 668 2316 Valentinianum
684 2258 859 2317 consularem
877 2261 973 2319 meent.
999 2256 1111 2319 uanus:

149 2344 259 2400 dubium
275 2350 328 2412 est,
340 2359 399 2398 eum
415 2341 493 2399 afile
509 2343 598 2415 placiti
609 2343 764 2412 recessisse,
777 2344 835 2415 qul,
848 2360 920 2418 quas
935 2343 1059 2417 promise·

151 2435 208 2495 rat,
234 2425 346 2498 implere
367 2419 495 2498 'noluit‚³
518 2427 698 2484 Valentiniana
717 2427 867 2485 carissime.
904 2425 1021 2484 Proinde
1040 2427 1062 2480 sl

149 2509 302 2566 aduersario
324 2511 519 2582 supersedente
541 2512 664 2567 cominus
686 2507 821 2580 explicare
843 2527 888 2581 es,
911 2526 983 2584 quas
1003 2525 1062 2584 spo·

149 2593 291 2668 ponderat,
314 2590 380 2650 iulos
403 2595 493 2668 placiti
509 2594 626 2666 molliat,
649 2590 793 2649 familiares
807 2593 934 2665 litterse,
951 2591 1064 2667 quassi

150 2694 179 2735 se
194 2679 289 2735 missas
304 2676 378 2747 dicit,
390 2680 504 2752 supplici
515 2677 647 2751 Exuperio
658 2692 713 2733 uon
725 2675 853 2734 oberunt.
882 2677 1065 2749 lincomisum,

151 2777 220 2835 quos
242 2770 389 2819 temeratos
405 2771 560 2832 assuerat,
581 2768 670 2818 amota
690 2762 907 2834 praescriptione
925 2763 1066 2834 impuris,

150 2846 189 2916 lai,
205 2847 251 2918 qui
266 2855 455 2918 peremerunt,
471 2855 502 2901 ut
517 2848 585 2902 ratio
601 2845 668 2901 iuris
685 2842 905 2913 est‚red11ibere
921 2854 1065 2918 cogantur.

151 2929 237 3002 Aileg.
259 2926 300 2983 iV.
322 2929 372 2984 ital.
394 2930 453 2986 iiaii
473 2928 562 2985 Flauia
584 2920 741 2984 ’ionastrt⁴
761 2928 788 2982 iu
809 2929 979 3000 secretario,
1000 2930 1066 3001 ipsis

152 3015 205 3069 Ati.
222 3007 307 3068 coss.²

191 3093 220 3153 b.
237 3095 317 3152 litlem
329 3096 383 3151 ΑΔ.
394 3096 484 3152 Heliae
497 3095 639 3151 Bauoniae.
666 3094 738 3151 Lites
755 3093 824 3149 trahi
840 3101 868 3149 et
883 3093 938 3150 sub
950 3094 1065 3168 quodam

151 3181 289 3254 potentiae
312 3186 416 3236 terrore
437 3178 544 3236 infimos
566 3179 685 3252 lampasi,
708 3177 869 3233 iudiciorum
890 3177 1010 3251 'spectat
1030 3178 1067 3234 oti

151 3256 302 3321 ἰιιιιίιΙὶιιιιι.6
339 3263 412 3318 Unde
427 3265 449 3318 sl
465 3264 647 3319 aduersarium
664 3271 739 3317 tuum
756 3260 838 3333 louge
854 3276 869 3314 a
885 3258 935 3318 ultr
953 3265 993 3318 tui
1007 3276 1064 3318 auc·

151 3350 273 3404 cessione
289 3349 406 3419 positum
423 3347 487 3402 haec
502 3348 530 3401 iu
546 3355 583 3417 te,
599 3360 667 3418 quae
678 3343 804 3419 precibus
816 3345 942 3418 texuisti,
958 3346 1067 3422 excopi-

108 3497 319 3508 -Μ

104 3595 211 3657 priores
225 3592 263 3640 sit.
278 3591 310 3639 de
320 3592 408 3653 pactis
422 3590 453 3652 (ι,
468 3591 503 3657 s),
520 3594 645 3650 ultionum,
660 3593 691 3642 de
705 3606 756 3656 qua
770 3590 821 3641 oid.
843 3589 954 3641 Weucic.
970 3593 1008 3644 ad
1026 3591 1071 3643 lit.

110 3663 135 3712 C.
147 3677 175 3726 p.
190 3673 247 3724 ιιι,
260 3663 298 3712 iit.
314 3661 349 3711 ad
361 3658 409 3710 SC.
421 3661 510 3712 Claud.
525 3663 556 3725 (s,
566 3664 589 3724 o)
604 3663 700 3720 intulit,
715 3663 783 3710 olias
797 3661 929 3710 interdum
945 3665 1073 3714 lectiones

107 3747 227 3797 sequens,
242 3747 319 3796 quas,
339 3732 405 3781 unde
420 3735 555 3795 petiverit,
574 3735 674 3798 ipsoro.
749 3727 769 3794 ¹)
785 3729 848 3781 Por.
864 3742 899 3782 ss.
924 3747 1072 3797 oppressam

109 3804 172 3855 Par.
188 3814 221 3855 tt.
243 3804 325 3869 Pupp.
400 3799 419 3866 ²)
435 3818 459 3852 a.
474 3815 531 3862 sss,
545 3805 610 3867 ipsis
622 3818 659 3852 aa.
675 3801 801 3866 Aupustis
816 3802 932 3863 primum
947 3818 1017 3854 coss.

103 3870 130 3938 ³)
147 3874 210 3926 Por.
225 3885 259 3926 si.
279 3874 336 3922 nolil
352 3872 413 3921 Pur.
430 3885 464 3925 tt.
480 3874 563 3938 Pupp.
619 3871 641 3937 ⁴)
656 3870 763 3923 Fenestri
777 3871 835 3921 edd.
853 3870 929 3921 Corr.
948 3872 1073 3937 Goilrofr.

109 3941 130 4011 δ)
144 3951 253 4008 expectat
266 3943 355 3992 inuidis
375 3943 432 3991 edd.
447 3943 476 3992 ad
496 3944 637 3993 iudiciorum
656 3949 748 4006 spectat
763 3940 877 3991 inuidiam
891 3942 933 3992 ed.
947 3941 1074 4008 Gotirosr.
