2378 4386
442 574 480 608 sx
496 574 581 609 suero
600 572 723 610 renarro.
995 552 1054 616 721

63 709 95 757 25]
173 698 217 761 1³.
243 697 390 758 ¹Venditor
410 703 433 759 si
454 718 504 777 per
520 703 705 760 coniusiouem
726 702 911 776 imaginarium
934 699 1060 758 colonum

110 787 239 860 emptoris
255 785 405 860 decipiendi
421 802 499 842 causa
513 786 667 860 subposuit,
685 801 714 840 cr
731 794 822 858 empto
839 783 984 842 tenebitur.
1009 800 1061 841 neo

108 871 206 926 idcirco
222 879 296 926 recte
311 869 474 940 deicmiitur‚
495 873 532 935 si,
555 887 609 943 quo
625 869 728 926 iaciiius
744 870 923 942 excogitatam
939 867 1059 924 iraudem

85 968 88 973 ·
108 953 248 1024 'retinent‚
264 946 306 1010 et²
322 953 455 1021 colonum,
472 961 500 1008 et
512 953 632 1025 quinque
648 969 778 1008 annorum
794 953 929 1008 mercedes
942 954 969 1007 in
981 950 1061 1008 iidem

108 1055 181 1094 suam
193 1038 317 1110 recipiat:
335 1037 453 1109 alioquin
466 1038 489 1091 si
500 1036 569 1091 bons
581 1035 632 1090 iude
646 1034 756 1109 iocauit‚
768 1044 911 1109 suspectus
920 1052 974 1092 non
984 1029 1062 1095 erit.³

169 1118 214 1178 14.
238 1115 328 1192 ⁴Lege
356 1119 520 1175 uenditionis
547 1122 666 1192 inempto
696 1118 805 1192 praedio
837 1119 923 1183 iacto,
956 1119 1060 1176 iruetus

108 1209 210 1262 interea
226 1211 367 1278 perceptos
383 1202 482 1258 iudicio
498 1202 601 1257 uenditi
616 1203 722 1258 restitui
740 1201 855 1274 placuit,
880 1204 1005 1274 quoniam
1028 1219 1060 1258 eo

108 1292 166 1345 iure
182 1296 349 1345 contractum
364 1288 390 1342 in
408 1285 518 1341 exordio
533 1286 656 1340 uidetur:
679 1286 758 1340 sicuti
773 1287 799 1339 iu
815 1287 936 1358 pecunia,
959 1294 1060 1358 quanto

109 1373 219 1428 nrinoris
236 1372 361 1438 uenient,
377 1369 408 1424 ad
425 1369 494 1424 diem
510 1371 597 1441 pretio
614 1385 668 1424 non
684 1368 783 1428 soiuto.
809 1367 856 1423 Cui
872 1384 925 1423 non
942 1376 982 1423 est
997 1384 1061 1424 con·

109 1456 221 1511 tranium
237 1453 364 1508 iudicium
381 1451 412 1506 ab
425 1451 554 1507 aedilibus
569 1453 595 1506 in
612 1452 711 1507 iactum
725 1451 758 1506 de
773 1450 946 1524 reciperando
963 1452 1061 1523 pretio,

108 1537 240 1609 mancipio
262 1528 437 1606 ’reddibito‚⁶
459 1537 520 1607 quia
541 1534 742 1608 ’displicuisset
766 1529 967 1608 propositum3⁶
989 1534 1061 1608 quod

109 1636 163 1676 nou
179 1619 230 1675 erit
245 1620 438 1688 necessarium,
453 1620 475 1673 si
491 1617 581 1674 eadem
597 1619 658 1692 iege
673 1625 840 1674 contractum
857 1619 1024 1674 ostendatur.

171 1700 211 1758 15.
237 1694 364 1757 ⁷truerus
386 1701 550 1776 pendentes,
573 1703 624 1758 etsi
639 1703 736 1757 maturi
751 1702 873 1772 inerunt,
896 1704 917 1757 si
934 1718 981 1758 eos
997 1719 1061 1759 ucu-

109 1787 181 1842 ditor
207 1793 270 1859 post
297 1785 479 1841 uenditionem
502 1785 654 1842 antediem
682 1785 806 1841 soluendi
832 1788 910 1859 pretii
933 1788 1061 1859 percepit,

110 1869 224 1942 emptori
242 1869 425 1925 restituendos
442 1885 501 1925 esse
517 1871 651 1933 conticuit,
675 1872 697 1924 si
714 1887 767 1926 non
784 1870 854 1925 aiiud
870 1871 942 1926 inter
956 1879 1062 1927 contra·

110 1953 205 2008 hentes
220 1945 349 2026 placuit.8

172 2031 206 2092 16
237 2030 321 2091 9Viuo
337 2043 451 2105 mutato,
474 2036 622 2108 periculum
634 2045 783 2111 emptorem
798 2045 915 2111 spectat,
938 2037 1062 2110 quamuis

109 2119 263 2176 antediem
287 2121 366 2192 pretii
388 2119 511 2174 soluendi
535 2119 577 2175 uei
602 2121 796 2178 ’condicionem
819 2122 963 2193 emptionis
977 2120 1062 2193 inple·

111 2198 192 2260 tam¹⁰
213 2204 240 2259 id
256 2204 384 2260 euenerit.
430 2204 525 2276 quodsi
548 2203 609 2260 urile
623 2206 762 2278 amphoras
782 2214 857 2262 certo
879 2205 979 2279 pretio,
1002 2221 1062 2261 cor·

110 2304 176 2361 pore
192 2303 246 2343 nou
261 2287 446 2342 demonstrato
462 2288 528 2356 uiui,
550 2287 680 2361 uendidit,
696 2288 798 2345 nuiium
815 2291 944 2363 emptoris
959 2290 1064 2345 interea

111 2370 260 2444 periculum
277 2373 335 2426 crit.

175 2450 217 2516 17.
243 2448 374 2510 ¹¹Euictis
396 2446 525 2528 ’agris,¹²
547 2456 639 2527 quanti
660 2457 789 2529 emptoris
813 2457 941 2527 interest,
963 2456 1062 2513 iudicio

110 2643 212 2691 dationi
226 2643 297 2691 loeus
312 2646 362 2695 est,
377 2646 404 2687 ut
416 2646 514 2702 emptor
527 2640 563 2688 ad
576 2642 689 2703 pretium
702 2641 848 2689 solvendum
863 2648 979 2705 copatur.
1011 2640 1063 2692 Nee

111 2718 250 2768 premonet,
265 2711 334 2774 qnod
346 2712 423 2772 impp.
438 2712 464 2758 in
480 2710 511 2758 h.
526 2722 560 2760 aa.
586 2710 611 2759 Ο.
628 2712 670 2759 cit.
685 2710 763 2758 uerba
783 2708 821 2758 ‘in
836 2713 893 2773 ipso
914 2719 1063 2762 contractae

111 2778 208 2830 iimine'
221 2796 316 2844 parum
330 2787 403 2830 caute
418 2782 509 2829 iatiori
522 2795 596 2829 senisu
612 2787 776 2842 acceperunt,
791 2782 835 2844 qui
851 2780 998 2850 Papiniano
1012 2797 1062 2832 non

112 2859 168 2900 erat
182 2851 353 2915 effingendam.
411 2846 430 2913 ¹)
447 2850 484 2914 Cf.
500 2850 531 2899 L.
547 2863 580 2901 ao.
602 2851 633 2898 D.
649 2851 680 2899 de
694 2857 744 2899 act.
759 2852 835 2914 empti
849 2850 893 2915 (19,
909 2850 941 2914 i),
955 2850 1063 2902 Hermo·

110 2923 217 2987 peniani
232 2922 311 2978 iocus,
325 2937 360 2970 ex
374 2928 461 2971 nostro
477 2924 503 2969 in
518 2924 640 2984 epitomen
655 2921 784 2971 redactus.
837 2917 857 2986 ¹)
873 2921 986 2970 retineret
1004 2921 1062 2972 Vnt.

112 2991 169 3040 edd.
186 2990 277 3040 Helico.
294 2991 406 3041 diantms.
422 2992 522 3039 retineat
536 2991 635 3040 Boniti.
651 2999 674 3039 et
688 2991 796 3040 colonum
812 2992 939 3057 inteiiipe:
958 2999 982 3041 et
996 2995 1063 3043 coio-

111 3078 170 3111 num
185 3077 270 3110 oerum
284 3076 345 3110 esse.
398 3058 419 3125 ³)
435 3064 452 3111 i.
466 3078 487 3110 e.
502 3064 589 3124 accipi
600 3062 732 3123 fideiussio
747 3061 832 3112 otiam
848 3063 947 3111 utiiiter
957 3065 1062 3125 poterit.

113 3131 133 3197 ⁴)
150 3132 188 3195 Os.
203 3132 235 3181 L.
250 3143 270 3182 o.
291 3134 313 3193 ξ.
329 3145 349 3182 i.
374 3132 405 3179 D.
421 3133 452 3180 de
467 3140 547 3183 contr.
565 3139 637 3195 enipi.
653 3131 701 3197 (18,
718 3130 749 3196 t).
774 3132 805 3181 L.
820 3146 840 3183 t.
860 3133 882 3194 ἐ.
898 3143 918 3181 t.
942 3132 974 3181 Ι).
993 3133 1025 3182 de
1045 3136 1062 3182 i.

112 3219 197 3253 comm.
213 3201 258 3267 (te,
273 3202 305 3266 t).
385 3199 406 3266 ὓ)
421 3203 527 3252 redditur
546 3203 604 3251 Vat.
621 3203 713 3252 reddito
730 3202 851 3251 Niebuhr.
867 3210 892 3251 et
905 3203 1016 3253 aliorum
1029 3206 1062 3268 φ’.

110 3272 164 3322 Sed
178 3273 227 3322 uid.
243 3272 275 3320 ln
291 3283 323 3323 ³1.
339 3274 362 3333 ξ.
378 3284 410 3324 tt.
430 3273 462 3321 D.
477 3274 508 3322 de
523 3275 579 3323 aed.
595 3275 634 3324 ed.
650 3273 694 3336 (ει,
710 3270 740 3337 1).
805 3269 827 3339 ο)
842 3272 993 3337 displicuisse
1007 3289 1063 3339 pru·

112 3345 207 3406 ponitur
226 3341 285 3391 Vat.
303 3342 425 3406 PIerique
439 3345 486 3406 ep:
500 3344 668 3407 displicuisset,
684 3345 831 3407 proponitur,
846 3352 922 3393 antea
932 3351 992 3407 past
1007 3360 1065 3394 cou-

112 3415 209 3462 trarium
229 3413 370 3462 inserentes
389 3412 460 3476 quod.
479 3441 514 3450 -
532 3415 600 3477 quod
619 3415 667 3462 iud.
687 3414 716 3462 ab
735 3429 756 3461 a.
773 3415 787 3462 i.
803 3415 819 3463 i.
834 3415 857 3463 d.
873 3429 892 3465 r.
907 3431 930 3478 p.
951 3416 1065 3478 mancipii

112 3484 219 3531 redditur
233 3499 255 3546 q.
271 3483 421 3545 displicuisse
437 3485 575 3545 proponitur
589 3485 627 3532 ed.
645 3485 757 3533 Momms.
809 3481 829 3548 ⁷)
847 3484 884 3547 Cf.
901 3485 931 3533 Δ.
948 3488 1064 3546 tt.§.10.

112 3552 144 3600 D.
159 3554 191 3601 de
205 3560 255 3602 act.
270 3551 440 3616 emutilant).
491 3550 502 3581 ⁸
527 3555 637 3601 conuenit
651 3561 675 3602 et
689 3554 821 3616 piacuitex
832 3554 924 3604 Hoiiw.
935 3558 968 3618 φ’.
979 3562 1064 3605 trans·

108 3625 184 3686 ponit
199 3624 362 3672 ed.Momms.
410 3618 432 3686 ⁹)
448 3622 486 3683 Cf.
498 3622 550 3671 Δ]
562 3638 604 3684 pr.
621 3623 652 3672 L.
662 3635 682 3673 t.
698 3625 720 3683 ἓ.
732 3637 751 3673 1.
767 3624 875 3688 Lepr.
895 3625 926 3672 D.
938 3625 969 3673 de
980 3627 1063 3688 peric.

111 3701 136 3742 et
151 3708 237 3742 cotnra.
253 3692 298 3757 (te,
312 3691 342 3757 o).
358 3692 420 3741 La.
438 3691 463 3739 0.
478 3691 533 3739 eod.
550 3691 635 3755 (ωε).
690 3688 722 3755 ¹⁰)
739 3692 780 3741 Ex
795 3693 862 3743 Maii
876 3696 908 3757 qi.
924 3694 1064 3744 condicione

112 3765 240 3827 emptionis
255 3763 350 3826 impieta
370 3761 427 3811 Vnt.
443 3761 482 3812 ed.
498 3760 591 3812 Hoiiw.
644 3757 676 3825 ¹¹)
692 3760 738 3810 Est
752 3762 783 3810 L.
800 3775 825 3813 18
836 3779 879 3826 pr.
899 3764 930 3812 D.
946 3765 978 3812 de
992 3780 1063 3813 usur.

112 3835 157 3893 (et,
172 3834 204 3897 1),
218 3836 284 3882 maie
298 3832 334 3880 idi
349 3831 442 3879 Pauiio
457 3829 520 3895 (pro
536 3828 693 3894 Papiniano)
709 3831 813 3881 tributa.
874 3829 907 3898 n)
921 3833 981 3898 nep.
997 3834 1063 3895 aguis

118 3903 175 3950 Vat.
189 3903 229 3952 ed.
244 3901 337 3951 Iloiiw.

163 3989 266 4021 rvnrsrn.
280 3989 361 4019 eursu.
375 3990 427 4020 sun.
453 3990 490 4020 un.
510 3990 533 4021 v.
816 3976 850 4024 46
