2378 4386
113 1314 119 1431 Ξ
305 1354 346 1428 a.
373 1351 602 1426 vouveivs
628 1352 907 1427 aenomaus

110 1434 221 1611 dtenui,
241 1539 273 1589 ut
289 1537 411 1599 ridetur,
430 1535 539 1588 familia
555 1540 646 1597 natus,
664 1551 717 1589 nec
734 1534 810 1589 ultra
822 1538 980 1604 equestrem
993 1537 1022 1591 di
1062 1539 1085 1591 i·

110 1605 221 1679 rtutem
245 1605 519 1679 unquurnflevectus¹
542 1601 661 1679 insignis
679 1604 776 1680 tamen
791 1603 853 1681 'iam
874 1556 1084 1680 antoninogdlio

133 1672 290 1738 imperante
308 1669 364 1721 furt
380 1667 589 1722 iurisconsultus
607 1671 682 1722 et1n
700 1670 847 1722 consilium
869 1687 928 1724 erue
949 1673 1085 1741 principis

134 1738 293 1813 assumptus
310 1738 341 1789 et
352 1737 452 1805 dignus
461 1736 584 1812 habitura·
591 1736 684 1813 quiOM.
694 1737 847 1801 Aurelium,
858 1740 918 1814 tum
929 1740 1084 1815 Caesarem.

95 1803 1085 2197 1restituentibusteentettceitatatee

134 1940 191 1993 stus
204 1939 295 1992 factus
313 1938 400 1999 esset,
416 1935 592 1989 Maecianum
609 1936 644 1989 ab
664 1953 696 1990 eo
708 1937 894 1991 Alexandriae
912 1938 1084 2006 praefectum

134 2004 162 2058 in
179 2005 316 2059 seditione
335 2003 467 2057 cassiana
484 2007 520 2062 (a.
536 2006 595 2070 175)
613 2006 645 2058 ut
662 2006 813 2058 ‘conscium
827 2005 924 2060 Caseii’
943 2005 993 2071 (aio
1010 2006 1084 2061 enim

135 2073 269 2126 ‘c’ecium’
288 2087 339 2139 pro
358 2070 468 2123 ‘filiurn’
487 2070 517 2123 in
535 2070 594 2124 vita
606 2070 642 2124 Μ.
655 2071 747 2125 Aurel.
761 2089 782 2125 c.
796 2078 837 2126 25.
857 2072 970 2127 videtur
986 2073 1013 2126 le
1035 2089 1083 2127 en·

134 2138 210 2206 dum)
223 2138 363 2192 exercitus
380 2137 529 2192 interfecit.
564 2136 675 2199 Libros.
693 2155 763 2206 quos
782 2139 817 2192 de
834 2140 895 2193 iure
914 2139 990 2193 civili
1020 2141 1083 2208 ecit,

92 2202 104 2265 t
135 2204 359 2272 Iustinianusque
370 2205 398 2257 in
404 2203 554 2259 Pandectia
564 2203 699 2267 adhibuit,
710 2205 794 2260 index
803 2205 979 2261 Florentinua
989 2208 1084 2262 refert

135 2275 249 2327 Praeter
265 2272 315 2325 bos
333 2273 412 2324 extat
429 2272 489 2324 eius
507 2270 541 2324 de
559 2271 627 2326 assis
646 2272 842 2327 distributione
859 2273 980 2339 libellus,
999 2291 1083 2344 quem

135 2341 255 2394 testante
276 2339 463 2407 praefatione,
486 2337 522 2391 ad
545 2338 692 2392 Caesarem
715 2339 783 2407 (non
805 2340 842 2394 ad
865 2339 1028 2406 Censorem,
1051 2345 1085 2396 ut

135 2411 322 2462 Mommsenua
334 2406 441 2483 primus
451 2404 534 2470 vidit)
545 2421 579 2483 eo
587 2405 650 2474 ipso
662 2409 797 2525 tangore,
830 2423 866 2461 uo
877 2424 940 2462 eum
949 2409 992 2462 iua
1002 2409 1083 2463 doce·

134 2475 198 2541 bat,
217 2475 269 2527 hoa
288 2475 330 2527 est
347 2488 421 2526 circa
437 2489 462 2526 a.
478 2478 525 2527 146
542 2474 699 2527 instruenda
736 2474 843 2541 iacipu'
863 2491 947 2529 cauea
964 2477 1083 2529 conscri-

154 2544 197 2605 sit,
210 2541 289 2610 isque
301 2540 412 2615 integer
424 2539 504 2593 nobie
521 2544 648 2593 aervatus
666 2542 709 2593 eat
720 2540 827 2615 duobus
846 2541 987 2595 codicibus
999 2542 1085 2594 seculi

134 2559 247 2672 decimi,
265 2606 391 2660 Parisino
404 2608 457 2673 (P.)
471 2606 569 2671 altero,
588 2606 677 2660 attero
695 2605 830 2660 Vaticano
849 2610 910 2674 (v.).
940 2609 964 2658 A
983 2607 1084 2675 quibua

134 2675 246 2753 libellus
259 2673 350 2751 editus
367 2673 412 2737 sit,
431 2674 537 2750 optime
555 2673 645 2749 disces
662 2688 696 2724 ex
714 2674 889 2750 praefatione
907 2672 966 2749 eius
981 2672 1085 2748 editio-

134 2739 1086 2882 taciteattatei.teteneettttaitettt

135 2873 276 2928 Bonnensi
293 2874 381 2940 (1831)
400 2890 427 2941 p.
443 2878 498 2926 1⁷4.
540 2875 640 2926 Postea
663 2873 757 2926 tamen
775 2876 962 2925 Mommsenus
978 2888 1085 2940 primus

135 2941 295 2995 accuratam
319 2940 445 2993 codicum
467 2957 531 2993 maa.
559 2955 591 2992 co
612 2939 748 2993 nitionem
774 2939 898 3008 aperuit,
925 2954 960 2992 ex
987 2938 1085 3008 itaque,

134 3004 289 3078 praemissa
309 3005 445 3060 Maecieui
472 3007 545 3069 vita,
572 2956 698 3082 srdiiecta
722 3006 848 3060 lectionis
875 3007 933 3059 tam
958 3005 1084 3061 codicum

133 3072 1085 3210 tts„&titt{beatitatem“attiivietititt

134 3207 224 3273 Quam
241 3207 431 3261 recensionem
449 3223 499 3260 noa
517 3206 558 3259 ita
575 3207 661 3259 secuti
680 3223 783 3268 eumue,
802 3209 834 3260 ut
850 3210 968 3268 tantum,
989 3209 1037 3262 ubi
1049 3209 1084 3262 ab

134 3291 168 3329 ea
185 3273 387 3350 discedendum
399 3273 550 3338 videretur,
569 3273 596 3326 in
608 3273 681 3326 notis
692 3273 915 3343 admoneremus,
935 3275 1084 3330 rationem-

133 3358 189 3411 que
209 3341 388 3395 correctionis
406 3340 594 3397 redderemus.

201 3412 244 3463 De
261 3425 318 3461 una
336 3408 507 3462 correctione
519 3423 585 3461 vero
598 3407 654 3460 iam
670 3407 716 3461 bic
728 3407 878 3462 dicendum
890 3411 940 3466 est.
970 3410 1087 3477 Spectat

133 3491 169 3531 ea
185 3475 303 3529 titulum
320 3474 455 3551 opusculo
472 3474 502 3527 in
519 3473 598 3529 codd.
617 3478 647 3527 P.
661 3476 691 3528 at
702 3473 735 3527 V.
750 3478 779 3527 et
795 3476 828 3526 ut
845 3475 958 3529 credere
971 3491 1023 3543 par
1035 3476 1084 3539 eat,

133 3543 169 3597 ab
181 3544 244 3611 ipso
256 3545 400 3596 Maecreno
408 3542 599 3609 praemissum.
623 3540 710 3604 Quem
722 3541 836 3594 titulum
845 3541 1034 3596 Mommsenua
1045 3542 1086 3594 ita

132 3609 279 3664 formavit:
306 3612 405 3663 Volusii
422 3613 552 3663 Macriani
573 3611 717 3661 distributio
739 3614 796 3660 itera
817 3614 938 3662 uocabula
962 3627 994 3662 aa
1011 3619 1086 3660 actae

132 3679 610 3797 tt‘t‘ttdtattmatt}
625 3678 1087 3794 aefte’tattactaaa

132 3815 191 3864 bala
209 3830 241 3864 ac
260 3822 318 3863 note
333 3760 446 3886 {artium
463 3816 489 3861 in
506 3810 582 3860 rebus
599 3813 752 3870 pecuniariis
768 3813 883 3872 pondere
901 3822 1002 3859 numero
1019 3821 1086 3854 mea·

131 3896 202 3931 rara.
239 3878 278 3930 At
300 3892 374 3930 emm
397 3876 444 3929 hic
467 3873 558 3943 primo
581 3871 617 3926 ab
640 3873 824 3926 anterioribus
847 3871 1000 3924 editoribus
1021 3871 1087 3919 assis
