2378 4386
172 551 236 618 648
362 570 421 609 reos.
439 573 478 610 nu.
498 574 558 609 aori.
577 572 668 608 neurus
686 572 791 610 coum.
810 553 831 607 1.
850 559 927 608 2-6.

235 700 301 775 llap.
318 701 348 758 il.
371 701 495 759 Paulus
511 717 650 776 quoque
672 700 764 758 libro
787 703 908 775 quinto
929 704 1186 762 sententis-oso

173 800 243 842 rum
266 783 327 840 sub
352 784 459 841 titulo
482 785 518 841 ad
541 786 650 859 legero
666 784 857 841 Corneliam
873 785 912 841 de
933 787 1075 842 sicariis
1092 796 1126 844 et

173 867 343 925 ueuelicis
365 864 488 926 dicltz¹
524 867 548 927 1.
572 869 625 926 Lex
645 869 767 925 Cornelia
789 885 902 942 poenam
925 869 1124 943 deportationis

171 950 270 1024 infligit
285 952 324 1020 ei,
347 953 393 1026 qui
408 953 544 1010 homiuem
559 953 695 1014 occiderit.
717 947 834 1009 'eiusue²
853 954 892 1009 rei
907 969 996 1025 causa,
1019 953 1124 1012 furtiue

172 1034 285 1092 iacieudi
307 1051 368 1091 eum
390 1035 446 1093 telo
468 1036 558 1106 inerit,
583 1030 688 1111 'quiue³
712 1052 844 1092 uenenum
868 1037 983 1093 hominis
1007 1038 1123 1095 necandi

172 1135 250 1177 causa
272 1118 406 1191 habuerit,
429 1121 590 1193 uendideril,
612 1121 757 1195 pomoerii,
781 1119 913 1176 ialsumue
936 1121 1124 1178 testimonium

171 1202 283 1275 diserti,
305 1218 359 1277 quo
383 1205 443 1277 quis
465 1207 581 1278 periret,
604 1205 734 1259 mortisue
749 1220 853 1259 causam
876 1206 1051 1277 praestiterit.
1096 1201 1125 1266 2.

172 1285 243 1355 Quae
265 1289 354 1345 omnia
376 1287 493 1344 iaciuora
513 1291 543 1345 in
564 1288 734 1345 honestiores
763 1303 850 1360 poena
872 1289 964 1360 capitis
994 1287 1124 1345 uindicari

172 1370 287 1445 placuit;
310 1370 467 1429 humiliores
484 1388 550 1429 uero
567 1373 654 1427 autin
670 1386 777 1427 erucem
799 1370 943 1443 tolluntur,
968 1379 1014 1428 aut
1029 1371 1125 1429 bestiis

170 1448 359 1512 subiciuntur!

234 1537 298 1612 ilap.
321 1537 363 1595 lll.
401 1538 566 1614 Ulpianus
595 1539 685 1596 libro
706 1556 763 1597 v11.
814 1537 856 1595 de
886 1537 1011 1595 oiiieio
1043 1555 1124 1612 pro·

171 1622 328 1678 consulis
364 1621 424 1680 sub
463 1624 570 1680 titulo
607 1624 646 1678 de
682 1623 821 1680 sicariis
858 1631 893 1678 et
932 1622 1124 1678 oenelicis:

169 1700 193 1764 1.
210 1703 302 1777 Capite
313 1707 400 1778 primo
416 1706 484 1781 legis
499 1706 638 1763 Corneliae
654 1705 687 1761 de
702 1708 804 1762 sicariis
820 1714 941 1776 cauetur,
960 1713 991 1760 ut
1004 1707 1028 1760 is
1043 1723 1123 1780 prae-

171 1798 214 1844 tor
229 1788 345 1844 iudexue
361 1792 537 1864 quaestionis,
560 1791 603 1845 cui
617 1796 692 1845 sorte
713 1789 853 1845 obuenerit
869 1789 990 1862 quaestio
1006 1789 1039 1845 de
1054 1792 1124 1846 sica-

170 1873 216 1928 riis
232 1874 300 1944 eius,
323 1873 395 1947 quod
412 1876 438 1930 iu
454 1873 519 1931 urbe
534 1874 615 1930 Roma
631 1870 799 1947 propiuslue)
817 1873 888 1928 mille
910 1889 1005 1946 passus
1021 1873 1123 1930 iactum

170 1957 215 2026 sii,
233 1958 270 2012 uti
287 1966 400 2030 quaerat
414 1976 474 2015 cum
490 1956 633 2025 iudicibus,
649 1958 730 2030 quiei
742 1956 845 2029 exlege
861 1965 936 2013 sorte
948 1956 1121 2028 obueneriut,

169 2039 311 2114 decapite
334 2044 405 2111 eius,
434 2045 479 2116 qui
502 2057 561 2096 cum
583 2041 639 2096 telo
661 2038 839 2095 ambuleuerit
861 2041 975 2096 hominis
998 2041 1119 2109 necandi,

170 2123 269 2179 lurtiue
292 2123 403 2180 iaciendi
425 2142 514 2193 causa,
538 2124 709 2180 hominemne
725 2124 863 2196 occiderit,
886 2127 997 2181 cuiusue
1013 2123 1038 2179 id
1054 2122 1120 2179 dolo

170 2210 239 2266 maio
266 2208 365 2265 iactum
392 2210 445 2263 erit
472 2216 505 2263 et
533 2208 677 2280 reliqua.
721 2207 854 2265 Ilelatis
882 2207 999 2264 uerbis
1028 2205 1121 2280 legis

170 2291 267 2349 modo
302 2294 376 2364 ipse
413 2291 573 2363 loquitur
609 2292 786 2366 Ulpianus:
840 2287 869 2351 2.
900 2291 969 2347 llaec
996 2292 1037 2347 lex
1065 2307 1123 2347 non

169 2389 292 2445 omnem,
315 2374 441 2446 quicum
466 2375 520 2430 telo
542 2374 727 2446 ambulaueril,
751 2377 842 2449 punit:
865 2375 912 2430 sed
929 2391 989 2430 eum
1006 2383 1122 2446 inritum,

170 2461 215 2532 qui
231 2458 347 2514 huminis
363 2459 489 2527 necandi,
512 2459 612 2516 iuriiue
635 2459 747 2516 faciendi
769 2476 848 2516 causa
872 2458 953 2514 telum
970 2457 1120 2531 geisselrit,

168 2541 296 2601 ’coerceo
339 2537 506 2617 compescit⁵
528 2546 592 2601 item
608 2562 678 2615 eum,
702 2544 748 2617 qui
771 2544 904 2600 hominem
925 2535 1049 2613 οοοίιΙίῑ,8
1071 2559 1123 2598 uec

169 2619 291 2698 ’aliiicit,⁷
314 2629 390 2683 culus
405 2628 567 2684 conditionis
583 2630 727 2697 homiuem,
743 2635 773 2682 ut
788 2635 815 2683 ct
831 2626 863 2681 ad
876 2642 986 2682 seruum
1002 2636 1028 2681 et
1044 2642 1122 2699 pere·

169 2713 275 2784 gripum
290 2713 425 2784 pertinere
441 2712 507 2768 iraec
522 2713 564 2768 lor
580 2712 712 2768 uideatur.

231 2792 296 2869 ilap.
319 2795 360 2852 iV.
399 2794 480 2851 item
503 2795 629 2852 Paulus
651 2794 761 2866 libro,
790 2810 855 2867 quo
880 2811 998 2867 supra,
1023 2802 1056 2848 et
1079 2795 1122 2849 ti-

168 2877 243 2935 tulo
265 2879 365 2935 dicit:
387 2876 410 2936 1.
429 2879 566 2936 Homicida
577 2889 629 2952 est,
645 2881 690 2951 qui
703 2878 792 2952 aliquo
808 2895 907 2951 genere
924 2878 970 2933 teli
985 2877 1121 2933 homiuem

168 2962 278 3033 occidit,
294 2965 425 3020 mortisue
440 2979 546 3019 causam
562 2965 705 3036 praestitit.

231 3045 295 3120 llap.
311 3047 341 3103 V.
379 3047 459 3103 item
482 3046 520 3101 de
542 3044 746 3102 casualibus
769 3044 1121 3117 homicidiislloyses

167 3129 336 3201 legaliter
358 3123 477 3187 dicitz⁸
512 3126 536 3184 1.
552 3129 579 3184 Si
596 3138 684 3185 autem
699 3128 801 3200 subito,
824 3145 879 3184 uon
894 3145 942 3202 per
957 3129 1120 3197 inimicitias,

167 3214 296 3269 immiserit
317 3229 400 3285 super
422 3228 483 3267 eum
505 3211 613 3285 aliquod
636 3229 701 3283 uas,
729 3229 784 3269 nou
806 3208 974 3284 'insidiaus,⁹
1016 3207 1045 3272 2.
1076 3210 1120 3267 uel
1133 3227 1180 3274 [esu

240 3410 259 3478 ¹)
273 3413 345 3462 Ideru
357 3420 507 3475 excerptum
521 3418 647 3478 repetitur
661 3419 698 3465 tit.
714 3429 734 3468 u.
750 3433 771 3466 c.
787 3430 807 3467 t.
824 3439 857 3458 =
874 3418 947 3466 Paul.
964 3427 990 3477 5,
1006 3428 1039 3466 aa.
1060 3419 1082 3478 ἓ.
1099 3429 1119 3467 1.

166 3481 190 3549 ’)
205 3485 302 3547 eiusque
318 3482 379 3532 cdd.
394 3484 451 3533 edd.
517 3481 539 3550 8)
554 3492 577 3534 ei
595 3487 635 3550 qui
656 3486 717 3536 Cdd.
733 3488 791 3536 edd.
856 3486 877 3551 ⁴)
894 3487 969 3535 Paul.
990 3485 1043 3534 Vis.
1061 3486 1121 3534 sub·

165 3556 268 3605 iciuntor
284 3553 345 3604 edd.
360 3554 417 3603 edd.
483 3552 504 3620 ὅ)
519 3557 598 3605 coerci
613 3558 734 3620 compesci
747 3557 778 3606 B.
802 3558 897 3607 coherci
911 3557 1042 3618 compescit
1062 3555 1088 3604 V
1087 3558 1121 3610 i.,·

164 3640 211 3676 om.
222 3640 278 3674 cum
287 3638 338 3688 req.
354 3625 410 3674 item
425 3661 467 3675 ...
483 3627 571 3675 oceidit
590 3627 635 3675 Ve.
651 3629 781 3691 compescit
791 3626 894 3690 (omisso
905 3628 1009 3689 coercet)
1024 3625 1064 3674 ed.
1076 3624 1119 3674 BI.

166 3691 186 3759 ⁶)
200 3694 309 3744 Addunt
318 3693 472 3755 B.:coercit,
492 3697 549 3745 Vc:
559 3697 665 3758 coerciti,
682 3697 742 3746 Vc:
756 3712 876 3759 coercere,
892 3695 933 3745 Bi.
944 3696 998 3743 ed:
1012 3704 1118 3744 coercet.

168 3765 279 3815 Verbum
293 3769 357 3816 mole
367 3768 500 3829 repetitum
510 3768 621 3829 uidetur,
632 3775 766 3831 postquam
777 3769 908 3831 compescit
919 3767 1008 3829 priori
1017 3773 1118 3815 senien-

162 3838 215 3887 ir'ue
226 3853 276 3900 per
285 3853 400 3887 errorem
409 3838 559 3901 applicitum
569 3845 633 3886 erut.
674 3835 694 3901 ⁷)
704 3838 792 3886 adiecit
805 3837 867 3887 Cdd.
877 3837 934 3886 edd.
978 3833 1000 3900 ⁸)
1015 3835 1116 3884 Numer.

162 3918 197 3971 ti,
212 3918 307 3960 22-25.
359 3905 381 3974 ⁹)
395 3908 510 3957 iusidiont
524 3906 564 3966 B,
580 3907 646 3956 unde
658 3907 772 3970 sortasse
787 3910 835 3973 lep.
851 3907 999 3956 insidianter.
