2378 4386
309 1228 611 1380 PRAEFlTlOl
643 1234 675 1323 b

28 1554 111 1623 cun
133 1556 209 1619 ante
224 1553 284 1619 hoc
298 1554 464 1619 biennium
479 1557 511 1617 et
525 1553 609 1637 quod
624 1553 757 1634 excedit,
781 1575 801 1617 a
814 1554 924 1619 biblio·

10 1636 44 1703 la
64 1639 104 1703 dc
120 1638 207 1703 omni
224 1658 341 1722 genere
356 1638 513 1701 bonarum
528 1637 708 1701 litterarum
723 1638 925 1702 meritissimo

10 1742 106 1807 gater,
131 1722 222 1786 utin
247 1721 368 1785 edenda
390 1742 474 1785 nova
497 1720 700 1803 reliquiarum
722 1721 799 1784 iuris
822 1722 924 1787 civilis

12 1805 209 1871 tciuatiniani
222 1804 418 1887 collectione,
432 1825 512 1888 quae
525 1805 633 1868 usibus
650 1805 775 1887 quidem
789 1807 924 1871 maxima

10 1888 154 1955 adamicia
190 1888 443 1969 accommodata,
481 1889 535 1953 sed
569 1890 664 1952 etiam
697 1888 823 1952 dotibus
859 1891 925 1954 suis

10 1976 78 2039 atro
104 1976 248 2055 tempore
280 1993 347 2037 non
376 1972 508 2056 indigna
536 1977 632 2055 asset,
666 1972 797 2037 consilio
829 1976 925 2057 atque

10 2077 67 2123 ara
88 2076 161 2121 mea
183 2077 255 2120 eum
277 2055 468 2138 adiuvarem,
491 2056 634 2120 intellexi
657 2057 817 2139 quidemo
841 2079 877 2122 us
893 2061 925 2122 et

10 2139 198 2205 formatione
221 2144 254 2203 et
275 2140 471 2224 perfectione
494 2140 627 2204 arduum
643 2162 662 2204 a
676 2162 726 2204 me
741 2080 923 2208 desiltrari.

10 2224 123 2309 ›gitans
145 2227 252 2287 tamen
275 2245 424 2308 magnam
447 2224 493 2287 rei
515 2224 686 2287 utilitatem
703 2229 735 2288 et
749 2224 925 2288 studiorum

10 2328 108 2373 lorum
131 2328 197 2371 non
220 2308 355 2371 alienam
377 2330 396 2370 a
417 2307 475 2371 tali
498 2328 592 2390 opere
614 2308 788 2387 rationem,
817 2308 924 2371 deesse

10 2390 132 2457 sideriis
154 2391 369 2455 honestissimi
394 2391 452 2455 viri
475 2392 563 2456 uolui
579 2394 611 2455 et
625 2391 721 2456 alacri
738 2392 842 2455 studio
857 2412 924 2455 rem

10 2496 138 2561 gressus
161 2496 239 2542 sum.
284 2474 351 2537 lam
374 2474 530 2538 adfinem
552 2474 703 2556 perducto
725 2495 819 2558 opere
834 2475 924 2540 video

11 2580 29 2624 c
51 2559 122 2623 loco
145 2559 323 2640 exspectari
346 2579 365 2621 a
387 2578 448 2639 me,
471 2561 515 2639 ut,
538 2558 620 2639 quod
638 2559 672 2620 in
688 2579 724 2622 eo
740 2558 924 2623 adornando

10 2642 136 2708 nailium
159 2645 284 2705 secutus
308 2641 377 2723 sim,
401 2660 567 2723 exponam.

29 2724 120 2801 Quae
152 2725 308 2808 expositio
340 2726 374 2789 in
404 2729 468 2788 tres
497 2726 604 2807 partes
633 2723 796 2788 commode
824 2723 925 2806 dispe·

10 2814 82 2875 etur.
127 2807 269 2872 Primum
298 2809 382 2872 enim
409 2809 585 2892 quaeritur,
615 2827 696 2889 quae
724 2807 925 2889 antiquitatis

10 2895 174 2959 ›numenta
195 2892 256 2956 hac
280 2892 465 2957 collectione
480 2892 665 2974 receperim,
689 2890 803 2955 deinde
819 2912 924 2975 quem·

10 2977 138 3042 modum
161 2996 198 3040 ea
222 2977 466 3059 composuerim,
495 2980 657 3057 postremo
683 2975 839 3059 quomodo
861 2977 924 3040 sin·

12 3061 46 3125 la
68 3059 283 3125 instruxerim.

28 3143 81 3209 Ad
132 3145 244 3208 rimam
273 3144 489 3226 quaestionem
517 3143 599 3226 quod
628 3143 760 3224 attinet,
793 3163 864 3207 cum
893 3146 926 3207 et

10 3165 159 3311 >liopollae
188 3231 220 3290 et
248 3248 318 3291 meo
347 3226 480 3291 consilio
511 3228 620 3290 adius
644 3227 735 3291 cixila
759 3227 924 3290 anteiusti·

10 3333 100 3377 anum
122 3331 159 3376 eo
182 3331 278 3375 sensu
293 3310 414 3406 sylloge
428 3314 538 3375 nostra
554 3314 720 3393 spectarat,
744 3330 806 3393 quo
822 3310 923 3375 solum

10 3418 14 3459 ι
36 3395 242 3481 pmdentium
265 3398 456 3459 auctoritate
486 3397 693 3459 constitutum
715 3395 925 3478 intellegitur,

10 3479 210 3574 ratitutiones
244 3479 425 3575 principum
462 3478 503 3541 ab
526 3499 578 3574 ,θαι
600 3476 740 3574 ‘procul'
757 3478 925 3573 habentiae
