<?xml version="1.0" encoding="UTF-8"?>
<!DOCTYPE html PUBLIC "-//W3C//DTD XHTML 1.0 Transitional//EN"
    "http://www.w3.org/TR/xhtml1/DTD/xhtml1-transitional.dtd">
<html xmlns="http://www.w3.org/1999/xhtml" xml:lang="en" lang="en">
 <head>
  <title>
</title>
<meta http-equiv="Content-Type" content="text/html;charset=utf-8" />
  <meta name='ocr-system' content='tesseract 3.04.00' />
  <meta name='ocr-capabilities' content='ocr_page ocr_carea ocr_par ocr_line ocrx_word'/>
</head>
<body>
  <div class='ocr_page' id='page_1' title='image "./iurisprvdentiae00huscgoog_0555.png"; bbox 0 0 2378 4386; ppageno 0'>
   <div class='ocr_carea' id='block_1_1' title="bbox 63 39 1185 278">
    <p class='ocr_par' dir='ltr' id='par_1_1' title="bbox 63 39 1185 278">
     <span class='ocr_line' id='line_1_1' title="bbox 63 39 1185 278; baseline -0.029 2"><span class='ocrx_word' id='word_1_1' title='bbox 63 39 1185 278; x_wconf 60' lang='lat' dir='ltr'>m</span> 
     </span>
     <span class='ocr_line' id='line_1_2' title="bbox 396 134 544 157; baseline 0 -10"><span class='ocrx_word' id='word_1_2' title='bbox 396 134 423 147; x_wconf 67' lang='lat' dir='ltr'><strong>r-</strong></span> <span class='ocrx_word' id='word_1_3' title='bbox 467 140 482 147; x_wconf 87' lang='lat'><strong>..</strong></span> <span class='ocrx_word' id='word_1_4' title='bbox 493 142 510 147; x_wconf 91' lang='lat'><strong>..</strong></span> <span class='ocrx_word' id='word_1_5' title='bbox 523 146 544 157; x_wconf 57' lang='lat'><strong>„-</strong></span> 
     </span>
    </p>
   </div>
   <div class='ocr_carea' id='block_1_2' title="bbox 165 491 839 559">
    <p class='ocr_par' dir='ltr' id='par_1_2' title="bbox 165 491 839 559">
     <span class='ocr_line' id='line_1_3' title="bbox 165 491 839 559; baseline -0.025 0"><span class='ocrx_word' id='word_1_6' title='bbox 165 493 229 559; x_wconf 73' lang='lat'><strong>520</strong></span> <span class='ocrx_word' id='word_1_7' title='bbox 445 511 511 547; x_wconf 76' lang='lat' dir='ltr'><strong>avua</strong></span> <span class='ocrx_word' id='word_1_8' title='bbox 528 509 624 547; x_wconf 72' lang='lat' dir='ltr'><strong>rann</strong></span> <span class='ocrx_word' id='word_1_9' title='bbox 642 509 712 547; x_wconf 81' lang='lat' dir='ltr'><strong>asna.</strong></span> <span class='ocrx_word' id='word_1_10' title='bbox 731 491 778 544; x_wconf 87' lang='lat' dir='ltr'><strong>tv.</strong></span> <span class='ocrx_word' id='word_1_11' title='bbox 798 495 839 544; x_wconf 88' lang='lat'><strong>10.</strong></span> 
     </span>
    </p>
   </div>
   <div class='ocr_carea' id='block_1_3' title="bbox 167 637 1123 1130">
    <p class='ocr_par' dir='ltr' id='par_1_3' title="bbox 167 637 1123 1130">
     <span class='ocr_line' id='line_1_4' title="bbox 167 637 1122 712; baseline -0.002 -15"><span class='ocrx_word' id='word_1_12' title='bbox 167 640 197 700; x_wconf 82' lang='lat'><strong>8.</strong></span> <span class='ocrx_word' id='word_1_13' title='bbox 221 640 311 697; x_wconf 83' lang='lat' dir='ltr'><strong>battua</strong></span> <span class='ocrx_word' id='word_1_14' title='bbox 327 641 460 712; x_wconf 77' lang='lat' dir='ltr'><strong>ingenua,</strong></span> <span class='ocrx_word' id='word_1_15' title='bbox 475 640 517 695; x_wconf 88' lang='lat' dir='ltr'><strong>ius</strong></span> <span class='ocrx_word' id='word_1_16' title='bbox 533 637 674 706; x_wconf 79' lang='lat' dir='ltr'><strong>Quiritium</strong></span> <span class='ocrx_word' id='word_1_17' title='bbox 689 646 835 694; x_wconf 79' lang='lat' dir='ltr'><strong>musecuta</strong></span> <span class='ocrx_word' id='word_1_18' title='bbox 849 638 873 693; x_wconf 89' lang='lat' dir='ltr'><strong>si</strong></span> <span class='ocrx_word' id='word_1_19' title='bbox 894 644 936 694; x_wconf 89' lang='lat' dir='ltr'><strong>ter</strong></span> <span class='ocrx_word' id='word_1_20' title='bbox 949 639 1071 712; x_wconf 85' lang='lat' dir='ltr'><strong>peperit,</strong></span> <span class='ocrx_word' id='word_1_21' title='bbox 1087 638 1122 695; x_wconf 87' lang='lat' dir='ltr'><strong>ad</strong></span> 
     </span>
     <span class='ocr_line' id='line_1_5' title="bbox 167 721 1122 797; baseline -0.004 -16"><span class='ocrx_word' id='word_1_22' title='bbox 167 726 311 797; x_wconf 74' lang='lat' dir='ltr'>legitimam</span> <span class='ocrx_word' id='word_1_23' title='bbox 331 721 377 777; x_wconf 89' lang='lat' dir='ltr'><strong>liiii</strong></span> <span class='ocrx_word' id='word_1_24' title='bbox 400 721 572 779; x_wconf 78' lang='lat' dir='ltr'>hereditatem</span> <span class='ocrx_word' id='word_1_25' title='bbox 592 721 757 778; x_wconf 70' lang='lat' dir='ltr'><strong>admittitur:</strong></span> <span class='ocrx_word' id='word_1_26' title='bbox 783 737 837 777; x_wconf 89' lang='lat' dir='ltr'><strong>uon</strong></span> <span class='ocrx_word' id='word_1_27' title='bbox 864 729 907 777; x_wconf 88' lang='lat' dir='ltr'><strong>est</strong></span> <span class='ocrx_word' id='word_1_28' title='bbox 933 722 1002 776; x_wconf 90' lang='lat' dir='ltr'><strong>euim</strong></span> <span class='ocrx_word' id='word_1_29' title='bbox 1028 736 1122 777; x_wconf 84' lang='lat' dir='ltr'><strong>mauu·</strong></span> 
     </span>
     <span class='ocr_line' id='line_1_6' title="bbox 167 800 1122 878; baseline -0.003 -15"><span class='ocrx_word' id='word_1_30' title='bbox 167 800 271 863; x_wconf 87' lang='lat' dir='ltr'><strong>missa.¹</strong></span> <span class='ocrx_word' id='word_1_31' title='bbox 315 802 344 861; x_wconf 83' lang='grc'><strong>9.</strong></span> <span class='ocrx_word' id='word_1_32' title='bbox 368 805 409 861; x_wconf 86' lang='lat' dir='ltr'><strong>lus</strong></span> <span class='ocrx_word' id='word_1_33' title='bbox 431 805 577 862; x_wconf 86' lang='lat' dir='ltr'><strong>liberorum</strong></span> <span class='ocrx_word' id='word_1_34' title='bbox 599 814 685 861; x_wconf 87' lang='lat' dir='ltr'><strong>mater</strong></span> <span class='ocrx_word' id='word_1_35' title='bbox 706 804 798 868; x_wconf 88' lang='lat' dir='ltr'><strong>habet,</strong></span> <span class='ocrx_word' id='word_1_36' title='bbox 821 820 888 878; x_wconf 89' lang='lat' dir='ltr'><strong>quae</strong></span> <span class='ocrx_word' id='word_1_37' title='bbox 912 813 966 861; x_wconf 85' lang='lat' dir='ltr'><strong>tres</strong></span> <span class='ocrx_word' id='word_1_38' title='bbox 989 802 1059 861; x_wconf 82' lang='lat' dir='ltr'><strong>filios</strong></span> <span class='ocrx_word' id='word_1_39' title='bbox 1074 815 1122 862; x_wconf 90' lang='lat' dir='ltr'><strong>aut</strong></span> 
     </span>
     <span class='ocr_line' id='line_1_7' title="bbox 168 887 1120 963; baseline -0.004 -16"><span class='ocrx_word' id='word_1_40' title='bbox 168 889 257 960; x_wconf 88' lang='lat' dir='ltr'><strong>habet,</strong></span> <span class='ocrx_word' id='word_1_41' title='bbox 273 897 318 944; x_wconf 86' lang='lat' dir='ltr'><strong>aut</strong></span> <span class='ocrx_word' id='word_1_42' title='bbox 333 887 437 957; x_wconf 90' lang='lat' dir='ltr'><strong>habuit,</strong></span> <span class='ocrx_word' id='word_1_43' title='bbox 453 898 498 944; x_wconf 90' lang='lat' dir='ltr'><strong>aut</strong></span> <span class='ocrx_word' id='word_1_44' title='bbox 513 905 601 963; x_wconf 88' lang='lat' dir='ltr'><strong>neque</strong></span> <span class='ocrx_word' id='word_1_45' title='bbox 617 887 697 944; x_wconf 86' lang='lat' dir='ltr'><strong>habet</strong></span> <span class='ocrx_word' id='word_1_46' title='bbox 713 904 800 960; x_wconf 84' lang='lat' dir='ltr'><strong>aeque</strong></span> <span class='ocrx_word' id='word_1_47' title='bbox 816 888 919 945; x_wconf 89' lang='lat' dir='ltr'><strong>habult.</strong></span> <span class='ocrx_word' id='word_1_48' title='bbox 964 887 1059 959; x_wconf 82' lang='lat' dir='ltr'><strong>habet,</strong></span> <span class='ocrx_word' id='word_1_49' title='bbox 1076 904 1120 945; x_wconf 85' lang='lat' dir='ltr'><strong>eui</strong></span> 
     </span>
     <span class='ocr_line' id='line_1_8' title="bbox 167 970 1123 1047; baseline -0.001 -18"><span class='ocrx_word' id='word_1_50' title='bbox 167 980 327 1047; x_wconf 82' lang='lat' dir='ltr'><strong>supersuut3</strong></span> <span class='ocrx_word' id='word_1_51' title='bbox 351 970 457 1043; x_wconf 79' lang='lat' dir='ltr'>habuit,</span> <span class='ocrx_word' id='word_1_52' title='bbox 481 988 549 1045; x_wconf 83' lang='lat' dir='ltr'><strong>quae</strong></span> <span class='ocrx_word' id='word_1_53' title='bbox 570 973 673 1034; x_wconf 89' lang='lat' dir='ltr'><strong>amisit;</strong></span> <span class='ocrx_word' id='word_1_54' title='bbox 700 987 788 1044; x_wconf 88' lang='lat' dir='ltr'><strong>neque</strong></span> <span class='ocrx_word' id='word_1_55' title='bbox 810 971 888 1028; x_wconf 87' lang='lat' dir='ltr'><strong>habet</strong></span> <span class='ocrx_word' id='word_1_56' title='bbox 909 988 998 1045; x_wconf 89' lang='lat' dir='ltr'><strong>neque</strong></span> <span class='ocrx_word' id='word_1_57' title='bbox 1018 970 1123 1042; x_wconf 83' lang='lat' dir='ltr'><strong>imbuit,</strong></span> 
     </span>
     <span class='ocr_line' id='line_1_9' title="bbox 168 1049 988 1130; baseline -0.005 -16"><span class='ocrx_word' id='word_1_58' title='bbox 168 1073 237 1130; x_wconf 89' lang='lat' dir='ltr'><strong>quae</strong></span> <span class='ocrx_word' id='word_1_59' title='bbox 252 1053 381 1112; x_wconf 80' lang='lat' dir='ltr'><strong>beneflcio</strong></span> <span class='ocrx_word' id='word_1_60' title='bbox 397 1056 525 1130; x_wconf 84' lang='lat' dir='ltr'><strong>principis</strong></span> <span class='ocrx_word' id='word_1_61' title='bbox 540 1057 582 1111; x_wconf 85' lang='lat' dir='ltr'><strong>ius</strong></span> <span class='ocrx_word' id='word_1_62' title='bbox 598 1055 745 1111; x_wconf 85' lang='lat' dir='ltr'><strong>liberorum</strong></span> <span class='ocrx_word' id='word_1_63' title='bbox 761 1064 905 1112; x_wconf 84' lang='lat' dir='ltr'><strong>consecuta</strong></span> <span class='ocrx_word' id='word_1_64' title='bbox 922 1049 988 1110; x_wconf 85' lang='lat' dir='ltr'><strong>est.²</strong></span> 
     </span>
    </p>
   </div>
   <div class='ocr_carea' id='block_1_4' title="bbox 257 1186 1027 1251">
    <p class='ocr_par' dir='ltr' id='par_1_4' title="bbox 257 1186 1027 1251">
     <span class='ocr_line' id='line_1_10' title="bbox 257 1186 1027 1251; baseline -0.005 0"><span class='ocrx_word' id='word_1_65' title='bbox 257 1186 338 1250; x_wconf 67' lang='lat' dir='ltr'><strong>*m</strong></span> <span class='ocrx_word' id='word_1_66' title='bbox 352 1206 383 1251; x_wconf 76' lang='lat'><strong>1.</strong></span> <span class='ocrx_word' id='word_1_67' title='bbox 409 1208 452 1250; x_wconf 75' lang='lat' dir='ltr'><strong>Ab</strong></span> <span class='ocrx_word' id='word_1_68' title='bbox 466 1205 602 1250; x_wconf 66' lang='lat' dir='ltr'><strong>suanm</strong></span> <span class='ocrx_word' id='word_1_69' title='bbox 615 1205 795 1248; x_wconf 70' lang='lat' dir='ltr'><em>CONSVLTVM</em></span> <span class='ocrx_word' id='word_1_70' title='bbox 805 1205 1027 1249; x_wconf 66' lang='lat' dir='ltr'><strong>aerumnam</strong></span> 
     </span>
    </p>
   </div>
   <div class='ocr_carea' id='block_1_5' title="bbox 167 1285 1122 1600">
    <p class='ocr_par' dir='ltr' id='par_1_5' title="bbox 167 1285 1122 1600">
     <span class='ocr_line' id='line_1_11' title="bbox 230 1285 1122 1364; baseline -0.003 -14"><span class='ocrx_word' id='word_1_71' title='bbox 230 1290 255 1350; x_wconf 88' lang='lat' dir='ltr'><strong>l.</strong></span> <span class='ocrx_word' id='word_1_72' title='bbox 278 1285 356 1350; x_wconf 68' lang='lat' dir='ltr'><strong>illiti</strong></span> <span class='ocrx_word' id='word_1_73' title='bbox 372 1289 457 1364; x_wconf 81' lang='lat' dir='ltr'><strong>uulgo</strong></span> <span class='ocrx_word' id='word_1_74' title='bbox 478 1292 592 1364; x_wconf 74' lang='lat' dir='ltr'><strong>quaesiti</strong></span> <span class='ocrx_word' id='word_1_75' title='bbox 613 1289 646 1346; x_wconf 88' lang='lat' dir='ltr'><strong>ad</strong></span> <span class='ocrx_word' id='word_1_76' title='bbox 666 1290 811 1363; x_wconf 76' lang='lat' dir='ltr'><strong>legitimam</strong></span> <span class='ocrx_word' id='word_1_77' title='bbox 832 1291 924 1346; x_wconf 83' lang='lat' dir='ltr'><strong>matris</strong></span> <span class='ocrx_word' id='word_1_78' title='bbox 944 1289 1122 1348; x_wconf 83' lang='lat' dir='ltr'><strong>hereditatem</strong></span> 
     </span>
     <span class='ocr_line' id='line_1_12' title="bbox 168 1373 1121 1452; baseline -0.004 -19"><span class='ocrx_word' id='word_1_79' title='bbox 168 1377 286 1452; x_wconf 87' lang='lat' dir='ltr'><strong>aspirare</strong></span> <span class='ocrx_word' id='word_1_80' title='bbox 301 1391 355 1432; x_wconf 89' lang='lat' dir='ltr'><strong>aon</strong></span> <span class='ocrx_word' id='word_1_81' title='bbox 371 1375 563 1449; x_wconf 86' lang='lat' dir='ltr'><strong>prohibentur;</strong></span> <span class='ocrx_word' id='word_1_82' title='bbox 579 1376 640 1446; x_wconf 81' lang='lat' dir='ltr'><strong>quia</strong></span> <span class='ocrx_word' id='word_1_83' title='bbox 656 1376 794 1447; x_wconf 71' lang='lat' dir='ltr'><strong>paliure,</strong></span> <span class='ocrx_word' id='word_1_84' title='bbox 808 1376 968 1446; x_wconf 87' lang='lat' dir='ltr'><strong>utipsorum</strong></span> <span class='ocrx_word' id='word_1_85' title='bbox 981 1373 1121 1445; x_wconf 88' lang='lat' dir='ltr'><strong>matribus,</strong></span> 
     </span>
     <span class='ocr_line' id='line_1_13' title="bbox 167 1450 1121 1534; baseline -0.004 -17"><span class='ocrx_word' id='word_1_86' title='bbox 167 1463 203 1517; x_wconf 88' lang='lat' dir='ltr'><strong>ita</strong></span> <span class='ocrx_word' id='word_1_87' title='bbox 219 1462 285 1534; x_wconf 85' lang='lat' dir='ltr'><strong>ipsis</strong></span> <span class='ocrx_word' id='word_1_88' title='bbox 301 1467 414 1514; x_wconf 86' lang='lat' dir='ltr'><strong>matrum</strong></span> <span class='ocrx_word' id='word_1_89' title='bbox 431 1457 593 1515; x_wconf 76' lang='lat' dir='ltr'><strong>hereditates</strong></span> <span class='ocrx_word' id='word_1_90' title='bbox 608 1457 707 1514; x_wconf 84' lang='lat' dir='ltr'><strong>deterri</strong></span> <span class='ocrx_word' id='word_1_91' title='bbox 723 1456 884 1513; x_wconf 88' lang='lat' dir='ltr'><strong>debuerunt.</strong></span> <span class='ocrx_word' id='word_1_92' title='bbox 918 1453 946 1513; x_wconf 77' lang='lat'><strong>2.</strong></span> <span class='ocrx_word' id='word_1_93' title='bbox 963 1450 1022 1511; x_wconf 66' lang='grc' dir='ltr'><strong>*Λᾶ</strong></span> <span class='ocrx_word' id='word_1_94' title='bbox 1038 1455 1121 1513; x_wconf 82' lang='lat' dir='ltr'><strong>tiliam</strong></span> 
     </span>
     <span class='ocr_line' id='line_1_14' title="bbox 167 1535 1120 1600; baseline -0.004 0"><span class='ocrx_word' id='word_1_95' title='bbox 167 1543 287 1600; x_wconf 85' lang='lat' dir='ltr'><strong>ancillam</strong></span> <span class='ocrx_word' id='word_1_96' title='bbox 303 1542 357 1598; x_wconf 85' lang='lat' dir='ltr'><strong>’uel</strong></span> <span class='ocrx_word' id='word_1_97' title='bbox 372 1535 512 1598; x_wconf 78' lang='lat' dir='ltr'><strong>libertam⁶</strong></span> <span class='ocrx_word' id='word_1_98' title='bbox 528 1557 560 1598; x_wconf 84' lang='lat' dir='ltr'><strong>ea</strong></span> <span class='ocrx_word' id='word_1_99' title='bbox 574 1550 685 1598; x_wconf 88' lang='lat' dir='ltr'><strong>senatus</strong></span> <span class='ocrx_word' id='word_1_100' title='bbox 700 1540 827 1598; x_wconf 84' lang='lat' dir='ltr'><strong>consulto</strong></span> <span class='ocrx_word' id='word_1_101' title='bbox 839 1540 984 1596; x_wconf 84' lang='lat' dir='ltr'><strong>Claudiano</strong></span> <span class='ocrx_word' id='word_1_102' title='bbox 1000 1540 1120 1598; x_wconf 82' lang='lat' dir='ltr'><strong>elisatam</strong></span> 
     </span>
    </p>
   </div>
   <div class='ocr_carea' id='block_1_6' title="bbox 164 1725 1122 3895">
    <p class='ocr_par' dir='ltr' id='par_1_6' title="bbox 164 1725 1122 3037">
     <span class='ocr_line' id='line_1_15' title="bbox 167 1725 1122 1791; baseline -0.002 -14"><span class='ocrx_word' id='word_1_103' title='bbox 167 1728 289 1791; x_wconf 84' lang='lat' dir='ltr'><strong>supplevi.</strong></span> <span class='ocrx_word' id='word_1_104' title='bbox 319 1725 442 1776; x_wconf 80' lang='lat' dir='ltr'><strong>Editores</strong></span> <span class='ocrx_word' id='word_1_105' title='bbox 458 1727 590 1775; x_wconf 84' lang='lat' dir='ltr'><strong>Guiaciunr</strong></span> <span class='ocrx_word' id='word_1_106' title='bbox 607 1727 690 1775; x_wconf 87' lang='lat' dir='ltr'><strong>secuti</strong></span> <span class='ocrx_word' id='word_1_107' title='bbox 707 1728 773 1775; x_wconf 83' lang='lat' dir='ltr'><strong>nnale</strong></span> <span class='ocrx_word' id='word_1_108' title='bbox 790 1731 982 1788; x_wconf 77' lang='lat' dir='ltr'><strong>expunxerunt.</strong></span> <span class='ocrx_word' id='word_1_109' title='bbox 1011 1725 1122 1775; x_wconf 89' lang='lat' dir='ltr'><strong>Paullus</strong></span> 
     </span>
     <span class='ocr_line' id='line_1_16' title="bbox 167 1795 1121 1860; baseline -0.002 -13"><span class='ocrx_word' id='word_1_110' title='bbox 167 1798 216 1849; x_wconf 85' lang='lat' dir='ltr'><strong>boc</strong></span> <span class='ocrx_word' id='word_1_111' title='bbox 229 1798 307 1855; x_wconf 87' lang='lat' dir='ltr'><strong>dicit,</strong></span> <span class='ocrx_word' id='word_1_112' title='bbox 327 1813 362 1846; x_wconf 79' lang='lat' dir='ltr'><strong>ex</strong></span> <span class='ocrx_word' id='word_1_113' title='bbox 375 1796 423 1848; x_wconf 82' lang='lat' dir='ltr'><strong>SC.</strong></span> <span class='ocrx_word' id='word_1_114' title='bbox 442 1795 600 1845; x_wconf 82' lang='lat' dir='ltr'><strong>Tertulliano</strong></span> <span class='ocrx_word' id='word_1_115' title='bbox 619 1797 692 1844; x_wconf 88' lang='lat' dir='ltr'><strong>utin</strong></span> <span class='ocrx_word' id='word_1_116' title='bbox 712 1796 809 1845; x_wconf 86' lang='lat' dir='ltr'><strong>Latina</strong></span> <span class='ocrx_word' id='word_1_117' title='bbox 828 1798 940 1860; x_wconf 80' lang='lat' dir='ltr'><strong>inpenua</strong></span> <span class='ocrx_word' id='word_1_118' title='bbox 959 1803 999 1844; x_wconf 87' lang='lat' dir='ltr'><strong>ter</strong></span> <span class='ocrx_word' id='word_1_119' title='bbox 1016 1798 1121 1845; x_wconf 75' lang='lat' dir='ltr'><strong>enixam</strong></span> 
     </span>
     <span class='ocr_line' id='line_1_17' title="bbox 167 1865 1121 1930; baseline -0.004 -12"><span class='ocrx_word' id='word_1_120' title='bbox 167 1883 235 1926; x_wconf 89' lang='lat' dir='ltr'><strong>esse,</strong></span> <span class='ocrx_word' id='word_1_121' title='bbox 255 1869 304 1917; x_wconf 90' lang='lat' dir='ltr'><strong>etsi</strong></span> <span class='ocrx_word' id='word_1_122' title='bbox 322 1867 398 1916; x_wconf 87' lang='lat' dir='ltr'><strong>liberi</strong></span> <span class='ocrx_word' id='word_1_123' title='bbox 415 1868 566 1930; x_wconf 71' lang='lat' dir='ltr'><strong>superstites</strong></span> <span class='ocrx_word' id='word_1_124' title='bbox 584 1880 634 1915; x_wconf 88' lang='lat' dir='ltr'><strong>nou</strong></span> <span class='ocrx_word' id='word_1_125' title='bbox 652 1867 717 1929; x_wconf 81' lang='lat' dir='ltr'><strong>siat,</strong></span> <span class='ocrx_word' id='word_1_126' title='bbox 736 1869 773 1916; x_wconf 88' lang='lat' dir='ltr'><strong>ita</strong></span> <span class='ocrx_word' id='word_1_127' title='bbox 791 1873 816 1916; x_wconf 86' lang='lat' dir='ltr'><strong>et</strong></span> <span class='ocrx_word' id='word_1_128' title='bbox 834 1868 860 1915; x_wconf 92' lang='lat' dir='ltr'><strong>in</strong></span> <span class='ocrx_word' id='word_1_129' title='bbox 880 1865 1015 1924; x_wconf 85' lang='lat' dir='ltr'><strong>libertina,</strong></span> <span class='ocrx_word' id='word_1_130' title='bbox 1029 1873 1121 1930; x_wconf 79' lang='lat' dir='ltr'><strong>quater</strong></span> 
     </span>
     <span class='ocr_line' id='line_1_18' title="bbox 164 1935 1121 2002; baseline 0 -16"><span class='ocrx_word' id='word_1_131' title='bbox 164 1941 297 2002; x_wconf 75' lang='lat' dir='ltr'><strong>peperisse</strong></span> <span class='ocrx_word' id='word_1_132' title='bbox 316 1938 444 2000; x_wconf 74' lang='lat' dir='ltr'><strong>sufficere.</strong></span> <span class='ocrx_word' id='word_1_133' title='bbox 480 1935 544 1985; x_wconf 82' lang='lat' dir='ltr'><strong>liunt</strong></span> <span class='ocrx_word' id='word_1_134' title='bbox 563 1936 645 1999; x_wconf 84' lang='lat' dir='ltr'><strong>ipitur</strong></span> <span class='ocrx_word' id='word_1_135' title='bbox 663 1935 761 1985; x_wconf 83' lang='lat' dir='ltr'><strong>Latina</strong></span> <span class='ocrx_word' id='word_1_136' title='bbox 780 1951 878 2001; x_wconf 83' lang='lat' dir='ltr'><strong>quoque</strong></span> <span class='ocrx_word' id='word_1_137' title='bbox 893 1936 949 1998; x_wconf 87' lang='lat' dir='ltr'><strong>filio</strong></span> <span class='ocrx_word' id='word_1_138' title='bbox 968 1936 1064 1987; x_wconf 84' lang='lat' dir='ltr'><strong>Latino</strong></span> <span class='ocrx_word' id='word_1_139' title='bbox 1086 1951 1121 1986; x_wconf 71' lang='lat' dir='ltr'><strong>esc</strong></span> 
     </span>
     <span class='ocr_line' id='line_1_19' title="bbox 168 2005 1121 2071; baseline -0.005 -13"><span class='ocrx_word' id='word_1_140' title='bbox 168 2007 214 2058; x_wconf 81' lang='lat' dir='ltr'><strong>SC.</strong></span> <span class='ocrx_word' id='word_1_141' title='bbox 230 2008 304 2058; x_wconf 82' lang='lat' dir='ltr'><strong>beree</strong></span> <span class='ocrx_word' id='word_1_142' title='bbox 314 2006 409 2069; x_wconf 82' lang='lat' dir='ltr'><strong>fiebat?</strong></span> <span class='ocrx_word' id='word_1_143' title='bbox 439 2005 509 2065; x_wconf 87' lang='lat' dir='ltr'><strong>Non,</strong></span> <span class='ocrx_word' id='word_1_144' title='bbox 524 2021 666 2069; x_wconf 82' lang='lat' dir='ltr'><strong>quanquam</strong></span> <span class='ocrx_word' id='word_1_145' title='bbox 681 2009 736 2071; x_wconf 79' lang='lat' dir='ltr'><strong>lepe</strong></span> <span class='ocrx_word' id='word_1_146' title='bbox 750 2006 841 2067; x_wconf 83' lang='lat' dir='ltr'><strong>Iunia,</strong></span> <span class='ocrx_word' id='word_1_147' title='bbox 860 2022 924 2070; x_wconf 87' lang='lat' dir='ltr'><strong>quae</strong></span> <span class='ocrx_word' id='word_1_148' title='bbox 939 2007 974 2055; x_wconf 88' lang='lat' dir='ltr'><strong>od</strong></span> <span class='ocrx_word' id='word_1_149' title='bbox 987 2013 1121 2055; x_wconf 87' lang='lat' dir='ltr'><strong>testamen·</strong></span> 
     </span>
     <span class='ocr_line' id='line_1_20' title="bbox 168 2074 1120 2139; baseline -0.003 -12"><span class='ocrx_word' id='word_1_150' title='bbox 168 2081 263 2128; x_wconf 86' lang='lat' dir='ltr'><strong>tarium</strong></span> <span class='ocrx_word' id='word_1_151' title='bbox 276 2078 460 2126; x_wconf 84' lang='lat' dir='ltr'><strong>successionem</strong></span> <span class='ocrx_word' id='word_1_152' title='bbox 471 2074 625 2138; x_wconf 84' lang='lat' dir='ltr'><strong>pertinebat,</strong></span> <span class='ocrx_word' id='word_1_153' title='bbox 637 2091 686 2127; x_wconf 90' lang='lat' dir='ltr'><strong>non</strong></span> <span class='ocrx_word' id='word_1_154' title='bbox 698 2076 891 2139; x_wconf 76' lang='lat' dir='ltr'><strong>prohibebatur.</strong></span> <span class='ocrx_word' id='word_1_155' title='bbox 918 2075 981 2126; x_wconf 86' lang='lat' dir='ltr'><strong>Nam</strong></span> <span class='ocrx_word' id='word_1_156' title='bbox 991 2078 1120 2124; x_wconf 83' lang='lat' dir='ltr'><strong>tersniara</strong></span> 
     </span>
     <span class='ocr_line' id='line_1_21' title="bbox 168 2145 1120 2210; baseline -0.002 -14"><span class='ocrx_word' id='word_1_157' title='bbox 168 2155 218 2196; x_wconf 86' lang='lat' dir='ltr'><strong>tarn</strong></span> <span class='ocrx_word' id='word_1_158' title='bbox 236 2146 357 2196; x_wconf 88' lang='lat' dir='ltr'><strong>libertina</strong></span> <span class='ocrx_word' id='word_1_159' title='bbox 376 2161 449 2209; x_wconf 84' lang='lat' dir='ltr'><strong>quarn</strong></span> <span class='ocrx_word' id='word_1_160' title='bbox 469 2147 580 2210; x_wconf 82' lang='lat' dir='ltr'><strong>inpenua</strong></span> <span class='ocrx_word' id='word_1_161' title='bbox 599 2147 664 2194; x_wconf 87' lang='lat' dir='ltr'><strong>civis</strong></span> <span class='ocrx_word' id='word_1_162' title='bbox 684 2145 797 2195; x_wconf 83' lang='lat' dir='ltr'><strong>Romana</strong></span> <span class='ocrx_word' id='word_1_163' title='bbox 814 2145 899 2208; x_wconf 82' lang='lat' dir='ltr'><strong>fiebat.</strong></span> <span class='ocrx_word' id='word_1_164' title='bbox 927 2145 982 2209; x_wconf 73' lang='lat' dir='ltr'><strong>(dp.</strong></span> <span class='ocrx_word' id='word_1_165' title='bbox 994 2157 1016 2204; x_wconf 79' lang='lat' dir='ltr'><strong>a,</strong></span> <span class='ocrx_word' id='word_1_166' title='bbox 1030 2157 1051 2195; x_wconf 88' lang='lat' dir='ltr'><strong>t.</strong></span> <span class='ocrx_word' id='word_1_167' title='bbox 1079 2145 1120 2195; x_wconf 80' lang='lat' dir='ltr'><strong>ue</strong></span> 
     </span>
     <span class='ocr_line' id='line_1_22' title="bbox 167 2214 1120 2279; baseline -0.001 -13"><span class='ocrx_word' id='word_1_168' title='bbox 167 2216 215 2266; x_wconf 82' lang='lat' dir='ltr'><strong>SC.</strong></span> <span class='ocrx_word' id='word_1_169' title='bbox 240 2214 392 2277; x_wconf 72' lang='lat' dir='ltr'><strong>Orphitiano</strong></span> <span class='ocrx_word' id='word_1_170' title='bbox 414 2215 464 2262; x_wconf 86' lang='lat' dir='ltr'><strong>uid.</strong></span> <span class='ocrx_word' id='word_1_171' title='bbox 482 2227 508 2273; x_wconf 77' lang='lat' dir='ltr'><strong>t,</strong></span> <span class='ocrx_word' id='word_1_172' title='bbox 529 2227 561 2265; x_wconf 87' lang='lat' dir='ltr'><strong>to.</strong></span> <span class='ocrx_word' id='word_1_173' title='bbox 582 2216 606 2276; x_wconf 63' lang='grc' dir='ltr'><strong>ξ.</strong></span> <span class='ocrx_word' id='word_1_174' title='bbox 625 2227 645 2266; x_wconf 85' lang='lat' dir='ltr'><strong>s.</strong></span> <span class='ocrx_word' id='word_1_175' title='bbox 720 2214 739 2279; x_wconf 90' lang='lat'><strong>¹)</strong></span> <span class='ocrx_word' id='word_1_176' title='bbox 764 2216 794 2266; x_wconf 85' lang='lat' dir='ltr'><strong>Ut</strong></span> <span class='ocrx_word' id='word_1_177' title='bbox 812 2223 894 2265; x_wconf 83' lang='lat' dir='ltr'><strong>nater</strong></span> <span class='ocrx_word' id='word_1_178' title='bbox 911 2218 994 2279; x_wconf 86' lang='lat' dir='ltr'><strong>ipsius</strong></span> <span class='ocrx_word' id='word_1_179' title='bbox 1012 2215 1120 2265; x_wconf 86' lang='lat' dir='ltr'><strong>Latina.</strong></span> 
     </span>
     <span class='ocr_line' id='line_1_23' title="bbox 170 2283 1119 2336; baseline 0.002 -2"><span class='ocrx_word' id='word_1_180' title='bbox 170 2283 234 2335; x_wconf 86' lang='lat' dir='ltr'><strong>Olim</strong></span> <span class='ocrx_word' id='word_1_181' title='bbox 249 2292 331 2333; x_wconf 88' lang='lat' dir='ltr'><strong>tamen</strong></span> <span class='ocrx_word' id='word_1_182' title='bbox 350 2286 425 2333; x_wconf 85' lang='lat' dir='ltr'><strong>etiarn</strong></span> <span class='ocrx_word' id='word_1_183' title='bbox 444 2285 479 2333; x_wconf 90' lang='lat' dir='ltr'><strong>ad</strong></span> <span class='ocrx_word' id='word_1_184' title='bbox 492 2285 603 2335; x_wconf 84' lang='lat' dir='ltr'><strong>Latinas</strong></span> <span class='ocrx_word' id='word_1_185' title='bbox 622 2288 780 2336; x_wconf 88' lang='lat' dir='ltr'><strong>coloniarias</strong></span> <span class='ocrx_word' id='word_1_186' title='bbox 798 2294 849 2335; x_wconf 89' lang='lat' dir='ltr'><strong>tarn</strong></span> <span class='ocrx_word' id='word_1_187' title='bbox 868 2286 915 2336; x_wconf 83' lang='lat' dir='ltr'><strong>SC.</strong></span> <span class='ocrx_word' id='word_1_188' title='bbox 934 2286 1119 2336; x_wconf 78' lang='lat' dir='ltr'><strong>Tertullianum</strong></span> 
     </span>
     <span class='ocr_line' id='line_1_24' title="bbox 167 2353 1120 2420; baseline 0.002 -16"><span class='ocrx_word' id='word_1_189' title='bbox 167 2370 242 2420; x_wconf 83' lang='lat' dir='ltr'><strong>quant</strong></span> <span class='ocrx_word' id='word_1_190' title='bbox 256 2354 333 2413; x_wconf 90' lang='lat' dir='ltr'><strong>illud,</strong></span> <span class='ocrx_word' id='word_1_191' title='bbox 348 2355 417 2419; x_wconf 85' lang='lat' dir='ltr'><strong>quod</strong></span> <span class='ocrx_word' id='word_1_192' title='bbox 434 2353 488 2417; x_wconf 87' lang='lat' dir='ltr'><strong>lllp.</strong></span> <span class='ocrx_word' id='word_1_193' title='bbox 502 2367 528 2417; x_wconf 84' lang='lat' dir='ltr'><strong>a,</strong></span> <span class='ocrx_word' id='word_1_194' title='bbox 543 2367 563 2405; x_wconf 89' lang='lat'><strong>1.</strong></span> <span class='ocrx_word' id='word_1_195' title='bbox 583 2365 771 2413; x_wconf 84' lang='lat' dir='ltr'><strong>commemorat,</strong></span> <span class='ocrx_word' id='word_1_196' title='bbox 787 2358 945 2420; x_wconf 86' lang='lat' dir='ltr'><strong>pertinuisse</strong></span> <span class='ocrx_word' id='word_1_197' title='bbox 958 2371 1008 2406; x_wconf 92' lang='lat' dir='ltr'><strong>non</strong></span> <span class='ocrx_word' id='word_1_198' title='bbox 1023 2356 1120 2407; x_wconf 83' lang='lat' dir='ltr'><strong>dubito.</strong></span> 
     </span>
     <span class='ocr_line' id='line_1_25' title="bbox 168 2421 1119 2492; baseline 0.002 -18"><span class='ocrx_word' id='word_1_199' title='bbox 168 2421 189 2490; x_wconf 92' lang='lat'><strong>¹)</strong></span> <span class='ocrx_word' id='word_1_200' title='bbox 203 2423 309 2488; x_wconf 85' lang='lat' dir='ltr'><strong>Spectat</strong></span> <span class='ocrx_word' id='word_1_201' title='bbox 322 2427 397 2474; x_wconf 85' lang='lat' dir='ltr'><strong>etiarn</strong></span> <span class='ocrx_word' id='word_1_202' title='bbox 411 2425 479 2475; x_wconf 85' lang='lat' dir='ltr'><strong>bunc</strong></span> <span class='ocrx_word' id='word_1_203' title='bbox 488 2427 527 2474; x_wconf 89' lang='lat' dir='ltr'><strong>tit.</strong></span> <span class='ocrx_word' id='word_1_204' title='bbox 539 2425 597 2475; x_wconf 79' lang='lat' dir='ltr'><strong>Lea</strong></span> <span class='ocrx_word' id='word_1_205' title='bbox 607 2425 688 2492; x_wconf 87' lang='lat' dir='ltr'><strong>Burp.</strong></span> <span class='ocrx_word' id='word_1_206' title='bbox 698 2437 732 2477; x_wconf 81' lang='lat' dir='ltr'><strong>aa.</strong></span> <span class='ocrx_word' id='word_1_207' title='bbox 755 2424 895 2489; x_wconf 77' lang='lat' dir='ltr'><strong>‘Defuncto</strong></span> <span class='ocrx_word' id='word_1_208' title='bbox 907 2429 963 2490; x_wconf 77' lang='lat' dir='ltr'><strong>filio</strong></span> <span class='ocrx_word' id='word_1_209' title='bbox 975 2434 1119 2490; x_wconf 88' lang='lat' dir='ltr'><strong>patersuc·</strong></span> 
     </span>
     <span class='ocr_line' id='line_1_26' title="bbox 167 2493 1121 2559; baseline -0.001 -13"><span class='ocrx_word' id='word_1_210' title='bbox 167 2497 242 2547; x_wconf 86' lang='lat' dir='ltr'><strong>cedit.</strong></span> <span class='ocrx_word' id='word_1_211' title='bbox 275 2493 371 2554; x_wconf 83' lang='lat' dir='ltr'><strong>Quodsi</strong></span> <span class='ocrx_word' id='word_1_212' title='bbox 382 2503 482 2559; x_wconf 86' lang='lat' dir='ltr'><strong>patrem</strong></span> <span class='ocrx_word' id='word_1_213' title='bbox 496 2511 547 2546; x_wconf 88' lang='lat' dir='ltr'><strong>non</strong></span> <span class='ocrx_word' id='word_1_214' title='bbox 561 2496 688 2554; x_wconf 85' lang='lat' dir='ltr'><strong>babuerit,</strong></span> <span class='ocrx_word' id='word_1_215' title='bbox 703 2512 768 2546; x_wconf 88' lang='lat' dir='ltr'><strong>auus</strong></span> <span class='ocrx_word' id='word_1_216' title='bbox 778 2504 906 2559; x_wconf 87' lang='lat' dir='ltr'><strong>paternus</strong></span> <span class='ocrx_word' id='word_1_217' title='bbox 919 2499 976 2545; x_wconf 90' lang='lat' dir='ltr'><strong>iure</strong></span> <span class='ocrx_word' id='word_1_218' title='bbox 989 2498 1121 2547; x_wconf 81' lang='lat' dir='ltr'><strong>succedit:</strong></span> 
     </span>
     <span class='ocr_line' id='line_1_27' title="bbox 167 2566 1120 2632; baseline -0.001 -15"><span class='ocrx_word' id='word_1_219' title='bbox 167 2566 259 2632; x_wconf 82' lang='lat' dir='ltr'><strong>quodsi</strong></span> <span class='ocrx_word' id='word_1_220' title='bbox 273 2574 296 2615; x_wconf 88' lang='lat' dir='ltr'><strong>et</strong></span> <span class='ocrx_word' id='word_1_221' title='bbox 311 2569 354 2616; x_wconf 91' lang='lat' dir='ltr'><strong>ille</strong></span> <span class='ocrx_word' id='word_1_222' title='bbox 368 2567 494 2629; x_wconf 84' lang='lat' dir='ltr'><strong>defuerit,</strong></span> <span class='ocrx_word' id='word_1_223' title='bbox 506 2567 608 2630; x_wconf 87' lang='lat' dir='ltr'><strong>fratres</strong></span> <span class='ocrx_word' id='word_1_224' title='bbox 621 2567 738 2629; x_wconf 76' lang='lat' dir='ltr'><strong>defuncti</strong></span> <span class='ocrx_word' id='word_1_225' title='bbox 751 2568 905 2617; x_wconf 89' lang='lat' dir='ltr'><strong>succedunt:</strong></span> <span class='ocrx_word' id='word_1_226' title='bbox 924 2568 1017 2631; x_wconf 83' lang='lat' dir='ltr'><strong>quodsi</strong></span> <span class='ocrx_word' id='word_1_227' title='bbox 1030 2575 1055 2617; x_wconf 88' lang='lat' dir='ltr'><strong>et</strong></span> <span class='ocrx_word' id='word_1_228' title='bbox 1069 2569 1120 2631; x_wconf 87' lang='lat' dir='ltr'><strong>ipsi</strong></span> 
     </span>
     <span class='ocr_line' id='line_1_28' title="bbox 167 2636 1120 2702; baseline 0 -15"><span class='ocrx_word' id='word_1_229' title='bbox 167 2637 306 2699; x_wconf 74' lang='lat' dir='ltr'><strong>defuerint,</strong></span> <span class='ocrx_word' id='word_1_230' title='bbox 321 2645 402 2687; x_wconf 81' lang='lat' dir='ltr'><strong>mater</strong></span> <span class='ocrx_word' id='word_1_231' title='bbox 415 2638 544 2687; x_wconf 85' lang='lat' dir='ltr'><strong>succedit:</strong></span> <span class='ocrx_word' id='word_1_232' title='bbox 557 2638 648 2702; x_wconf 85' lang='lat' dir='ltr'><strong>quodsi</strong></span> <span class='ocrx_word' id='word_1_233' title='bbox 662 2645 743 2686; x_wconf 88' lang='lat' dir='ltr'><strong>nrater</strong></span> <span class='ocrx_word' id='word_1_234' title='bbox 753 2638 837 2699; x_wconf 87' lang='lat' dir='ltr'><strong>fuerit</strong></span> <span class='ocrx_word' id='word_1_235' title='bbox 850 2636 983 2698; x_wconf 81' lang='lat' dir='ltr'><strong>defuncta,</strong></span> <span class='ocrx_word' id='word_1_236' title='bbox 995 2637 1084 2700; x_wconf 88' lang='lat' dir='ltr'><strong>frater</strong></span> <span class='ocrx_word' id='word_1_237' title='bbox 1094 2644 1120 2686; x_wconf 85' lang='lat' dir='ltr'><strong>et</strong></span> 
     </span>
     <span class='ocr_line' id='line_1_29' title="bbox 166 2708 1119 2771; baseline 0.001 -14"><span class='ocrx_word' id='word_1_238' title='bbox 166 2722 243 2758; x_wconf 90' lang='lat' dir='ltr'><strong>soror</strong></span> <span class='ocrx_word' id='word_1_239' title='bbox 256 2709 405 2758; x_wconf 87' lang='lat' dir='ltr'><strong>succedant.</strong></span> <span class='ocrx_word' id='word_1_240' title='bbox 435 2708 521 2758; x_wconf 88' lang='lat' dir='ltr'><strong>Mater</strong></span> <span class='ocrx_word' id='word_1_241' title='bbox 535 2723 585 2771; x_wconf 90' lang='lat' dir='ltr'><strong>per</strong></span> <span class='ocrx_word' id='word_1_242' title='bbox 596 2708 708 2771; x_wconf 89' lang='lat' dir='ltr'><strong>fratrem</strong></span> <span class='ocrx_word' id='word_1_243' title='bbox 722 2708 886 2756; x_wconf 76' lang='lat' dir='ltr'><strong>excluditur:</strong></span> <span class='ocrx_word' id='word_1_244' title='bbox 899 2714 922 2755; x_wconf 87' lang='lat' dir='ltr'><strong>et</strong></span> <span class='ocrx_word' id='word_1_245' title='bbox 937 2709 963 2755; x_wconf 88' lang='lat' dir='ltr'><strong>in</strong></span> <span class='ocrx_word' id='word_1_246' title='bbox 977 2710 1119 2758; x_wconf 84' lang='lat' dir='ltr'><strong>successio·</strong></span> 
     </span>
     <span class='ocr_line' id='line_1_30' title="bbox 167 2775 1119 2847; baseline 0 -19"><span class='ocrx_word' id='word_1_247' title='bbox 167 2793 222 2828; x_wconf 85' lang='lat' dir='ltr'><strong>nern</strong></span> <span class='ocrx_word' id='word_1_248' title='bbox 237 2779 325 2840; x_wconf 87' lang='lat' dir='ltr'><strong>frater</strong></span> <span class='ocrx_word' id='word_1_249' title='bbox 343 2795 399 2829; x_wconf 85' lang='lat' dir='ltr'><strong>eum</strong></span> <span class='ocrx_word' id='word_1_250' title='bbox 416 2793 507 2828; x_wconf 87' lang='lat' dir='ltr'><strong>sorore</strong></span> <span class='ocrx_word' id='word_1_251' title='bbox 522 2793 604 2842; x_wconf 77' lang='lat' dir='ltr'><strong>aequa</strong></span> <span class='ocrx_word' id='word_1_252' title='bbox 623 2784 699 2847; x_wconf 62' lang='lat' dir='ltr'><strong>sorte</strong></span> <span class='ocrx_word' id='word_1_253' title='bbox 706 2778 829 2827; x_wconf 88' lang='lat' dir='ltr'><strong>succedit.</strong></span> <span class='ocrx_word' id='word_1_254' title='bbox 861 2775 958 2836; x_wconf 86' lang='lat' dir='ltr'><strong>Quodsi</strong></span> <span class='ocrx_word' id='word_1_255' title='bbox 973 2777 1062 2839; x_wconf 88' lang='lat' dir='ltr'><strong>frater</strong></span> <span class='ocrx_word' id='word_1_256' title='bbox 1075 2779 1119 2829; x_wconf 86' lang='lat' dir='ltr'><strong>de·</strong></span> 
     </span>
     <span class='ocr_line' id='line_1_31' title="bbox 167 2848 1118 2912; baseline -0.001 -16"><span class='ocrx_word' id='word_1_257' title='bbox 167 2850 260 2910; x_wconf 77' lang='lat' dir='ltr'><strong>fuerit,</strong></span> <span class='ocrx_word' id='word_1_258' title='bbox 279 2856 361 2898; x_wconf 85' lang='lat' dir='ltr'><strong>mater</strong></span> <span class='ocrx_word' id='word_1_259' title='bbox 373 2856 398 2898; x_wconf 90' lang='lat' dir='ltr'><strong>et</strong></span> <span class='ocrx_word' id='word_1_260' title='bbox 413 2849 498 2910; x_wconf 86' lang='lat' dir='ltr'><strong>filiae,</strong></span> <span class='ocrx_word' id='word_1_261' title='bbox 519 2855 630 2912; x_wconf 79' lang='lat' dir='ltr'><strong>quantae</strong></span> <span class='ocrx_word' id='word_1_262' title='bbox 646 2848 760 2910; x_wconf 90' lang='lat' dir='ltr'><strong>fuerint,</strong></span> <span class='ocrx_word' id='word_1_263' title='bbox 774 2850 894 2911; x_wconf 87' lang='lat' dir='ltr'><strong>aequales</strong></span> <span class='ocrx_word' id='word_1_264' title='bbox 908 2849 1041 2910; x_wconf 88' lang='lat' dir='ltr'><strong>accipiant</strong></span> <span class='ocrx_word' id='word_1_265' title='bbox 1055 2863 1118 2912; x_wconf 92' lang='lat' dir='ltr'><strong>por-</strong></span> 
     </span>
     <span class='ocr_line' id='line_1_32' title="bbox 167 2917 1118 2977; baseline -0.002 -9"><span class='ocrx_word' id='word_1_266' title='bbox 167 2921 256 2977; x_wconf 90' lang='lat' dir='ltr'><strong>tiones,</strong></span> <span class='ocrx_word' id='word_1_267' title='bbox 271 2919 409 2969; x_wconf 85' lang='lat' dir='ltr'><strong>secundum</strong></span> <span class='ocrx_word' id='word_1_268' title='bbox 425 2918 544 2967; x_wconf 86' lang='lat' dir='ltr'><strong>Paullum</strong></span> <span class='ocrx_word' id='word_1_269' title='bbox 557 2918 590 2966; x_wconf 89' lang='lat' dir='ltr'><strong>de</strong></span> <span class='ocrx_word' id='word_1_270' title='bbox 608 2919 786 2968; x_wconf 85' lang='lat' dir='ltr'><strong>intestatorum</strong></span> <span class='ocrx_word' id='word_1_271' title='bbox 799 2917 1004 2967; x_wconf 86' lang='lat' dir='ltr'><strong>successionibus</strong></span> <span class='ocrx_word' id='word_1_272' title='bbox 1022 2918 1058 2968; x_wconf 89' lang='lat' dir='ltr'><strong>ad</strong></span> <span class='ocrx_word' id='word_1_273' title='bbox 1069 2917 1118 2968; x_wconf 81' lang='lat' dir='ltr'><strong>Sc.</strong></span> 
     </span>
     <span class='ocr_line' id='line_1_33' title="bbox 171 2985 378 3037; baseline 0.005 -1"><span class='ocrx_word' id='word_1_274' title='bbox 171 2985 378 3037; x_wconf 85' lang='lat' dir='ltr'><strong>Tertullianum.’</strong></span> 
     </span>
    </p>

    <p class='ocr_par' dir='ltr' id='par_1_7' title="bbox 165 3056 1120 3895">
     <span class='ocr_line' id='line_1_34' title="bbox 241 3056 1119 3121; baseline 0.002 -16"><span class='ocrx_word' id='word_1_275' title='bbox 241 3056 288 3106; x_wconf 87' lang='lat' dir='ltr'><strong>Tit.</strong></span> <span class='ocrx_word' id='word_1_276' title='bbox 312 3058 346 3106; x_wconf 88' lang='lat' dir='ltr'><strong>X.</strong></span> <span class='ocrx_word' id='word_1_277' title='bbox 383 3057 461 3106; x_wconf 86' lang='lat' dir='ltr'><strong>Hunc</strong></span> <span class='ocrx_word' id='word_1_278' title='bbox 479 3058 592 3106; x_wconf 85' lang='lat' dir='ltr'><strong>restituit</strong></span> <span class='ocrx_word' id='word_1_279' title='bbox 612 3057 732 3107; x_wconf 81' lang='lat' dir='ltr'><strong>Ouiacius</strong></span> <span class='ocrx_word' id='word_1_280' title='bbox 755 3073 811 3108; x_wconf 82' lang='lat' dir='ltr'><strong>cuns</strong></span> <span class='ocrx_word' id='word_1_281' title='bbox 835 3059 899 3121; x_wconf 90' lang='lat' dir='ltr'><strong>ipsis</strong></span> <span class='ocrx_word' id='word_1_282' title='bbox 922 3060 1056 3108; x_wconf 88' lang='lat' dir='ltr'><strong>sententiis</strong></span> <span class='ocrx_word' id='word_1_283' title='bbox 1073 3058 1119 3107; x_wconf 86' lang='lat' dir='ltr'><strong>de·</strong></span> 
     </span>
     <span class='ocr_line' id='line_1_35' title="bbox 166 3124 1117 3190; baseline 0.002 -14"><span class='ocrx_word' id='word_1_284' title='bbox 166 3128 273 3187; x_wconf 83' lang='lat' dir='ltr'><strong>sumptis</strong></span> <span class='ocrx_word' id='word_1_285' title='bbox 285 3142 320 3175; x_wconf 79' lang='lat' dir='ltr'><strong>ex</strong></span> <span class='ocrx_word' id='word_1_286' title='bbox 333 3127 500 3190; x_wconf 81' lang='lat' dir='ltr'><strong>app.Cd.1t.,</strong></span> <span class='ocrx_word' id='word_1_287' title='bbox 514 3125 558 3174; x_wconf 92' lang='lat' dir='ltr'><strong>ubi</strong></span> <span class='ocrx_word' id='word_1_288' title='bbox 572 3133 609 3175; x_wconf 90' lang='lat' dir='ltr'><strong>est</strong></span> <span class='ocrx_word' id='word_1_289' title='bbox 622 3126 693 3176; x_wconf 89' lang='lat' dir='ltr'><strong>rubr.</strong></span> <span class='ocrx_word' id='word_1_290' title='bbox 711 3124 754 3177; x_wconf 86' lang='lat' dir='ltr'><strong>‘de</strong></span> <span class='ocrx_word' id='word_1_291' title='bbox 769 3131 945 3177; x_wconf 85' lang='lat' dir='ltr'><strong>intestatorum</strong></span> <span class='ocrx_word' id='word_1_292' title='bbox 954 3125 1117 3178; x_wconf 60' lang='lat' dir='ltr'><strong>hereditate!</strong></span> 
     </span>
     <span class='ocr_line' id='line_1_36' title="bbox 167 3195 1119 3263; baseline 0.002 -18"><span class='ocrx_word' id='word_1_293' title='bbox 167 3195 310 3245; x_wconf 66' lang='lat' dir='ltr'><strong>sterteres</strong></span> <span class='ocrx_word' id='word_1_294' title='bbox 328 3196 378 3245; x_wconf 89' lang='lat' dir='ltr'><strong>uid.</strong></span> <span class='ocrx_word' id='word_1_295' title='bbox 399 3195 503 3244; x_wconf 79' lang='lat' dir='ltr'><strong>Klenaii</strong></span> <span class='ocrx_word' id='word_1_296' title='bbox 523 3195 584 3244; x_wconf 82' lang='lat' dir='ltr'><strong>Gdd.</strong></span> <span class='ocrx_word' id='word_1_297' title='bbox 605 3195 649 3260; x_wconf 91' lang='lat'><strong>(-</strong></span> <span class='ocrx_word' id='word_1_298' title='bbox 659 3212 687 3260; x_wconf 90' lang='lat' dir='ltr'><strong>p.</strong></span> <span class='ocrx_word' id='word_1_299' title='bbox 703 3208 736 3248; x_wconf 77' lang='lat' dir='ltr'><strong>st.</strong></span> <span class='ocrx_word' id='word_1_300' title='bbox 752 3213 810 3261; x_wconf 90' lang='lat' dir='ltr'><strong>app.</strong></span> <span class='ocrx_word' id='word_1_301' title='bbox 828 3198 903 3247; x_wconf 88' lang='lat' dir='ltr'><strong>Paul.</strong></span> <span class='ocrx_word' id='word_1_302' title='bbox 918 3199 957 3247; x_wconf 90' lang='lat' dir='ltr'><strong>ed.</strong></span> <span class='ocrx_word' id='word_1_303' title='bbox 974 3199 1069 3263; x_wconf 88' lang='lat' dir='ltr'><strong>Haen.)</strong></span> <span class='ocrx_word' id='word_1_304' title='bbox 1090 3201 1119 3248; x_wconf 87' lang='lat' dir='ltr'><strong>in</strong></span> 
     </span>
     <span class='ocr_line' id='line_1_37' title="bbox 167 3263 1119 3331; baseline 0.004 -16"><span class='ocrx_word' id='word_1_305' title='bbox 167 3263 290 3315; x_wconf 83' lang='lat' dir='ltr'><strong>Zeitscitr.</strong></span> <span class='ocrx_word' id='word_1_306' title='bbox 307 3265 329 3326; x_wconf 91' lang='lat' dir='ltr'><strong>f.</strong></span> <span class='ocrx_word' id='word_1_307' title='bbox 347 3265 433 3329; x_wconf 78' lang='lat' dir='ltr'><strong>pescli.</strong></span> <span class='ocrx_word' id='word_1_308' title='bbox 450 3264 520 3314; x_wconf 86' lang='lat' dir='ltr'><strong>IlW.</strong></span> <span class='ocrx_word' id='word_1_309' title='bbox 539 3263 588 3314; x_wconf 88' lang='lat' dir='ltr'><strong>XI.</strong></span> <span class='ocrx_word' id='word_1_310' title='bbox 604 3281 632 3329; x_wconf 88' lang='lat' dir='ltr'><strong>p.</strong></span> <span class='ocrx_word' id='word_1_311' title='bbox 647 3277 693 3317; x_wconf 73' lang='lat' dir='ltr'><strong>aas.</strong></span> <span class='ocrx_word' id='word_1_312' title='bbox 718 3267 757 3316; x_wconf 88' lang='lat' dir='ltr'><strong>De</strong></span> <span class='ocrx_word' id='word_1_313' title='bbox 771 3283 800 3317; x_wconf 90' lang='lat' dir='ltr'><strong>re</strong></span> <span class='ocrx_word' id='word_1_314' title='bbox 814 3269 848 3330; x_wconf 89' lang='lat' dir='ltr'><strong>cf.</strong></span> <span class='ocrx_word' id='word_1_315' title='bbox 869 3268 924 3331; x_wconf 85' lang='lat' dir='ltr'><strong>Uip.</strong></span> <span class='ocrx_word' id='word_1_316' title='bbox 939 3279 973 3327; x_wconf 78' lang='lat' dir='ltr'><strong>ss,</strong></span> <span class='ocrx_word' id='word_1_317' title='bbox 988 3280 1008 3319; x_wconf 87' lang='lat' dir='ltr'><strong>t.</strong></span> <span class='ocrx_word' id='word_1_318' title='bbox 1032 3267 1119 3319; x_wconf 81' lang='lat' dir='ltr'><strong>ittl.</strong></span> 
     </span>
     <span class='ocr_line' id='line_1_38' title="bbox 165 3329 1118 3401; baseline 0.003 -15"><span class='ocrx_word' id='word_1_319' title='bbox 165 3347 221 3395; x_wconf 89' lang='lat' dir='ltr'><strong>s,s.</strong></span> <span class='ocrx_word' id='word_1_320' title='bbox 284 3329 397 3398; x_wconf 62' lang='lat' dir='ltr'><strong>bem.</strong></span> <span class='ocrx_word' id='word_1_321' title='bbox 412 3346 433 3386; x_wconf 87' lang='lat' dir='ltr'><strong>s.</strong></span> <span class='ocrx_word' id='word_1_322' title='bbox 452 3334 544 3385; x_wconf 77' lang='lat' dir='ltr'><strong>Laod.</strong></span> <span class='ocrx_word' id='word_1_323' title='bbox 606 3333 627 3401; x_wconf 78' lang='lat'><strong>⁴)</strong></span> <span class='ocrx_word' id='word_1_324' title='bbox 643 3336 680 3400; x_wconf 86' lang='lat' dir='ltr'><strong>Cf.</strong></span> <span class='ocrx_word' id='word_1_325' title='bbox 696 3348 717 3394; x_wconf 79' lang='lat' dir='ltr'><strong>a,</strong></span> <span class='ocrx_word' id='word_1_326' title='bbox 731 3341 778 3387; x_wconf 74' lang='lat'><strong>21⁸.</strong></span> <span class='ocrx_word' id='word_1_327' title='bbox 794 3340 817 3398; x_wconf 66' lang='lat'><strong>5.</strong></span> <span class='ocrx_word' id='word_1_328' title='bbox 832 3349 852 3390; x_wconf 77' lang='grc' dir='ltr'><strong>ι.</strong></span> <span class='ocrx_word' id='word_1_329' title='bbox 874 3338 917 3387; x_wconf 74' lang='lat' dir='ltr'><strong>Tr.</strong></span> <span class='ocrx_word' id='word_1_330' title='bbox 933 3339 996 3390; x_wconf 78' lang='lat' dir='ltr'><strong>aet.</strong></span> <span class='ocrx_word' id='word_1_331' title='bbox 1008 3340 1069 3401; x_wconf 77' lang='lat' dir='ltr'><strong>fisci</strong></span> <span class='ocrx_word' id='word_1_332' title='bbox 1084 3350 1118 3389; x_wconf 84' lang='lat' dir='ltr'><strong>m.</strong></span> 
     </span>
     <span class='ocr_line' id='line_1_39' title="bbox 166 3403 1120 3472; baseline 0.003 -16"><span class='ocrx_word' id='word_1_333' title='bbox 166 3408 189 3468; x_wconf 70' lang='grc' dir='ltr'><strong>θ.</strong></span> <span class='ocrx_word' id='word_1_334' title='bbox 205 3416 238 3456; x_wconf 86' lang='lat'><strong>1⁰.</strong></span> <span class='ocrx_word' id='word_1_335' title='bbox 260 3404 281 3454; x_wconf 94' lang='grc' dir='ltr'><strong>Ι.</strong></span> <span class='ocrx_word' id='word_1_336' title='bbox 298 3405 329 3453; x_wconf 91' lang='lat' dir='ltr'><strong>de</strong></span> <span class='ocrx_word' id='word_1_337' title='bbox 341 3405 417 3468; x_wconf 84' lang='lat' dir='ltr'><strong>prad.</strong></span> <span class='ocrx_word' id='word_1_338' title='bbox 434 3420 506 3470; x_wconf 81' lang='lat' dir='ltr'><strong>aopn.</strong></span> <span class='ocrx_word' id='word_1_339' title='bbox 523 3403 554 3472; x_wconf 81' lang='lat' dir='ltr'><strong>(t,</strong></span> <span class='ocrx_word' id='word_1_340' title='bbox 568 3405 602 3470; x_wconf 82' lang='lat' dir='ltr'><strong>a).</strong></span> <span class='ocrx_word' id='word_1_341' title='bbox 675 3404 695 3472; x_wconf 66' lang='grc' dir='ltr'><strong>ὁ)</strong></span> <span class='ocrx_word' id='word_1_342' title='bbox 713 3408 751 3469; x_wconf 89' lang='lat' dir='ltr'><strong>Cf.</strong></span> <span class='ocrx_word' id='word_1_343' title='bbox 770 3406 850 3457; x_wconf 82' lang='lat' dir='ltr'><strong>Tacit.</strong></span> <span class='ocrx_word' id='word_1_344' title='bbox 866 3408 899 3457; x_wconf 82' lang='lat' dir='ltr'><strong>A.</strong></span> <span class='ocrx_word' id='word_1_345' title='bbox 914 3421 949 3471; x_wconf 79' lang='lat'><strong>12,</strong></span> <span class='ocrx_word' id='word_1_346' title='bbox 962 3419 1011 3468; x_wconf 60' lang='lat' dir='ltr'><strong>tt„</strong></span> <span class='ocrx_word' id='word_1_347' title='bbox 1026 3409 1070 3458; x_wconf 91' lang='lat' dir='ltr'><strong>ubi</strong></span> <span class='ocrx_word' id='word_1_348' title='bbox 1084 3424 1120 3459; x_wconf 73' lang='lat' dir='ltr'><strong>era</strong></span> 
     </span>
     <span class='ocr_line' id='line_1_40' title="bbox 166 3475 1119 3541; baseline 0.003 -16"><span class='ocrx_word' id='word_1_349' title='bbox 166 3475 327 3526; x_wconf 90' lang='lat' dir='ltr'><strong>auctioribus</strong></span> <span class='ocrx_word' id='word_1_350' title='bbox 342 3475 404 3525; x_wconf 84' lang='lat' dir='ltr'><strong>Cdd.</strong></span> <span class='ocrx_word' id='word_1_351' title='bbox 418 3477 520 3526; x_wconf 85' lang='lat' dir='ltr'><strong>ridetur</strong></span> <span class='ocrx_word' id='word_1_352' title='bbox 534 3477 681 3541; x_wconf 85' lang='lat' dir='ltr'><strong>lependurn:</strong></span> <span class='ocrx_word' id='word_1_353' title='bbox 700 3479 871 3540; x_wconf 82' lang='lat' dir='ltr'><strong>statuiturque,</strong></span> <span class='ocrx_word' id='word_1_354' title='bbox 886 3484 911 3527; x_wconf 91' lang='lat' dir='ltr'><strong>ut</strong></span> <span class='ocrx_word' id='word_1_355' title='bbox 926 3480 1007 3540; x_wconf 74' lang='lat' dir='ltr'><strong>ignaro</strong></span> <span class='ocrx_word' id='word_1_356' title='bbox 1022 3480 1119 3529; x_wconf 86' lang='lat' dir='ltr'><strong>domiuo</strong></span> 
     </span>
     <span class='ocr_line' id='line_1_41' title="bbox 166 3545 1119 3615; baseline 0.004 -21"><span class='ocrx_word' id='word_1_357' title='bbox 166 3546 195 3595; x_wconf 80' lang='lat' dir='ltr'><strong>etl</strong></span> <span class='ocrx_word' id='word_1_358' title='bbox 210 3545 233 3594; x_wconf 81' lang='lat' dir='ltr'><strong>iti</strong></span> <span class='ocrx_word' id='word_1_359' title='bbox 243 3545 369 3610; x_wconf 78' lang='lat' dir='ltr'><strong>prolapsae</strong></span> <span class='ocrx_word' id='word_1_360' title='bbox 384 3547 408 3594; x_wconf 89' lang='lat' dir='ltr'><strong>ia</strong></span> <span class='ocrx_word' id='word_1_361' title='bbox 422 3548 545 3605; x_wconf 84' lang='lat' dir='ltr'><strong>seruitute,</strong></span> <span class='ocrx_word' id='word_1_362' title='bbox 562 3549 599 3596; x_wconf 89' lang='lat' dir='ltr'><strong>sia</strong></span> <span class='ocrx_word' id='word_1_363' title='bbox 613 3549 783 3608; x_wconf 80' lang='lat' dir='ltr'><strong>consensisset,</strong></span> <span class='ocrx_word' id='word_1_364' title='bbox 799 3549 838 3610; x_wconf 88' lang='lat' dir='ltr'><strong>qui</strong></span> <span class='ocrx_word' id='word_1_365' title='bbox 853 3549 902 3597; x_wconf 86' lang='lat' dir='ltr'><strong>uati</strong></span> <span class='ocrx_word' id='word_1_366' title='bbox 917 3556 997 3598; x_wconf 85' lang='lat' dir='ltr'><strong>esseut</strong></span> <span class='ocrx_word' id='word_1_367' title='bbox 1011 3549 1050 3615; x_wconf 88' lang='lat' dir='ltr'><strong>(in</strong></span> <span class='ocrx_word' id='word_1_368' title='bbox 1062 3565 1119 3600; x_wconf 88' lang='lat' dir='ltr'><strong>ser-</strong></span> 
     </span>
     <span class='ocr_line' id='line_1_42' title="bbox 167 3614 1120 3682; baseline 0.005 -18"><span class='ocrx_word' id='word_1_369' title='bbox 167 3617 246 3665; x_wconf 89' lang='lat' dir='ltr'><strong>uitute</strong></span> <span class='ocrx_word' id='word_1_370' title='bbox 261 3614 313 3680; x_wconf 84' lang='lat' dir='ltr'><strong>uel)</strong></span> <span class='ocrx_word' id='word_1_371' title='bbox 327 3630 370 3679; x_wconf 80' lang='lat' dir='ltr'><strong>pro</strong></span> <span class='ocrx_word' id='word_1_372' title='bbox 390 3616 482 3666; x_wconf 85' lang='lat' dir='ltr'><strong>libertis</strong></span> <span class='ocrx_word' id='word_1_373' title='bbox 497 3617 647 3667; x_wconf 82' lang='lat' dir='ltr'><strong>haberentur.</strong></span> <span class='ocrx_word' id='word_1_374' title='bbox 678 3618 819 3681; x_wconf 80' lang='lat' dir='ltr'><strong>Repetitunr</strong></span> <span class='ocrx_word' id='word_1_375' title='bbox 834 3621 916 3682; x_wconf 80' lang='lat' dir='ltr'><strong>ipitur</strong></span> <span class='ocrx_word' id='word_1_376' title='bbox 930 3620 996 3668; x_wconf 91' lang='lat' dir='ltr'><strong>illud</strong></span> <span class='ocrx_word' id='word_1_377' title='bbox 1011 3617 1049 3668; x_wconf 85' lang='lat' dir='ltr'><strong>‘in</strong></span> <span class='ocrx_word' id='word_1_378' title='bbox 1064 3636 1120 3670; x_wconf 91' lang='lat' dir='ltr'><strong>ser·</strong></span> 
     </span>
     <span class='ocr_line' id='line_1_43' title="bbox 166 3682 1119 3754; baseline 0.004 -19"><span class='ocrx_word' id='word_1_379' title='bbox 166 3682 258 3736; x_wconf 85' lang='lat' dir='ltr'><strong>uitute&#39;</strong></span> <span class='ocrx_word' id='word_1_380' title='bbox 275 3687 302 3735; x_wconf 86' lang='lat' dir='ltr'><strong>iu</strong></span> <span class='ocrx_word' id='word_1_381' title='bbox 317 3700 396 3735; x_wconf 88' lang='lat' dir='ltr'><strong>causa</strong></span> <span class='ocrx_word' id='word_1_382' title='bbox 411 3688 512 3737; x_wconf 88' lang='lat' dir='ltr'><strong>uidetur</strong></span> <span class='ocrx_word' id='word_1_383' title='bbox 524 3688 620 3751; x_wconf 84' lang='lat' dir='ltr'><strong>fuisse,</strong></span> <span class='ocrx_word' id='word_1_384' title='bbox 636 3695 663 3737; x_wconf 88' lang='lat' dir='ltr'><strong>ut</strong></span> <span class='ocrx_word' id='word_1_385' title='bbox 676 3687 753 3737; x_wconf 87' lang='lat' dir='ltr'><strong>uerba</strong></span> <span class='ocrx_word' id='word_1_386' title='bbox 770 3685 826 3751; x_wconf 83' lang='lat' dir='ltr'><strong>‘qui</strong></span> <span class='ocrx_word' id='word_1_387' title='bbox 840 3691 895 3737; x_wconf 87' lang='lat' dir='ltr'><strong>nati</strong></span> <span class='ocrx_word' id='word_1_388' title='bbox 908 3687 1002 3739; x_wconf 85' lang='lat' dir='ltr'><strong>essent’</strong></span> <span class='ocrx_word' id='word_1_389' title='bbox 1019 3692 1046 3738; x_wconf 89' lang='lat' dir='ltr'><strong>in</strong></span> <span class='ocrx_word' id='word_1_390' title='bbox 1062 3693 1119 3754; x_wconf 91' lang='lat' dir='ltr'><strong>ple·</strong></span> 
     </span>
     <span class='ocr_line' id='line_1_44' title="bbox 165 3756 1118 3821; baseline 0.003 -15"><span class='ocrx_word' id='word_1_391' title='bbox 165 3757 253 3821; x_wconf 85' lang='lat' dir='ltr'><strong>risque</strong></span> <span class='ocrx_word' id='word_1_392' title='bbox 269 3756 330 3806; x_wconf 85' lang='lat' dir='ltr'><strong>Cdd.</strong></span> <span class='ocrx_word' id='word_1_393' title='bbox 346 3758 504 3807; x_wconf 71' lang='lat' dir='ltr'><strong>exciderent.</strong></span> <span class='ocrx_word' id='word_1_394' title='bbox 531 3759 645 3808; x_wconf 68' lang='lat' dir='ltr'><strong>&amp;terunt</strong></span> <span class='ocrx_word' id='word_1_395' title='bbox 659 3761 710 3808; x_wconf 88' lang='lat' dir='ltr'><strong>iarn</strong></span> <span class='ocrx_word' id='word_1_396' title='bbox 725 3759 851 3808; x_wconf 86' lang='lat' dir='ltr'><strong>consentit</strong></span> <span class='ocrx_word' id='word_1_397' title='bbox 869 3758 973 3808; x_wconf 87' lang='lat' dir='ltr'><strong>Tacitus</strong></span> <span class='ocrx_word' id='word_1_398' title='bbox 987 3776 1042 3809; x_wconf 85' lang='lat' dir='ltr'><strong>curn</strong></span> <span class='ocrx_word' id='word_1_399' title='bbox 1060 3760 1118 3810; x_wconf 79' lang='lat' dir='ltr'><strong>Gai.</strong></span> 
     </span>
     <span class='ocr_line' id='line_1_45' title="bbox 165 3827 1120 3895; baseline 0 -16"><span class='ocrx_word' id='word_1_400' title='bbox 165 3839 186 3886; x_wconf 86' lang='lat'><strong>1,</strong></span> <span class='ocrx_word' id='word_1_401' title='bbox 200 3838 235 3879; x_wconf 77' lang='lat' dir='ltr'><strong>ai.</strong></span> <span class='ocrx_word' id='word_1_402' title='bbox 249 3834 273 3876; x_wconf 89' lang='lat' dir='ltr'><strong>et</strong></span> <span class='ocrx_word' id='word_1_403' title='bbox 287 3843 342 3877; x_wconf 87' lang='lat' dir='ltr'><strong>cunt</strong></span> <span class='ocrx_word' id='word_1_404' title='bbox 357 3827 512 3878; x_wconf 85' lang='lat' dir='ltr'><strong>Hadrianus</strong></span> <span class='ocrx_word' id='word_1_405' title='bbox 531 3829 559 3878; x_wconf 89' lang='lat' dir='ltr'><strong>id</strong></span> <span class='ocrx_word' id='word_1_406' title='bbox 571 3836 668 3879; x_wconf 88' lang='lat' dir='ltr'><strong>tantunr</strong></span> <span class='ocrx_word' id='word_1_407' title='bbox 682 3830 800 3887; x_wconf 81' lang='lat' dir='ltr'><strong>mutarit,</strong></span> <span class='ocrx_word' id='word_1_408' title='bbox 819 3835 847 3877; x_wconf 87' lang='lat' dir='ltr'><strong>ut</strong></span> <span class='ocrx_word' id='word_1_409' title='bbox 865 3844 896 3878; x_wconf 88' lang='lat' dir='ltr'><strong>ne</strong></span> <span class='ocrx_word' id='word_1_410' title='bbox 911 3828 993 3878; x_wconf 90' lang='lat' dir='ltr'><strong>libera</strong></span> <span class='ocrx_word' id='word_1_411' title='bbox 1008 3832 1120 3895; x_wconf 86' lang='lat' dir='ltr'><strong>amplius</strong></span> 
     </span>
    </p>
   </div>
   <div class='ocr_carea' id='block_1_7' title="bbox 0 0 1194 4386">
    <p class='ocr_par' dir='ltr' id='par_1_8' title="bbox 0 0 1194 4386">
     <span class='ocr_line' id='line_1_46' title="bbox 0 0 1194 4386; baseline 0 0"><span class='ocrx_word' id='word_1_412' title='bbox 0 0 1194 4386; x_wconf 95' lang='lat' dir='ltr'><strong> </strong></span> 
     </span>
    </p>
   </div>
  </div>
 </body>
</html>
