2378 4386
115 567 158 626 48
456 576 483 610 rt.
502 575 613 610 rmrvs
631 575 732 610 cresco.

114 702 202 776 quod
223 701 360 773 praesit
374 698 603 754 caerimoniis
618 705 651 753 et
666 699 788 760 sacris.
805 696 967 766 alterum,
983 699 1075 769 quod

113 788 374 856 interpretetur
406 779 637 836 fatidicorum
664 788 699 836 et
726 781 855 835 uatium
884 779 994 835 celata
1021 783 1074 837 iu·

113 868 269 939 cognita,
303 879 445 938 quorum
474 872 614 919 senatus
641 863 862 936 populusque
890 864 1073 920 asciuerit:

112 951 329 1022 interpretes
357 956 467 1002 autem
490 946 586 1004 louis
609 946 730 1020 optimi
753 947 910 1007 maxumi.
932 946 1073 1019 publici

114 1047 275 1104 augures,
311 1032 424 1104 siguis
461 1038 496 1086 et
532 1031 701 1103 auspiciis
737 1034 878 1101 postera
913 1029 1073 1101 uidente,

113 1114 336 1187 disciplinam
366 1120 528 1182 tenent03
563 1111 608 1171 21.
635 1112 928 1183 sacerdotesque,
958 1116 1074 1169 uineta

115 1201 322 1271 ulrgetaque
344 1203 377 1252 et
398 1196 546 1253 salutem
568 1196 689 1269 populi
711 1204 922 1268 augurauto;
946 1198 1074 1270 quique

113 1288 309 1354 agentrem
331 1278 445 1335 duelli
473 1281 602 1353 quique
628 1272 926 1353 propopularem¹,
956 1284 1073 1354 auspi·

114 1366 202 1422 elum
229 1369 478 1439 praemonente
506 1362 640 1434 ollique
668 1370 948 1435 optemperanto;
976 1364 1074 1419 diuo·

114 1465 255 1523 rumque
276 1451 348 1504 iras
369 1445 713 1522 prouidentosisque
735 1455 945 1518 apparente,
968 1447 1075 1502 caeli·

115 1550 179 1609 que
195 1533 333 1608 fulgora
353 1527 661 1604 regionibusratis
684 1534 918 1601 temperante,
942 1530 1073 1586 urbem-

115 1632 178 1691 que
208 1624 241 1672 et
269 1631 372 1689 agros
401 1606 446 1667 et²
475 1611 601 1684 templa
629 1608 779 1667 liberata
808 1621 840 1668 et
869 1612 980 1669 ellata
1015 1614 1075 1669 ba·

115 1699 233 1761 bento:
262 1712 416 1771 quaeque
438 1709 550 1766 augur
571 1695 718 1763 iniusta,
746 1696 899 1768 nefasta,
927 1699 1074 1768 uitiosa,

114 1781 188 1838 dira
214 1781 393 1851 defixerit,
426 1777 532 1832 inrita
561 1777 767 1852 iniectaque
794 1790 918 1852 sunto,
946 1783 1074 1854 quique

114 1882 180 1922 non
203 1864 375 1939 paruerit,
397 1860 524 1931 capital
547 1868 636 1917 esto.

177 1949 218 2003 lli.
255 1943 459 2012 Foedcrum,
500 1937 612 2017 pacis',
650 1942 751 2016 belli,
793 1945 1074 2020 indotiarumque

113 2019 283 2086 ratorum³
314 2023 455 2080 fetiales
485 2027 635 2100 iudices,
668 2030 779 2083 nautii
818 2036 944 2086 sunto:
980 2027 1073 2087 bella

113 2112 346 2185 disceptante.

175 2193 338 2265 Prodigia
367 2197 400 2247 et
421 2201 589 2265 portenta
611 2195 651 2250 ad
673 2188 853 2251 Etruscos⁴
875 2198 1073 2268 aruspices,

113 2283 142 2337 si
157 2285 297 2336 senatus
318 2275 879 2351 iussit,deterunto,tttroriaque
900 2281 1073 2353 principis

113 2360 329 2434 dlsclplinam
352 2358 488 2420 doceto.
523 2361 751 2436 quibusdiuis
772 2362 965 2432 creuerint,
989 2381 1074 2436 pro·

112 2443 1004 2519 curanto,idemquelulguraatqueobstitapianto.

175 2527 347 2583 Nocturna
369 2527 550 2585 mulierum
576 2529 757 2586 sacrificia
780 2546 818 2585 ne
840 2537 948 2585 sunto
970 2547 1073 2604 prae·

67 2636 71 2641 ·
112 2619 164 2667 ter
186 2610 273 2683 olla,
301 2627 386 2686 quae
413 2629 474 2686 pro
496 2613 623 2687 populo
646 2615 713 2668 rite
735 2613 837 2668 lieut:
867 2629 954 2669 neue
977 2631 1073 2687 quem

110 2695 1003 2768 luitiantonisi,utadsolet,(lereriGraecosaero.

174 2775 222 2838 22.
255 2779 396 2836 Sacrum
423 2782 653 2848 commissum,
689 2778 777 2851 quod
805 2796 914 2852 neque
940 2784 1073 2854 expiari

111 2865 268 2935 poterit,
302 2864 403 2934 impie
437 2863 654 2918 commissum
691 2871 784 2917 esto:
822 2863 910 2935 quod
940 2868 1072 2938 expiari

111 2947 261 3018 poterit,
284 2945 415 3017 publici
440 2943 642 3000 sacerdotes
668 2947 842 3017 expiante.

175 3027 300 3083 Loedis
326 3027 497 3100 publicis,
527 3027 614 3100 quod
643 3030 717 3083 sine
746 3030 921 3087 curriculo
944 3038 978 3085 et
999 3031 1072 3085 sine

111 3113 311 3169 certatione
346 3126 529 3183 corporum
558 3111 636 3181 liat,
672 3113 874 3185 popularem
900 3114 1072 3170 laetitiam

110 3197 143 3252 ln
172 3202 271 3251 cantu
299 3200 333 3249 et
358 3193 486 3250 fidibus
514 3201 545 3250 et
573 3194 673 3250 tibiis
701 3196 903 3253 moderante
931 3212 1072 3268 eamque

114 3295 186 3335 curn
209 3278 321 3333 diuum
344 3277 477 3333 bonore
498 3278 686 3352 iungunto.

175 3361 217 3416 Ex
238 3362 362 3432 patriis
384 3361 517 3417 ritibus
540 3372 680 3435 optuma
701 3363 858 3423 colunto.

173 3444 311 3500 Praeter
333 3443 451 3500 ldaeae
473 3448 592 3501 matris
615 3446 778 3516 famulos,
806 3460 938 3517 eosque
964 3447 1070 3501 iustis

110 3528 250 3599 diebus,
274 3544 313 3583 ne
337 3530 411 3600 quis
434 3531 557 3602 stipem
578 3532 712 3603 cogito.

183 3729 203 3797 ¹)
227 3732 277 3781 AB
294 3734 430 3797 popularem
450 3734 506 3783 edd.
546 3731 566 3799 ¹)
589 3731 737 3801 [et]ed.V.
773 3731 794 3798 ⁸)
814 3734 933 3799 indbtiartt
953 3745 1072 3788 oratorum

110 3801 165 3922 1318
174 3803 216 3923 if.
237 3802 267 3852 V.
302 3802 323 3868 ⁴)
341 3804 447 3866 prodigio
467 3814 575 3858 portenta
595 3806 624 3854 ad
644 3805 757 3854 Etruscos
776 3811 799 3852 et
818 3806 941 3869 aruspices
956 3808 1010 3856 AB
1023 3806 1071 3878 [et]

109 3888 150 3923 e.
197 3910 203 3922 .
699 3917 702 3924 .
