2378 4386
725 81 746 88 .-

483 549 506 583 n.
526 548 636 584 crncrrs.
996 539 1037 597 89

82 672 187 736 labant:
207 681 233 729 et
249 666 358 730 αθίιιιοι
375 676 401 729 in
418 676 603 730 aestimatione
615 675 737 730 censoria
752 690 797 729 aes
812 672 941 730 iniectum
956 673 1039 728 rudus

82 756 244 829 appellatur.
279 757 389 813 rudiarii
411 758 443 812 ab
464 758 558 814 eodem
580 758 716 831 dicuntur,
739 757 811 831 quod
826 773 890 830 saga
906 773 975 813 noua
990 773 1039 831 po·

82 836 193 900 liunt'.²
207 870 247 882 -
263 842 336 897 lest.
353 859 376 895 v.
394 840 484 896 Rodus
500 860 526 915 p.
544 841 615 898 265.

145 937 194 996 20.
211 941 378 1011 Tuditantes,
390 942 536 997 tundentes
547 946 687 1015 nepoiinm
696 946 714 998 i.
727 957 751 998 e.
763 950 877 1015 opentes
889 939 1040 1015 significare

83 1025 119 1078 ait
136 1024 241 1080 Cincius
263 1027 298 1081 tle
314 1029 410 1082 uerbis
424 1019 555 1096 priscie.³
569 1055 605 1064 —
620 1024 691 1082 lest.
709 1044 733 1081 v.
750 1025 907 1081 Tuditantes
923 1042 951 1098 p.
968 1024 1038 1081 352.

146 1121 190 1181 21.
215 1126 326 1181 Gentilis
349 1124 447 1180 dicitur
469 1133 496 1180 et
518 1140 549 1179 er
572 1124 666 1181 eodem
688 1141 788 1199 genere
803 1135 880 1182 ortus
896 1135 923 1180 et
937 1127 969 1195 is,
994 1126 1040 1198 qui

83 1207 162 1261 simili
180 1211 288 1264 nomine
310 1208 476 1281 appellatur,
498 1217 528 1263 ut
547 1210 585 1264 ait
600 1208 719 1264 Cincius:
740 1208 869 1264 ‘Gentiles
886 1210 949 1264 mihi
965 1216 1040 1278 sunt,

85 1291 211 1430 qni9lne⁰
234 1294 342 1347 nornine
364 1291 559 1365 appellantur’.
576 1321 613 1331 -
630 1292 705 1346 Paul.
727 1308 771 1365 ep.
792 1291 865 1348 Fest.
887 1309 912 1352 v,
929 1291 1040 1346 Gentiiis

83 1391 109 1445 p.
169 1417 175 1429 .

32 1492 79 1539 [aa]
149 1470 196 1530 22.
218 1475 305 1530 Notio
321 1477 349 1528 in
366 1477 465 1530 eodem
481 1481 562 1528 terro
577 1474 719 1529 bominum
733 1487 824 1546 penus
840 1480 941 1527 natum.
982 1472 1041 1528 Cin·

82 1562 145 1614 cius
159 1573 251 1630 penus
266 1558 419 1626 bominum,
435 1559 484 1627 qui
498 1573 555 1610 non
570 1558 687 1611 aliunde
703 1564 853 1626 uenerunt,
868 1555 915 1610 sed
931 1554 966 1612 ibi
981 1560 1044 1614 noti

80 1648 161 1709 soret,
177 1639 336 1711 sipnificori
356 1642 412 1709 oit,
433 1640 561 1711 idemque
582 1639 717 1694 nationem
733 1639 769 1694 ait
783 1655 839 1696 non
855 1646 965 1697 tontum
979 1644 1041 1698 uni·

82 1726 191 1781 uersim
211 1725 245 1777 de
266 1720 390 1778 omnibus
410 1721 456 1778 sed
472 1725 555 1778 etium
570 1723 606 1778 tle
620 1723 815 1795 rinpuloribus
828 1724 984 1781 bominibus
1000 1742 1042 1781 sea

83 1807 197 1863 iunctim
214 1807 274 1861 dici
288 1807 390 1862 solere.
405 1835 448 1848 —
462 1804 534 1862 lest.
550 1824 575 1862 v.
590 1805 667 1862 Natio
683 1823 710 1879 p.
728 1805 798 1864 166.

147 1902 195 1964 23.
218 1904 319 1962 Naccae
341 1907 509 1979 appellantur
530 1906 615 1981 uulgo
638 1906 773 1979 fullones,
796 1915 825 1963 ut
846 1909 882 1964 alt
899 1905 1041 1982 Curiatius,

84 1990 156 2063 quod
172 1993 249 2045 nauci
265 2007 319 2046 non
334 1992 398 2063 sint,
413 1991 439 2045 id
456 1991 528 2064 quod
543 1999 584 2048 est
601 1990 702 2048 nullius
716 1993 806 2065 pretii.
833 1991 904 2049 idem
919 1993 1003 2049 sentit
1015 2001 1041 2050 et

84 2074 199 2130 Cincius.
217 2105 254 2113 —
272 2072 343 2129 lest.
360 2091 385 2133 v.
401 2075 500 2131 baccae
514 2092 542 2148 p.
561 2074 631 2133 166.

145 2171 195 2231 24.
217 2174 336 2230 Naurum
359 2176 394 2230 aii
416 2176 510 2232 Ateius
532 2175 690 2249 philologus
711 2177 776 2249 ponl
798 2191 849 2250 pro
864 2177 953 2249 nugis.
984 2175 1042 2231 Cin·

86 2256 265 2396 ciusi,6}3cutim
288 2257 362 2314 oleae
385 2260 471 2331 nucis,
494 2275 564 2331 quae
584 2260 658 2315 intus
681 2252 743 2315 sit.⁴
763 2289 802 2300 —-
819 2257 893 2316 Fest.
915 2275 939 2316 v.
961 2258 1043 2316 Naucl

85 2358 114 2413 p.
194 2379 201 2396 .

147 2435 192 2499 25.
214 2439 324 2513 Nuptias
340 2440 424 2496 dictas
441 2482 547 2497 .....
563 2442 654 2497 Aelius
669 2450 696 2497 et
711 2441 826 2506 Cincius,
844 2444 904 2515 quia
919 2441 1043 2498 liamrneo

85 2534 164 2598 eaput
185 2523 311 2580 nubentis
334 2524 508 2595 obuoluatur,
531 2524 603 2596 quod
625 2526 729 2596 antiqui
752 2523 890 2580 obnubere
905 2526 1042 2580 uocarint:

86 2607 119 2662 ob
144 2625 222 2681 quarn
245 2623 350 2664 causam
372 2608 461 2681 legero
485 2622 594 2679 quoque
615 2602 837 2661 'Praenestinam⁶
857 2606 949 2662 iubere
965 2615 1044 2678 eaput

86 2693 143 2746 eins
166 2690 314 2764 obnubere,
337 2693 383 2766 qui
398 2699 537 2763 parentem
552 2691 715 2758 neoauisset‚
739 2688 812 2761 quod
828 2696 870 2743 est
886 2686 1043 2746 obuoluere.

86 2802 128 2814 -
143 2772 213 2830 Fest.
229 2793 255 2832 v.
270 2774 381 2848 Nuptias
396 2793 425 2847 p.
443 2774 513 2833 170.

150 2868 196 2932 26.
218 2876 357 2933 Nouatem
373 2892 470 2949 agrum
488 2914 595 2931 .....
613 2872 719 2931 Cincius
735 2889 796 2929 curn
812 2888 883 2943 esse,
904 2871 948 2928 ubi
965 2879 1045 2929 terro

85 2960 147 3013 sine
162 2961 277 3015 cultura
294 2961 334 3015 od
347 2977 451 3015 nouom
466 2966 613 3014 sementem
628 2958 665 3013 sit
685 2956 790 3014 relicto.
805 2987 846 2998 -
862 2955 936 3015 l'est.
951 2974 976 3012 v.
994 2956 1045 3014 No-

86 3042 173 3097 ualern
189 3059 285 3115 agrurn
301 3060 332 3116 p:
348 3042 417 3098 174.

149 3121 194 3182 27.
217 3124 353 3181 Obstiturn
374 3125 492 3182 Cloatius
513 3132 541 3181 et
556 3125 646 3181 Aelius
662 3123 730 3180 suto
752 3141 812 3181 esse
827 3127 901 3181 aiunt
916 3124 1046 3181 uiolatum

87 3218 271 3283 attactumque
287 3209 319 3264 de
336 3209 419 3266 eaelo.
449 3208 571 3280 Cincius,
593 3224 673 3282 quom
690 3209 735 3281 qui
751 3208 801 3265 deo
817 3208 917 3264 deaeue
933 3209 1045 3264 obstite-

87 3294 132 3363 rit,
155 3292 250 3364 idest,
274 3294 320 3365 qui
343 3293 452 3362 uiderit,
476 3291 548 3365 quod
572 3292 656 3348 uideri
679 3292 753 3348 neias
775 3302 855 3348 esset.
871 3322 912 3331 -
928 3291 999 3347 Fest.
1022 3309 1046 3345 v.

88 3375 221 3432 Obstiturn
237 3394 264 3448 p.
284 3375 353 3433 193.

150 3455 197 3516 28.
219 3460 423 3516 Praecidonen
444 3475 538 3530 porco
553 3462 690 3529 proditore
710 3458 810 3532 syllaba
832 3459 960 3515 secundo
978 3475 1046 3529 pro·

88 3544 253 3599 nuncianda
271 3551 314 3599 est
319 3568 329 3609 ;
349 3545 426 3616 quoti
440 3547 528 3614 enim,
543 3551 574 3598 ut
590 3544 625 3598 ait
640 3542 669 3597 L.
687 3541 812 3612 Cincius,
829 3549 983 3614 antequam
998 3558 1047 3596 no·

160 3704 180 3773 ¹)
195 3705 325 3770 Suppleoi.
358 3702 379 3771 ¹)
397 3707 529 3757 Postrema
548 3705 626 3755 uerbo
642 3706 756 3768 sortasse
771 3720 861 3755 nouum
878 3702 947 3751 Festi
960 3706 1048 3750 lemma

87 3785 152 3828 aunt.
185 3773 206 3842 3)
222 3776 266 3826 Eac
280 3777 384 3826 Ilertzii
398 3780 430 3840 ej.
460 3774 481 3841 ⁴)
499 3776 624 3832 Correxi,·
643 3775 706 3838 quod
725 3776 749 3822 in
768 3775 831 3823 oleae
851 3772 919 3821 nucis
934 3772 996 3833 quod
1012 3773 1048 3817 in·

88 3854 124 3896 tus
139 3849 170 3897 sit
187 3847 231 3896 Cd.
246 3848 304 3896 edd.
335 3845 355 3912 ⁵)
371 3846 414 3896 Ex
429 3845 538 3911 Berpkii
552 3849 583 3908 oj.
599 3852 734 3908 parenstam
746 3843 789 3891 Cd.
809 3843 864 3890 An:
879 3847 1047 3901 peruetustarn.
