2378 4386
490 493 582 530 rvsrvs
600 495 727 531 ravanus.
1030 480 1094 545 455

126 628 267 752 tutte
280 629 1090 774 {stlattastte.tttttltttttttttattt

127 766 200 833 sunt,
220 764 257 819 ab
276 764 329 818 hac
347 763 411 818 labe
431 780 571 817 immunes
589 765 704 831 luerint,
724 781 780 819 nou
792 764 876 818 modo
889 764 1024 818 credrbile
1037 766 1089 834 est,
1171 786 1184 802 =

127 832 177 887 sed
195 833 282 886 etiam
300 832 362 901 ipsa
378 847 408 884 re
427 847 488 884 com
509 832 634 886 robatur.

196 900 266 978 Cum
284 915 359 978 vero·
370 899 425 952 iam
444 899 480 952 ad
489 849 624 978 {nullum
635 900 793 977 integritati
806 915 872 954 suae
887 898 1091 978 restituendam

126 984 296 1033 venerimus,
316 984 438 1037 primurn
457 967 600 1021 serendum
614 970 665 1032 est,
683 971 826 1037 epitomae
841 968 1017 1021 Alarieranae
1035 983 1091 1022 non

78 1044 113 1097 5η
128 1037 262 1105 exiguum
286 1050 435 1089 numerum
463 1035 722 1105 supplementorum
749 1035 898 1098 accedere,
925 1035 1030 1104 partim
1058 1051 1092 1088 ex

126 1102 303 1174 Fragmentie
316 1101 462 1156 Vaticanis
481 1110 510 1156 et
522 1102 678 1157 Collatione
697 1105 726 1156 et
739 1102 951 1157 Consultatione
970 1102 1091 1156 etlusti·

126 1173 204 1226 niani
230 1170 370 1248 Digestis,
397 1170 503 1238 partim
532 1188 566 1225 ex
592 1170 758 1238 quibusdam
786 1169 929 1223 codicibus
955 1169 1091 1224 breviarii

127 1238 289 1302 Alariciam,
308 1238 411 1306 quibus
429 1253 464 1290 ex
483 1239 611 1308 genuinis
629 1238 719 1291 Paulli
737 1237 897 1300 Sententiis,
916 1240 948 1290 ut
966 1238 1089 1302 videtur,

127 1304 955 1428 {tattuttttlibtitttetuttelstet?
968 1304 1089 1426 ”iiiiii

586 1414 592 1435 s
896 1414 901 1424 ’
956 1413 962 1437 s
1084 1416 1090 1429 ·

129 1447 237 1495 lte-19.
250 1446 291 1497 at.
304 1446 345 1494 22.
365 1441 521 1509 exscriptus
539 1441 613 1495 etin
632 1440 756 1494 editione
775 1454 824 1492 sua
842 1454 865 1498 a,
887 1443 960 1492 tuse.
979 1438 1089 1492 adhibi·

126 1511 185 1575 tus,
203 1523 279 1560 nuno
296 1522 364 1559 vero
382 1508 569 1575 deperditus¹

197 1574 279 1639 Quod
297 1589 364 1626 vero
382 1574 418 1629 sd
434 1577 525 1645 ipsam
543 1577 695 1644 epitomem
715 1573 901 1628 Alaricianarn
921 1574 1036 1640 attinet,
1057 1574 1091 1628 ea

77 1643 89 1667 ⁸
128 1641 244 1710 quidem
263 1639 410 1709 permultis
422 1645 565 1698 codicibus
577 1661 640 1701 mss.
655 1643 691 1697 ad
709 1659 759 1696 nos
775 1658 826 1711 pro
849 1643 935 1719 agata
951 1644 1003 1708 est,
1022 1657 1092 1708 quo·

127 1708 329 1762 rumnonnulli
341 1710 377 1762 ab
387 1711 543 1766 editoribus
554 1711 647 1765 seculo
663 1710 772 1765 decimo
783 1727 832 1764 sex
874 1726 916 1762 rns
937 1710 1002 1774 ceti,
1017 1726 1090 1763 nunc

127 1778 178 1831 ubi
195 1777 265 1842 sint,
285 1776 443 1846 ignoratur,
463 1778 553 1832 multo
572 1779 662 1832 maior
681 1780 776 1832 autem
794 1793 859 1847 pars
878 1727 969 1830 adfine
988 1777 1090 1841 exstat,

127 1861 180 1899 nec
198 1844 288 1899 solum
313 1847 405 1899 exstat
427 1846 476 1899 sed
495 1852 524 1900 et
542 1847 570 1899 in
595 1848 686 1900 lucem
709 1848 853 1914 protracta
870 1846 922 1899 est.
958 1844 1090 1912 Inprimis

128 1912 247 1967 Gustavi
261 1911 393 1966 Haenelii
408 1913 552 1968 doctnuae
568 1916 597 1968 et
607 1914 747 1967 indefesso
760 1914 853 1966 studio
865 1912 994 1979 debetur,
1013 1911 1088 1978 quod

128 1981 165 2033 tri
187 1980 194 1992 ‘
216 1981 390 2048 taquattnor
399 1981 526 2035 codicum
538 1982 573 2035 ab
587 1981 649 2049 ipso
663 1980 867 2049 descriptorum
882 1984 911 2034 et
923 1979 1090 2034 collatorum

128 2048 171 2102 lec
186 2047 296 2102 ionibus
314 2048 356 2100 nti
372 2047 480 2101 liceat.2
510 2049 632 2114 Quorum
650 2049 765 2118 quidem
782 2049 823 2101 sin
866 2047 956 2101 lorum
970 2047 1005 2100 de
1018 2047 1092 2101 doti·

129 2115 181 2168 bus
200 2130 285 2185 agere
304 2117 334 2168 et
351 2116 467 2185 longum
485 2118 590 2170 estnec
609 2117 683 2170 tanti
701 2116 795 2171 refert.
834 2115 910 2194 gitur
922 2115 1091 2169 sufficithoc

129 2181 191 2235 loco
210 2182 379 2250 generaliter
396 2184 521 2249 notasse,
545 2183 614 2238 dnos
632 2185 718 2239 seculi
741 2185 868 2253 septimi,
893 2186 1001 2238 ceteros
1019 2183 1091 2237 inse·

130 2250 278 2318 quantinus
296 2251 455 2304 seculorum
474 2267 541 2316 esse,
560 2251 629 2305 alios
647 2268 731 2321 saepe
750 2252 819 2305 alias
832 2252 987 2306 sententias
1002 2252 1091 2306 eonti-

129 2333 197 2372 nere
215 2333 267 2371 nec
285 2334 369 2387 quern
391 2334 455 2372 nam
475 2321 581 2373 ceteros
599 2319 640 2372 ita
658 2321 834 2440 praestantia
845 2337 988 2389 superare,
1008 2322 1040 2374 nt
1057 2336 1091 2375 eo

130 2384 190 2440 aolo
204 2386 245 2439 uti
255 2386 346 2440 liceat.
402 2385 498 2440 mnino
508 2389 603 2440 autern
619 2388 649 2440 in
683 2405 737 2440 uno
749 2403 897 2440 numerum
907 2404 963 2441 non
974 2388 1092 2442 veniunt

129 2453 240 2507 codices
259 2453 445 2522 epitomarum
463 2454 584 2521 illarum,
604 2455 683 2508 velut
701 2455 883 2523 Aegidianae,
902 2454 1091 2509 Guelferbita·

129 2536 192 2586 uae,
211 2520 339 2586 aliarum,
361 2537 433 2589 quae
452 2540 547 2575 rursus
566 2538 599 2576 ex
618 2522 757 2575 breviario
776 2522 936 2574 Alariciano
976 2523 1091 2575 osteric-

129 2589 206 2642 ribus
224 2589 325 2642 seculis
343 2589 444 2653 factae,
462 2592 559 2644 nostra
578 2589 690 2643 demum
710 2590 804 2641 aetate
822 2587 948 2641 eiusdem
989 2589 1091 2641 aenelii

129 2656 231 2709 merito
249 2656 278 2708 in
296 2655 451 2724 pleniorem
469 2657 598 2711 notitiem
618 2657 765 2709 venerunt.
801 2655 837 2707 Et
854 2671 920 2708 sane
939 2654 975 2706 ad
994 2654 1091 2724 genui-

128 2740 196 2777 num
214 2723 345 2778 Paullum
363 2725 568 2779 restituendum
589 2725 634 2777 vix
653 2723 807 2792 quidquam
827 2722 983 2775 conferunt.

204 2931 224 3002 ¹)
238 2936 272 2987 Ci.
293 2938 386 2987 Stieber
406 2939 481 2987 l‘rael.
502 2938 530 2986 ad
550 2938 667 2987 llauboldi
687 2953 769 3001 opusc.
790 2936 855 2987 acad.
869 2936 894 2986 T.
916 2935 944 2987 ll.
964 2951 987 3000 p.
1003 2935 1091 2987 extit.

131 3007 229 3057 llaenel.
244 3009 319 3073 prael.
329 3010 359 3057 ad
374 3010 418 3072 leg.
430 3008 496 3058 Rom.
509 3010 579 3071 Visig.
591 3026 613 3073 p.
625 3010 692 3058 xvtt.
706 3009 764 3058 xlx.
790 3008 922 3058 Verisimile
937 3016 981 3071 est,
997 3009 1021 3058 in
1036 3023 1092 3059 eae·

130 3080 189 3128 teris
204 3079 337 3129 occidentis
351 3081 458 3144 partibus
469 3088 533 3129 entra
549 3095 646 3142 regnum
657 3081 833 3143 visigothorum
843 3079 907 3143 (nam
921 3080 959 3129 bic
970 3081 1092 3145 antiquum

131 3150 167 3199 ius
183 3165 226 3213 per
241 3165 324 3199 noram
340 3151 414 3214 legem
429 3151 558 3201 Romanam
573 3152 687 3199 abolitum
702 3151 764 3216 erat)
779 3152 933 3214 genuiuarum
948 3151 1021 3201 Paulli
1036 3166 1093 3200 sen-

131 3222 259 3270 tentiarum
273 3222 370 3272 codices
385 3223 474 3272 diutius
491 3223 512 3272 in
525 3238 568 3272 usu
583 3224 657 3271 luisse
668 3231 690 3271 et
703 3231 786 3286 postea
798 3224 941 3272 Francorum
952 3237 1025 3284 reguo
1035 3238 1093 3286 pru·

131 3290 202 3341 latete
218 3293 290 3342 etiam
305 3294 334 3341 ab
349 3295 394 3354 his,
410 3295 449 3357 qui
465 3295 488 3343 in
500 3293 574 3343 Gallia
585 3294 716 3343 meridiana
727 3295 764 3343 ius
775 3294 897 3355 docerent,
916 3295 1024 3358 usurpari
1036 3307 1093 3343 coe-

131 3363 204 3426 pisse.
234 3364 269 3412 lbi
289 3365 351 3413 enim
370 3365 464 3413 scholas
484 3366 593 3428 antiquos
613 3366 687 3414 libros
707 3367 848 3427 retinuisse,
871 3366 975 3428 exceptis
991 3367 1092 3414 tortasse

131 3433 183 3482 Gaii
198 3435 396 3496 institutionibus,
412 3436 497 3498 probat
512 3436 622 3485 remissio
637 3437 666 3483 ad
683 3433 768 3484 ‘Paulli
783 3436 906 3499 Responsa
921 3436 965 3484 sub
980 3436 1048 3484 titulo
1064 3436 1092 3485 de

131 3518 156 3553 re
172 3502 265 3553 uroria’
283 3507 306 3554 iu
323 3506 423 3569 lnterpr.
439 3506 481 3556 Tb.
492 3504 517 3555 C.
529 3505 567 3554 ΙΙΙ.
584 3518 616 3567 ta,
632 3518 651 3555 a.
677 3505 710 3555 ct.
722 3507 807 3556 lsidor.
824 3507 920 3567 erige,
932 3518 957 3555 14
972 3513 994 3555 et
1011 3505 1091 3554 Const.

131 3575 231 3624 Omnem
247 3577 306 3639 reip.
322 3579 345 3639 ξ.
360 3589 380 3626 1.
432 3572 453 3641 ²)
468 3576 606 3639 Descriptus
622 3578 728 3625 terentes
743 3585 798 3639 post
812 3577 947 3626 Stieberum
962 3576 976 3626 l.
991 3593 1010 3627 c.
1026 3578 1052 3627 T.
1064 3577 1092 3625 ll.

132 3660 154 3709 p.
166 3646 287 3695 lxxxvii
299 3662 349 3710 seq.
366 3648 388 3695 iu
399 3647 496 3696 llaenel.
512 3648 585 3710 prael.
602 3647 630 3695 ad
646 3647 671 3694 t.
687 3648 754 3695 Rom.
767 3647 838 3708 Visig.
853 3663 875 3696 c.
886 3647 924 3695 lll.
940 3662 964 3710 p.
980 3647 1026 3695 llL.
1042 3662 1092 3711 seq.

133 3716 209 3779 lpsaru
231 3714 332 3765 ‘variet
353 3718 486 3781 scripturae
505 3733 532 3766 er
553 3717 624 3765 Paulli
645 3732 657 3765 a
675 3718 747 3779 Visig.
764 3718 821 3780 epit.
836 3714 976 3766 codicibus'
998 3716 1094 3778 collegit

131 3786 194 3837 idem
209 3788 283 3836 boun.
299 3800 360 3840 1824.
375 3796 399 3836 et
414 3791 436 3838 in
452 3787 522 3851 Corp.
539 3789 583 3837 iur.
599 3789 708 3837 anteinst.
723 3788 842 3836 bonnensi
856 3803 878 3850 p.
895 3799 934 3838 res
948 3802 998 3849 seq.
1028 3787 1093 3834 Unus

130 3870 157 3906 ex
173 3860 210 3908 bis
226 3859 310 3921 cedd,
326 3860 499 3920 berolinensis,
516 3859 549 3907 ibi
564 3858 664 3907 collatus
679 3865 716 3906 est
730 3874 743 3906 a
758 3857 879 3906 Rudorsso.
