2378 4386
156 534 220 599 318
435 550 497 587 ean
517 548 615 585 asorar.
634 531 681 590 111.
702 537 845 588 lua-128.

158 699 247 749 autem
263 692 393 749 creditam
409 691 523 748 dicimus
538 707 593 747 non
609 690 698 748 solum
715 709 781 763 eam,
804 707 884 764 quam
901 688 1028 748 cretlendi
1043 705 1122 747 causa

157 776 265 843 damus,
287 785 330 832 set
345 791 468 846 ornnem,
490 785 662 850 quantuor,
698 775 774 849 cnm)
793 777 963 834 contrabitur
979 773 1120 849 obligatio,

157 869 262 917 certum
277 867 320 917 est
335 860 454 917 debiturn
477 861 528 932 iri,
551 859 578 915 id
601 869 659 931 est,
697 858 785 937 qnae)
809 862 867 917 sine
890 861 944 917 ulia
962 860 1122 916 condicione

157 943 302 1001 deducitur
318 945 344 1001 iu
360 945 570 1019 obligationem
586 946 679 1017 itaque
695 954 722 1001 et
734 962 764 1002 ea
776 947 899 1020 pecunia,
921 960 999 1017 quam
1013 945 1039 999 in
1051 944 1120 1000 diem
1134 958 1185 1011 [stet

156 1039 261 1086 certum
277 1029 334 1086 dari
349 1029 524 1102 stipulamur,
547 1028 643 1085 eodem
658 1045 772 1086 numero
791 1039 849 1101 est,
873 1032 934 1103 quia
949 1039 1053 1085 certum
1069 1038 1120 1100 est,

157 1130 215 1170 eam
243 1112 363 1171 debitum
391 1115 439 1183 iri,
467 1113 530 1169 iicet
557 1120 622 1186 post
644 1122 750 1187 tempus
777 1123 894 1189 petatur.
939 1113 1120 1187 appellatione

157 1206 247 1254 auteur
276 1200 405 1275 pecuniae
428 1213 520 1254 ornnes
543 1214 587 1253 res
617 1199 645 1253 in
668 1215 697 1254 ea
721 1198 781 1272 iege
804 1197 1006 1273 significantur3
1030 1199 1120 1271 itaque

81 1296 138 1347 toa.
157 1275 235 1362 ⁹(et)¹
252 1284 275 1339 sl
292 1284 386 1340 ninum
402 1281 446 1338 uel
461 1281 637 1353 trumentum,
652 1292 704 1339 aot
719 1285 742 1338 sl
758 1283 870 1339 tundunt
894 1278 899 1361 Ι
923 1260 967 1339 uei
984 1283 1120 1339 bominem

79 1424 83 1431 ,
156 1368 334 1441 stipulemur,
362 1367 428 1422 haee
455 1366 497 1422 lex
521 1364 690 1423 obseruanda
713 1376 765 1429 est.
810 1365 874 1426 12⁶.
900 1367 936 1423 En
959 1365 1119 1440 quibusdam

157 1461 248 1509 tamen
263 1454 351 1508 causis
364 1452 497 1525 permittit
512 1467 542 1506 ea
558 1451 601 1507 lex
616 1452 643 1506 ln
658 1449 792 1509 infinitum
804 1455 870 1509 satis
886 1454 1018 1526 accipere,
1035 1451 1120 1507 ueluti

158 1539 181 1592 si
196 1536 270 1593 dotis
286 1538 405 1605 nomine,
428 1536 472 1592 uel
488 1536 557 1607 eius,
578 1535 651 1608 quod
668 1551 700 1591 en
717 1545 880 1594 testamento
896 1530 966 1594 ’cui²
981 1535 1118 1597 debeatur,

157 1630 203 1678 aut
225 1623 300 1677 iussu
318 1621 414 1676 iudicis
429 1622 496 1676 sotis
519 1621 674 1693 accipiatur.
712 1629 740 1677 et
762 1621 849 1678 adbuc
864 1622 933 1694 ’iege
956 1616 1048 1699 (Iulio
1068 1611 1117 1697 de)

157 1706 284 1762 uicesima
299 1697 510 1762 hereditatium³
524 1712 650 1775 cauetur,
671 1714 702 1760 ut
717 1705 749 1760 ad
765 1722 809 1761 eas
826 1706 1029 1773 satisdationes,
1052 1719 1120 1778 quae

156 1806 188 1847 ex
204 1805 234 1845 ea
250 1789 311 1863 lege
326 1795 528 1863 proponuntur,
544 1787 586 1843 lex
603 1787 726 1845 Cornelia
743 1806 798 1846 non
818 1793 963 1864 pertineat.
998 1785 1063 1846 126.
1079 1787 1118 1842 ’ln

154 1891 187 1931 eo
202 1874 323 1948 ’quoque
339 1866 417 1929 iure⁴
437 1889 487 1945 par
502 1871 625 1929 condicio
642 1881 684 1928 est
700 1876 829 1945 omnium,
853 1891 1032 1948 sponsorum,
1055 1871 1118 1928 fide·

154 1960 367 2033 promissorum,
391 1955 595 2028 fideiussorum,
622 1957 695 2029 quod
715 1959 753 2015 ita
776 1958 890 2033 obligari
911 1975 966 2013 non
991 1965 1118 2031 possunt,

154 2051 185 2100 ut
207 2042 268 2116 plus
291 2042 416 2112 debeant,
439 2057 519 2114 quarn
535 2040 615 2098 debet
636 2042 676 2114 is,
698 2059 748 2116 pro
768 2059 823 2115 quo
846 2041 1016 2116 obligantur:
1036 2050 1063 2095 ot
1086 2058 1117 2096 en

153 2128 265 2184 diuerso
287 2136 317 2182 ut
331 2128 418 2182 minus
435 2124 566 2196 debeant,
582 2124 697 2200 obligari
713 2136 846 2201 possunt,
867 2127 938 2182 sicut
951 2128 979 2181 in
995 2126 1117 2197 adstipu-

153 2211 247 2268 latoris
262 2227 378 2286 persona
394 2211 524 2279 dialtuus;
540 2227 601 2267 nam
622 2218 653 2267 ut
672 2211 886 2286 adstipulatoris,
908 2212 946 2265 ita
969 2219 996 2266 et
1018 2210 1117 2264 horum

154 2295 287 2370 obligatio
310 2296 429 2351 accessio
457 2304 499 2352 est
526 2294 681 2371 principalis
709 2295 902 2371 obligationis,
931 2311 981 2351 nec
1003 2293 1067 2368 plus
1090 2296 1118 2349 in

152 2381 308 2436 accessione
330 2396 390 2435 esse
409 2388 502 2454 potest
523 2397 604 2454 quam
626 2382 653 2435 in
675 2380 813 2455 principali
835 2374 916 2439 beo.⁶
952 2377 1015 2438 127.
1040 2379 1068 2434 tn
1085 2395 1117 2435 eo

153 2480 263 2540 quoque
285 2481 334 2538 par
357 2467 476 2522 omnium
499 2482 578 2522 causa
602 2472 657 2533 est,
682 2464 800 2538 quodsi
824 2467 892 2541 quid
912 2482 962 2539 pro
986 2482 1035 2521 reo
1062 2463 1117 2520 sol-

152 2551 254 2622 uerint,
265 2551 323 2606 eius
341 2550 511 2625 reciperandi
523 2566 603 2608 causa
616 2548 717 2606 habent
729 2567 790 2607 cunr
802 2566 835 2607 eo
848 2549 963 2606 mandati
974 2549 1115 2615 iudiciunn

152 2643 180 2692 et
203 2635 256 2692 hoe
280 2635 395 2712 amplius
417 2652 566 2710 sponsores
587 2652 619 2691 ex
640 2635 701 2709 lege
721 2634 834 2692 Publilia
857 2636 994 2709 propriant
1017 2633 1117 2691 habent

151 2722 283 2778 actionem
299 2723 327 2777 in
343 2721 466 2796 duplum,
482 2737 551 2795 quae
566 2720 718 2794 appellatur
733 2719 855 2793 depensi.

213 2803 278 2864 128.
300 2805 410 2862 Litteris
433 2805 564 2880 obligatio
588 2804 618 2858 iit
641 2798 748 2861 ueluti⁰
769 2803 928 2861 nominibus
950 2804 1116 2876 transcripti·

225 2972 245 3037 ¹)
261 2974 362 3023 Addidi
377 2973 409 3022 ib.
421 2989 450 3037 p.
465 2985 498 3024 ott.
575 2969 597 3037 ²¹)
612 2973 654 3022 tiui
672 2973 696 3026 C.
717 2974 760 3023 tibi
775 2975 833 3024 edd.
907 2969 928 3038 ⁸)
946 2973 1002 3022 Non
1017 2970 1114 3028 dubito,

151 3047 212 3110 quin
227 3047 283 3106 ipae
300 3043 381 3093 Gaius
395 3046 422 3092 in
437 3044 478 3093 bis
492 3043 702 3093 Institutionr'bus
715 3047 869 3108 scripserit:
883 3045 934 3106 iege
945 3044 985 3093 lul.
995 3043 1024 3091 de
1039 3042 1112 3090 uices.

151 3117 201 3164 ber.
216 3121 240 3163 et
250 3117 290 3164 sie
304 3131 373 3164 nnnc
387 3117 512 3177 supplevi,
569 3111 590 3178 ⁴)
605 3114 664 3164 Hoc
679 3116 729 3163 iam
744 3117 770 3164 in
786 3123 933 3165 contextum
947 3114 1042 3177 recepi.
1063 3113 1114 3161 iuro

150 3199 244 3249 quoqne
264 3186 315 3234 iure
335 3183 384 3249 (aie
404 3192 523 3235 correcto
543 3183 605 3249 iura)
630 3182 680 3234 W.
756 3183 778 3250 ὅ)
799 3201 823 3236 re
843 3202 877 3235 eoe
897 3185 960 3235 [net.
980 3186 1019 3234 ed.
1040 3182 1114 3233 Stnd.

150 3257 250 3305 Deinde
266 3256 306 3319 qui
321 3262 346 3303 et
357 3262 448 3317 posteo
463 3256 563 3304 soluerit
577 3262 600 3304 et
615 3256 687 3305 babet
703 3256 729 3305 C,
804 3254 825 3321 ⁶)
842 3258 864 3306 in
880 3259 946 3306 male
958 3256 1114 3322 geminando

150 3326 250 3376 addunt
270 3326 295 3374 C.
315 3333 340 3374 et
358 3325 416 3374 edd.
438 3326 476 3388 Cf.
496 3327 533 3387 55.
554 3337 601 3376 182.
622 3338 668 3378 111.
688 3339 722 3377 uu.
750 3326 840 3377 Simile
859 3344 910 3377 non
929 3337 967 3377 eet
986 3329 1012 3376 in
1028 3329 1052 3389 ξ.
1068 3337 1114 3378 1³5·

150 3397 223 3446 ueluti
238 3397 295 3445 edd.
310 3395 359 3461 Bg.
374 3406 394 3446 o.
410 3403 434 3446 et
447 3395 521 3445 Stnd.
560 3396 660 3446 Deinde
675 3398 744 3446 nobis
761 3399 787 3447 (J.
803 3414 855 3461 pro
871 3399 1015 3448 nominibus.

151 3547 200 3610 (eo,
220 3544 264 3610 16).
284 3546 316 3595 L.
335 3557 355 3595 2.
371 3548 394 3608 ξ.
410 3560 430 3597 1.
452 3546 477 3595 C.
493 3547 525 3596 de
544 3555 623 3597 const.
637 3563 694 3611 pec.
712 3546 808 3613 (t.18).
881 3544 907 3616 ᾖ.
925 3550 983 3599 126.
1006 3548 1043 3611 Cf.
1055 3550 1078 3611 ἓ.
1093 3560 1114 3600 5.

150 3617 171 3667 Ι.
187 3618 219 3666 de
230 3617 301 3679 fidet.
317 3617 353 3683 (s‚
369 3616 414 3680 ao).
434 3618 457 3679 ξ.
473 3630 519 3669 tta.
592 3615 617 3686 ξ.
637 3620 694 3668 lut.
717 3618 754 3680 Cf.
770 3620 792 3680 ξ.
807 3630 828 3669 e.
848 3619 869 3668 I.
886 3620 941 3669 eod.
957 3619 989 3683 (a,
1004 3617 1049 3685 so).
1073 3619 1115 3667 de-

149 3683 230 3755 pensi]
246 3689 280 3750 cs.
296 3700 317 3749 a,
332 3700 379 3739 aro.
398 3701 420 3750 a,
433 3701 454 3740 o.
474 3699 508 3739 aa.
528 3700 561 3740 25.
581 3701 629 3740 toa.
649 3702 694 3740 1r1.
715 3701 762 3740 reo.
793 3689 869 3739 Paul.
885 3704 905 3751 1,
921 3703 953 3741 ro.
975 3693 999 3752 ξ.
1015 3704 1034 3740 t.
1061 3690 1113 3739 Cio.

149 3759 251 3809 addin.
271 3773 296 3820 1,
310 3772 331 3812 e.
357 3758 415 3808 Len
431 3759 479 3808 Iul.
496 3761 589 3809 munic.
605 3772 651 3810 111.
688 3759 736 3809 Est
753 3761 884 3811 condictio
899 3777 933 3810 ex
948 3764 1010 3826 lege.
1031 3761 1063 3810 L.
1078 3770 1113 3812 52.

148 3831 180 3882 I).
196 3830 280 3880 reond.
297 3829 343 3896 (tt,
358 3830 389 3895 1).
423 3832 459 3880 lex
475 3827 587 3898 Publilia]
597 3831 713 3893 sortasse
728 3847 751 3880 a.
768 3847 791 3879 u.
807 3843 854 3883 stt.
914 3828 959 3899 ἐξ.
976 3834 1035 3883 128.
1053 3834 1113 3882 129.

150 3902 188 3966 Cf.
204 3901 284 3969 (Epit.
300 3915 321 3966 a,
335 3915 356 3954 a.
372 3904 394 3965 ἓ.
410 3914 444 3953 12.
468 3900 577 3965 ibeopb.
592 3913 613 3964 t,
627 3913 652 3953 21
664 3903 720 3965 pr.)
734 3903 758 3962 ἕ.
774 3913 820 3953 tut.
843 3902 895 3952 Cic.
911 3902 942 3951 de
957 3902 1026 3965 offic.
1042 3913 1063 3963 a,
1078 3914 1113 3952 tt.
