2378 4386
164 517 229 585 392
439 476 498 570 auia
515 532 608 570 utem.
626 515 672 570 IV.
690 520 837 571 tat-tto,

90 663 152 714 2⁸5·
162 663 227 724 134.
245 703 316 724 ....
330 667 360 721 in
374 655 537 780 inienpttone
552 661 682 719 iormuiae
695 661 737 718 ’de
755 664 818 719 iure
835 668 996 736 quaeritur,
1008 663 1033 719 id
1047 658 1116 737 est,¹

139 727 207 806 *cui
221 748 291 804 ’dari
305 756 450 822 oporteat;
480 755 507 803 et
522 762 586 802 saue
601 746 710 802 domino
726 744 785 802 dari
799 754 919 819 oportet,
932 748 1005 821 quod
1017 765 1115 806 seruus

162 831 325 906 stipulatum
351 837 377 887 ai
397 832 424 886 in
445 831 655 904 praescriptione
680 828 713 885 de
736 823 839 901 ’sacto³
860 833 1013 903 quaeritur,
1040 833 1114 906 quod

162 915 310 974 secundum
329 913 478 971 naturalem
494 911 717 987 significationem
736 929 829 970 uerum
848 914 1009 973 essedcbct.
1047 913 1114 975 tao.

96 998 99 1003 ’
163 999 350 1072 Quaecumque
364 1005 453 1054 autem
468 997 583 1054 diximus
595 996 628 1053 de
640 998 735 1067 seruis,
749 996 839 1053 eadem
851 998 883 1053 de
896 1000 992 1054 ceteris
1005 1016 1116 1073 quoque

162 1083 294 1159 personis,
311 1098 380 1156 quae
396 1088 491 1137 nostro
506 1082 557 1136 iuri
572 1081 710 1137 subiectae
725 1088 803 1150 suot,
827 1081 897 1137 dicta
912 1081 1114 1157 intellegemus.

163 1162 227 1225 136.
251 1165 316 1222 item
332 1164 492 1222 admonendi
507 1180 617 1234 sumus,
632 1165 654 1220 si
670 1180 729 1219 cunr
747 1164 804 1236 ipso
821 1180 945 1237 agamus,
967 1167 1014 1239 qui
1028 1168 1115 1223 incer·

162 1258 219 1306 tum
235 1249 403 1324 promiserit,
422 1249 459 1304 ita
474 1246 552 1303 nohis
568 1246 708 1303 formulam
726 1263 785 1303 csse
801 1249 978 1321 propositam,
994 1257 1024 1306 ut
1039 1267 1115 1324 prae·

161 1462 261 1521 scebat,
284 1476 318 1510 aa
337 1460 477 1510 hereditati
494 1459 688 1524 praeiudicium
707 1460 794 1521 fleret,
819 1461 888 1523 quod
909 1463 935 1510 si
952 1464 1113 1525 pronuncia·

163 1540 250 1591 uerat,
269 1532 393 1582 iudicium
411 1532 443 1580 de
460 1531 572 1595 stupetis
589 1528 666 1578 rebus
684 1531 771 1592 petitis
794 1533 890 1579 nultum
909 1538 978 1595 erat,
997 1532 1113 1596 ideoque,

159 1605 236 1668 pinita
246 1602 278 1652 de
286 1602 429 1650 hereditate
438 1602 595 1664 quaestione,
609 1605 692 1657 actor,
702 1601 747 1663 qui
756 1600 867 1658 vicerat,
882 1603 965 1652 denuo
975 1616 1019 1651 eas
1024 1610 1114 1666 petere

158 1678 270 1737 poterat.
300 1670 375 1720 Nunc
388 1686 451 1721 uero
465 1671 557 1720 cumin
571 1670 679 1733 speciem
689 1671 849 1733 exceptionis
863 1671 926 1721 baec
937 1675 1114 1737 praescriptio

162 1743 274 1792 deducta
286 1743 333 1800 sit,
352 1743 404 1790 nisi
417 1747 492 1790 actor
505 1739 604 1790 obiecta
618 1754 648 1788 ea
664 1740 790 1790 actionem
808 1741 928 1804 differat,
947 1758 1001 1791 rem
1016 1744 1114 1807 perdit.

162 1814 223 1879 quia
237 1827 299 1862 reus
311 1813 335 1861 si
349 1810 541 1875 praeiudicium
556 1810 618 1871 fieri
632 1808 798 1871 probauerit,
818 1810 962 1861 absoiuitur
980 1820 1004 1861 et
1023 1815 1115 1863 iterum

158 1884 259 1948 petenti
271 1884 358 1932 actori
371 1888 445 1931 nocet
463 1880 581 1942 exceptio
596 1881 636 1928 rei
653 1880 791 1930 iudicatae.
812 1883 870 1931 134.
898 1881 1032 1931 Interdum
1051 1900 1117 1934 uero

162 1955 238 2005 etiam
256 1953 352 2002 nostris
371 1950 525 2014 temporibus
539 1951 716 2012 praescriptio
736 1958 787 1999 tam
800 1966 852 2014 pra
869 1958 957 2001 actore
972 1968 1047 2016 quam
1061 1970 1115 2018 pro

161 2039 207 2074 reo
221 2024 283 2072 dari
297 2022 414 2071 uidetur:
436 2021 505 2084 quod
522 2020 631 2080 accidit,
650 2035 706 2069 cum
720 2021 751 2069 de
765 2035 795 2070 eo
809 2022 920 2085 opimus,
940 2024 1009 2085 quod
1021 2037 1115 2073 seruus

161 2094 224 2143 dari
242 2093 381 2155 stipulatus
400 2098 445 2140 est.
478 2089 553 2139 Licet
571 2092 635 2138 enim
655 2091 803 2139 eonomine
819 2091 930 2153 perinde
951 2090 1024 2141 nobis
1042 2096 1113 2142 actio

162 2170 299 2227 competat,
318 2169 393 2225 atque
412 2162 436 2209 si
454 2161 505 2224 ipsi
523 2161 641 2222 stipulati
661 2175 781 2218 essemus,
803 2167 884 2210 tamen
904 2162 964 2223 quia
983 2176 1027 2218 ca,
1047 2178 1114 2226 quae

159 2235 229 2297 sacti
237 2238 309 2288 suni,
324 2246 358 2279 ex
364 2245 479 2293 persona
487 2232 650 2293 stipulatoris
655 2231 781 2295 pendent,
797 2233 866 2279 uelut
874 2232 899 2279 si
906 2229 1011 2281 Sticbue
1020 2246 1116 2283 seruus

161 2318 230 2353 metti
249 2304 286 2351 t'ba
303 2302 443 2364 stipulatus
457 2302 505 2350 tt'i:
523 2308 544 2346 Χ
560 2308 643 2347 tritta
662 2307 724 2348 m
734 2307 869 2356 FVNDVII,
893 2308 992 2348 VTRVM
1012 2310 1114 2359 rotant,

161 2379 241 2420 Danti
253 2376 393 2418 seruatur
406 2377 544 2424 srouoam
559 2372 692 2435 utriusque
700 2369 961 2433 iitipatorisinterest‚
970 2376 1115 2433 utociaiur,

162 2442 237 2492 cuius
250 2454 285 2488 eac
297 2441 422 2503 stipulatu
436 2448 538 2506 apator.
558 2456 609 2505 qua
618 2442 650 2490 de
665 2455 744 2490 causa
755 2440 958 2501 sarmuiadatur
968 2458 1025 2492 cum
1034 2460 1114 2507 prae·

160 2511 303 2573 scriptione
317 2512 387 2560 uelut
400 2511 448 2562 irae
461 2512 548 2561 nodo:
566 2518 604 2557 aa
619 2517 674 2557 aas
686 2516 813 2564 acerra,
830 2516 904 2563 otoo
913 2518 1119 2561 srrcarsarar

160 2576 265 2621 aarnrr
275 2578 389 2620 santra
402 2580 583 2621 aauruunro
592 2579 712 2619 nuaram
721 2577 967 2619 srrrvrarrsasr.
985 2581 1119 2622 senuaar

160 2641 322 2684 uruanrru
328 2640 1117 2683 aaarorruaraouaanrooacuuursreoanroronrann

161 2707 319 2769 etreliqua:
342 2706 441 2769 itaque,
460 2706 487 2754 in
507 2701 651 2753 intenitioue
670 2699 796 2751 iormuiae’
812 2709 859 2752 etc.
890 2702 928 2766 Cf.
949 2703 1073 2755 Zeitscbr.
1091 2707 1113 2769 f.

159 2775 246 2840 pescb.
261 2774 332 2824 RW.
351 2774 430 2824 XIII.
443 2790 470 2837 p.
485 2785 532 2827 aaa.
561 2773 711 2835 Eaempium
724 2774 804 2822 sumsi
822 2788 857 2822 em
872 2772 904 2821 L.
920 2784 945 2824 ta
955 2789 998 2836 pr.
1014 2783 1038 2823 et
1054 2775 1116 2825 Gaii

161 2846 193 2896 L.
208 2858 246 2898 ιιι
257 2861 302 2908 pr.
320 2845 352 2894 I).
368 2846 399 2894 de
414 2844 481 2895 verb.
497 2844 545 2894 obi.
565 2843 609 2908 (45,
625 2843 655 2906 t).
713 2839 732 2908 ¹)
747 2842 792 2891 Ec
810 2842 837 2891 V
838 2838 871 2891 ¹2:
889 2845 1014 2907 scriptum
1030 2845 1117 2908 fuisse

157 2924 236 2979 puto:
254 2918 304 2964 iure
321 2913 486 2980 q(uac)rit(ur)
502 2917 531 2962 ic.
556 2921 632 2962 antea
649 2912 772 2962 edebatur
791 2913 981 2962 determinatum
999 2921 1042 2962 cst.

163 2982 183 3049 ¹)
198 2986 254 3033 dore
270 2991 363 3048 oportet
379 2985 403 3033 Ο.
420 2984 486 3044 edd,
505 2984 574 3046 quod
587 2991 719 3046 uirumque
733 2985 837 3046 saepius
851 2984 929 3034 tacite
943 2986 1112 3035 correximus.

162 3050 184 3120 ⁸)
199 3052 243 3101 Euo
256 3052 360 3102 Saoinii
373 3056 405 3115 ej.
420 3059 490 3115 pacto
507 3053 532 3101 0.
547 3053 604 3101 edd.

231 3121 258 3187 ⁸)
275 3122 339 3186 Pap.
355 3130 394 3171 est
408 3128 432 3169 et
447 3132 485 3172 too
497 3121 590 3182 solium
605 3127 642 3169 est
656 3137 707 3171 non
721 3124 884 3187 rescriptum,
898 3130 975 3173 eastra
990 3122 1015 3173 0.
1031 3122 1114 3173 Vera·

161 3207 261 3242 nensem
275 3198 415 3248 serratum,
429 3199 454 3240 et
468 3193 518 3240 iam
533 3198 592 3239 anie
606 3206 661 3239 cum
675 3193 799 3241 detectum
813 3209 829 3242 a
840 3193 961 3257 Maffeio,
975 3193 1068 3243 deinde
1081 3193 1114 3244 ab

160 3259 298 3311 IIauboido
313 3259 447 3323 (Zeitscbr.
460 3260 481 3322 f.
495 3261 580 3325 pescia.
597 3260 668 3311 RW.
688 3261 740 3312 III.
757 3278 783 3325 p.
800 3263 923 3329 tto—tta)
934 3262 1034 3327 publici
1047 3266 1114 3313 iuris

158 3332 271 3395 factum,
286 3331 360 3379 cuius
371 3332 453 3395 imapo
463 3331 591 3379 delineata
602 3338 674 3379 extat
684 3333 720 3380 ad
728 3335 822 3381 caicem
832 3333 871 3381 cd.
885 3333 975 3384 Gbscb.
999 3334 1115 3384 Posteri·

160 3403 216 3452 aris
226 3416 289 3466 pap.
306 3400 439 3464 imapinem
450 3400 682 3466 plroioprapbicam
692 3401 800 3466 praebet
814 3403 854 3452 ed.
868 3401 942 3454 Stoa.

231 3553 274 3626 §5
292 3560 350 3608 134.
367 3559 425 3608 136.
447 3558 484 3621 Cf.
499 3562 523 3622 ξ.
538 3571 558 3609 s.
578 3558 600 3608 I.
619 3560 651 3609 de
663 3561 723 3624 stip.
737 3575 805 3610 sero.
819 3557 851 3626 (s,
866 3560 910 3625 tt).
932 3561 964 3611 L.
981 3573 1007 3614 ‘to
1018 3579 1062 3626 pr.
1081 3562 1114 3612 L.

163 3640 250 3690 impr.
270 3628 302 3676 D.
317 3629 349 3677 de
359 3628 426 3678 verb.
437 3629 485 3680 obi.
500 3629 544 3696 (to,
555 3628 585 3695 1).
605 3629 636 3678 L.
645 3642 672 3681 u
681 3646 725 3693 pr.
745 3631 776 3678 D.
788 3631 820 3678 de
830 3631 903 3680 cond.
919 3639 943 3680 et
953 3633 1017 3681 dern.
1028 3632 1072 3698 (aa,
1083 3632 1114 3697 1).

196 3694 239 3767 ἓξ.
257 3701 315 3749 136.
331 3702 390 3750 tat.
411 3699 449 3763 Cf.
467 3697 571 3751 ‘Gaius’
584 3714 612 3762 p.
627 3711 652 3750 ‘tt
666 3715 728 3764 seq,
743 3699 787 3749 ubi
800 3708 882 3749 tarsen
894 3717 944 3764 per
959 3717 1076 3751 errorem
1088 3704 1115 3752 in

160 3771 276 3832 exemplo
292 3769 422 3831 formatae
443 3779 538 3820 certam
557 3771 720 3819 intentionem
735 3784 787 3833 pra
806 3771 908 3820 incerta
923 3774 1009 3835 posui.
1038 3788 1115 3823 uooo

161 3853 238 3891 ortvs
253 3836 313 3908 etc]
336 3848 363 3889 ut
377 3840 426 3891 boc
444 3843 517 3892 modo
532 3842 572 3899 iat,
592 3841 667 3889 cuius
685 3842 725 3889 rei
739 3840 795 3890 dies
809 3848 879 3905 erat,
898 3843 973 3906 quasi
991 3849 1115 3905 separata
