<?xml version="1.0" encoding="UTF-8"?>
<!DOCTYPE html PUBLIC "-//W3C//DTD XHTML 1.0 Transitional//EN"
    "http://www.w3.org/TR/xhtml1/DTD/xhtml1-transitional.dtd">
<html xmlns="http://www.w3.org/1999/xhtml" xml:lang="en" lang="en">
 <head>
  <title>
</title>
<meta http-equiv="Content-Type" content="text/html;charset=utf-8" />
  <meta name='ocr-system' content='tesseract 3.04.00' />
  <meta name='ocr-capabilities' content='ocr_page ocr_carea ocr_par ocr_line ocrx_word'/>
</head>
<body>
  <div class='ocr_page' id='page_1' title='image "./iurisprvdentiae00huscgoog_0679.png"; bbox 0 0 2378 4386; ppageno 0'>
   <div class='ocr_carea' id='block_1_1' title="bbox 190 508 976 576">
    <p class='ocr_par' dir='ltr' id='par_1_1' title="bbox 190 508 976 576">
     <span class='ocr_line' id='line_1_1' title="bbox 190 508 976 576; baseline -0.008 -11"><span class='ocrx_word' id='word_1_1' title='bbox 190 511 252 575; x_wconf 77' lang='grc'><strong>640</strong></span> <span class='ocrx_word' id='word_1_2' title='bbox 350 526 455 563; x_wconf 81' lang='lat' dir='ltr'><strong>nouam</strong></span> <span class='ocrx_word' id='word_1_3' title='bbox 472 525 579 563; x_wconf 75' lang='lat' dir='ltr'><strong>ruamur</strong></span> <span class='ocrx_word' id='word_1_4' title='bbox 599 508 631 576; x_wconf 77' lang='lat' dir='ltr'><strong>(i)</strong></span> <span class='ocrx_word' id='word_1_5' title='bbox 649 523 747 560; x_wconf 78' lang='lat' dir='ltr'><strong>suana.</strong></span> <span class='ocrx_word' id='word_1_6' title='bbox 766 525 801 559; x_wconf 85' lang='lat' dir='ltr'><strong>na</strong></span> <span class='ocrx_word' id='word_1_7' title='bbox 819 523 880 559; x_wconf 81' lang='lat' dir='ltr'><strong>arna</strong></span> <span class='ocrx_word' id='word_1_8' title='bbox 898 522 976 559; x_wconf 74' lang='lat' dir='ltr'><strong>arser.</strong></span> 
     </span>
    </p>
   </div>
   <div class='ocr_carea' id='block_1_2' title="bbox 153 649 1147 1484">
    <p class='ocr_par' dir='ltr' id='par_1_2' title="bbox 153 649 1147 1484">
     <span class='ocr_line' id='line_1_2' title="bbox 252 649 1144 727; baseline -0.008 -12"><span class='ocrx_word' id='word_1_9' title='bbox 252 657 282 715; x_wconf 80' lang='lat'><strong>8·</strong></span> <span class='ocrx_word' id='word_1_10' title='bbox 308 649 376 723; x_wconf 77' lang='lat' dir='ltr'><strong>¹Qn</strong></span> <span class='ocrx_word' id='word_1_11' title='bbox 389 662 492 713; x_wconf 86' lang='lat' dir='ltr'><strong>contra</strong></span> <span class='ocrx_word' id='word_1_12' title='bbox 512 653 630 711; x_wconf 88' lang='lat' dir='ltr'><strong>edictum</strong></span> <span class='ocrx_word' id='word_1_13' title='bbox 652 652 708 709; x_wconf 86' lang='lat' dir='ltr'><strong>dial</strong></span> <span class='ocrx_word' id='word_1_14' title='bbox 722 655 848 727; x_wconf 74' lang='lat' dir='ltr'><strong>Augustti</strong></span> <span class='ocrx_word' id='word_1_15' title='bbox 864 667 924 708; x_wconf 87' lang='lat' dir='ltr'><strong>rem</strong></span> <span class='ocrx_word' id='word_1_16' title='bbox 942 650 1090 725; x_wconf 74' lang='lat' dir='ltr'><strong>litigiosam</strong></span> <span class='ocrx_word' id='word_1_17' title='bbox 1106 668 1122 708; x_wconf 90' lang='lat' dir='ltr'><strong>a</strong></span> <span class='ocrx_word' id='word_1_18' title='bbox 1138 662 1144 718; x_wconf 82' lang='lat' dir='ltr'><strong>t</strong></span> 
     </span>
     <span class='ocr_line' id='line_1_3' title="bbox 189 728 1144 812; baseline -0.006 -14"><span class='ocrx_word' id='word_1_19' title='bbox 189 759 246 799; x_wconf 90' lang='lat' dir='ltr'><strong>non</strong></span> <span class='ocrx_word' id='word_1_20' title='bbox 275 741 437 810; x_wconf 78' lang='lat' dir='ltr'><strong><em>possidente</em></strong></span> <span class='ocrx_word' id='word_1_21' title='bbox 467 739 643 811; x_wconf 84' lang='lat' dir='ltr'><strong>comparauit,</strong></span> <span class='ocrx_word' id='word_1_22' title='bbox 675 739 869 811; x_wconf 79' lang='lat' dir='ltr'><strong>praelteaquam</strong></span> <span class='ocrx_word' id='word_1_23' title='bbox 903 728 1004 812; x_wconf 84' lang='lat' dir='ltr'><strong>(quod)</strong></span> <span class='ocrx_word' id='word_1_24' title='bbox 1040 738 1144 809; x_wconf 80' lang='lat' dir='ltr'><strong>emptio</strong></span> 
     </span>
     <span class='ocr_line' id='line_1_4' title="bbox 154 820 1144 894; baseline -0.005 -13"><span class='ocrx_word' id='word_1_25' title='bbox 154 823 298 889; x_wconf 78' lang='lat' dir='ltr'><strong>nouultlius</strong></span> <span class='ocrx_word' id='word_1_26' title='bbox 325 823 453 878; x_wconf 75' lang='lat' dir='ltr'><strong>momenti</strong></span> <span class='ocrx_word' id='word_1_27' title='bbox 476 829 537 893; x_wconf 88' lang='lat' dir='ltr'><strong>est,</strong></span> <span class='ocrx_word' id='word_1_28' title='bbox 564 837 677 894; x_wconf 86' lang='lat' dir='ltr'><strong>poenam</strong></span> <span class='ocrx_word' id='word_1_29' title='bbox 703 825 708 876; x_wconf 95' lang='grc' dir='ltr'>Ι</span> <span class='ocrx_word' id='word_1_30' title='bbox 732 820 926 893; x_wconf 77' lang='lat' dir='ltr'><strong>quinquaginta</strong></span> <span class='ocrx_word' id='word_1_31' title='bbox 952 821 1144 876; x_wconf 81' lang='lat' dir='ltr'><strong>sestertiorum</strong></span> 
     </span>
     <span class='ocr_line' id='line_1_5' title="bbox 189 902 1145 980; baseline -0.002 -18"><span class='ocrx_word' id='word_1_32' title='bbox 189 907 256 964; x_wconf 89' lang='lat' dir='ltr'><strong>lisca</strong></span> <span class='ocrx_word' id='word_1_33' title='bbox 278 914 490 980; x_wconf 83' lang='lat' dir='ltr'><strong>retpraeseutare</strong></span> <span class='ocrx_word' id='word_1_34' title='bbox 511 903 692 979; x_wconf 83' lang='lat' dir='ltr'><strong>compellitur.</strong></span> <span class='ocrx_word' id='word_1_35' title='bbox 736 920 780 959; x_wconf 89' lang='lat' dir='ltr'><strong>res</strong></span> <span class='ocrx_word' id='word_1_36' title='bbox 802 912 890 959; x_wconf 81' lang='lat' dir='ltr'><strong>sutem</strong></span> <span class='ocrx_word' id='word_1_37' title='bbox 907 910 912 967; x_wconf 88' lang='grc'><strong>1</strong></span> <span class='ocrx_word' id='word_1_38' title='bbox 928 902 1047 975; x_wconf 81' lang='lat' dir='ltr'><strong>litigiosa</strong></span> <span class='ocrx_word' id='word_1_39' title='bbox 1068 903 1145 960; x_wconf 87' lang='lat' dir='ltr'><strong>nide-</strong></span> 
     </span>
     <span class='ocr_line' id='line_1_6' title="bbox 155 982 1147 1063; baseline -0.006 -13"><span class='ocrx_word' id='word_1_40' title='bbox 155 1000 246 1063; x_wconf 82' lang='lat' dir='ltr'><strong>nstur‚</strong></span> <span class='ocrx_word' id='word_1_41' title='bbox 269 989 302 1046; x_wconf 87' lang='lat' dir='ltr'><strong>de</strong></span> <span class='ocrx_word' id='word_1_42' title='bbox 323 1006 375 1063; x_wconf 91' lang='lat' dir='ltr'><strong>qua</strong></span> <span class='ocrx_word' id='word_1_43' title='bbox 396 982 460 1045; x_wconf 69' lang='grc' dir='ltr'><strong>’1ἱεῖ</strong></span> <span class='ocrx_word' id='word_1_44' title='bbox 476 995 481 1051; x_wconf 85' lang='grc'><strong>1</strong></span> <span class='ocrx_word' id='word_1_45' title='bbox 499 988 569 1062; x_wconf 85' lang='lat' dir='ltr'><strong>apud</strong></span> <span class='ocrx_word' id='word_1_46' title='bbox 585 1005 663 1044; x_wconf 91' lang='lat' dir='ltr'><strong>suum</strong></span> <span class='ocrx_word' id='word_1_47' title='bbox 678 987 792 1044; x_wconf 86' lang='lat' dir='ltr'><strong>iudicem</strong></span> <span class='ocrx_word' id='word_1_48' title='bbox 809 991 813 1052; x_wconf 92' lang='grc' dir='ltr'>Ι</span> <span class='ocrx_word' id='word_1_49' title='bbox 830 986 917 1042; x_wconf 85' lang='lat' dir='ltr'><strong>delata</strong></span> <span class='ocrx_word' id='word_1_50' title='bbox 932 994 983 1041; x_wconf 89' lang='lat' dir='ltr'><strong>est.</strong></span> <span class='ocrx_word' id='word_1_51' title='bbox 1027 986 1076 1042; x_wconf 90' lang='lat' dir='ltr'><strong>sed</strong></span> <span class='ocrx_word' id='word_1_52' title='bbox 1092 987 1147 1044; x_wconf 89' lang='lat' dir='ltr'><strong>hoc</strong></span> 
     </span>
     <span class='ocr_line' id='line_1_7' title="bbox 188 1063 1042 1190; baseline -0.007 -60"><span class='ocrx_word' id='word_1_53' title='bbox 188 1077 216 1130; x_wconf 91' lang='lat' dir='ltr'><strong>ln</strong></span> <span class='ocrx_word' id='word_1_54' title='bbox 231 1071 439 1148; x_wconf 87' lang='lat' dir='ltr'><strong>prouincialibus</strong></span> <span class='ocrx_word' id='word_1_55' title='bbox 456 1076 461 1138; x_wconf 86' lang='grc' dir='ltr'>Ι</span> <span class='ocrx_word' id='word_1_56' title='bbox 478 1072 569 1190; x_wconf 72' lang='lat' dir='ltr'><strong>iundiq</strong></span> <span class='ocrx_word' id='word_1_57' title='bbox 583 1088 664 1146; x_wconf 91' lang='lat' dir='ltr'><strong>praua</strong></span> <span class='ocrx_word' id='word_1_58' title='bbox 680 1063 880 1145; x_wconf 80' lang='lat' dir='ltr'><strong>usurpaltione³</strong></span> <span class='ocrx_word' id='word_1_59' title='bbox 895 1069 1020 1144; x_wconf 80' lang='lat' dir='ltr'><strong>optinuit.</strong></span> <span class='ocrx_word' id='word_1_60' title='bbox 1036 1076 1042 1135; x_wconf 86' lang='grc' dir='ltr'>Ι</span> 
     </span>
     <span class='ocr_line' id='line_1_8' title="bbox 189 1157 586 1216; baseline -0.005 2"><span class='ocrx_word' id='word_1_61' title='bbox 189 1157 196 1184; x_wconf 89' lang='grc'>’</span> <span class='ocrx_word' id='word_1_62' title='bbox 581 1161 586 1216; x_wconf 92' lang='lat' dir='ltr'><strong>l</strong></span> 
     </span>
     <span class='ocr_line' id='line_1_9' title="bbox 153 1235 1146 1314; baseline -0.001 -18"><span class='ocrx_word' id='word_1_63' title='bbox 153 1254 180 1296; x_wconf 87' lang='lat' dir='ltr'><strong>ao</strong></span> <span class='ocrx_word' id='word_1_64' title='bbox 251 1237 281 1298; x_wconf 79' lang='grc'><strong>9.</strong></span> <span class='ocrx_word' id='word_1_65' title='bbox 307 1235 450 1297; x_wconf 66' lang='lat' dir='ltr'><strong>⁵sinentes</strong></span> <span class='ocrx_word' id='word_1_66' title='bbox 472 1241 604 1314; x_wconf 81' lang='lat' dir='ltr'><strong>iugitiuos</strong></span> <span class='ocrx_word' id='word_1_67' title='bbox 620 1248 625 1307; x_wconf 90' lang='grc' dir='ltr'>Ι</span> <span class='ocrx_word' id='word_1_68' title='bbox 643 1255 741 1296; x_wconf 89' lang='lat' dir='ltr'><strong>uenum</strong></span> <span class='ocrx_word' id='word_1_69' title='bbox 762 1237 820 1294; x_wconf 86' lang='lat' dir='ltr'><strong>dari</strong></span> <span class='ocrx_word' id='word_1_70' title='bbox 835 1245 882 1294; x_wconf 87' lang='lat' dir='ltr'><strong>aut</strong></span> <span class='ocrx_word' id='word_1_71' title='bbox 900 1239 1050 1310; x_wconf 86' lang='lat' dir='ltr'><strong>comparari</strong></span> <span class='ocrx_word' id='word_1_72' title='bbox 1066 1244 1072 1301; x_wconf 80' lang='lat' dir='ltr'><strong>i</strong></span> <span class='ocrx_word' id='word_1_73' title='bbox 1090 1255 1146 1295; x_wconf 86' lang='lat' dir='ltr'><strong>am·</strong></span> 
     </span>
     <span class='ocr_line' id='line_1_10' title="bbox 190 1322 1146 1400; baseline -0.003 -18"><span class='ocrx_word' id='word_1_74' title='bbox 190 1325 327 1400; x_wconf 86' lang='lat' dir='ltr'><strong>plissimus</strong></span> <span class='ocrx_word' id='word_1_75' title='bbox 343 1325 409 1382; x_wconf 91' lang='lat' dir='ltr'><strong>ordo</strong></span> <span class='ocrx_word' id='word_1_76' title='bbox 434 1331 439 1392; x_wconf 90' lang='grc' dir='ltr'>Ι</span> <span class='ocrx_word' id='word_1_77' title='bbox 462 1323 616 1399; x_wconf 82' lang='lat' dir='ltr'><strong>prohibuit,</strong></span> <span class='ocrx_word' id='word_1_78' title='bbox 638 1322 793 1378; x_wconf 84' lang='lat' dir='ltr'><strong>denuntiata</strong></span> <span class='ocrx_word' id='word_1_79' title='bbox 810 1328 814 1384; x_wconf 89' lang='grc' dir='ltr'>Ι</span> <span class='ocrx_word' id='word_1_80' title='bbox 830 1323 858 1377; x_wconf 93' lang='lat' dir='ltr'><strong>iu</strong></span> <span class='ocrx_word' id='word_1_81' title='bbox 873 1331 1023 1394; x_wconf 87' lang='lat' dir='ltr'><strong>emptorem</strong></span> <span class='ocrx_word' id='word_1_82' title='bbox 1041 1322 1146 1388; x_wconf 79' lang='lat' dir='ltr'><strong>uendit·</strong></span> 
     </span>
     <span class='ocr_line' id='line_1_11' title="bbox 155 1405 1145 1484; baseline 0.001 -22"><span class='ocrx_word' id='word_1_83' title='bbox 155 1422 181 1463; x_wconf 81' lang='lat' dir='ltr'><strong>as</strong></span> <span class='ocrx_word' id='word_1_84' title='bbox 192 1417 333 1484; x_wconf 75' lang='lat' dir='ltr'><strong>roremque</strong></span> <span class='ocrx_word' id='word_1_85' title='bbox 347 1425 435 1483; x_wconf 83' lang='lat' dir='ltr'><strong>poena</strong></span> <span class='ocrx_word' id='word_1_86' title='bbox 449 1409 638 1465; x_wconf 84' lang='lat' dir='ltr'><strong>sestertiorum</strong></span> <span class='ocrx_word' id='word_1_87' title='bbox 654 1406 857 1480; x_wconf 79' lang='lat' dir='ltr'><strong>qninquaginta,</strong></span> <span class='ocrx_word' id='word_1_88' title='bbox 875 1410 880 1471; x_wconf 90' lang='grc' dir='ltr'>Ι</span> <span class='ocrx_word' id='word_1_89' title='bbox 897 1420 965 1479; x_wconf 85' lang='lat' dir='ltr'><strong>qnae</strong></span> <span class='ocrx_word' id='word_1_90' title='bbox 981 1405 1062 1462; x_wconf 87' lang='lat' dir='ltr'><strong>hodie</strong></span> <span class='ocrx_word' id='word_1_91' title='bbox 1078 1405 1145 1464; x_wconf 87' lang='lat' dir='ltr'><strong>fisco</strong></span> 
     </span>
    </p>
   </div>
   <div class='ocr_carea' id='block_1_3' title="bbox 83 1490 369 1557">
    <p class='ocr_par' dir='ltr' id='par_1_3' title="bbox 83 1490 369 1557">
     <span class='ocr_line' id='line_1_12' title="bbox 83 1490 369 1557; baseline 0.017 -12"><span class='ocrx_word' id='word_1_92' title='bbox 83 1490 181 1542; x_wconf 67' lang='lat' dir='ltr'><strong>iol-21·</strong></span> <span class='ocrx_word' id='word_1_93' title='bbox 190 1493 369 1557; x_wconf 80' lang='lat' dir='ltr'><strong>uinditcatar.</strong></span> 
     </span>
    </p>
   </div>
   <div class='ocr_carea' id='block_1_4' title="bbox 98 1561 735 1646">
    <p class='ocr_par' dir='ltr' id='par_1_4' title="bbox 98 1561 735 1646">
     <span class='ocr_line' id='line_1_13' title="bbox 98 1561 735 1646; baseline -0.008 -35"><span class='ocrx_word' id='word_1_94' title='bbox 98 1561 174 1612; x_wconf 84' lang='lat' dir='ltr'><strong>cota.</strong></span> <span class='ocrx_word' id='word_1_95' title='bbox 596 1569 614 1608; x_wconf 77' lang='lat' dir='ltr'><strong>s</strong></span> <span class='ocrx_word' id='word_1_96' title='bbox 658 1611 673 1646; x_wconf 36' lang='lat' dir='ltr'><strong>t</strong></span> <span class='ocrx_word' id='word_1_97' title='bbox 718 1569 735 1606; x_wconf 75' lang='lat' dir='ltr'><strong>a</strong></span> 
     </span>
    </p>
   </div>
   <div class='ocr_carea' id='block_1_5' title="bbox 155 1650 1172 2061">
    <p class='ocr_par' dir='ltr' id='par_1_5' title="bbox 155 1650 1172 2061">
     <span class='ocr_line' id='line_1_14' title="bbox 253 1650 1166 1730; baseline -0.002 -14"><span class='ocrx_word' id='word_1_98' title='bbox 253 1655 300 1717; x_wconf 88' lang='grc'><strong>10.</strong></span> <span class='ocrx_word' id='word_1_99' title='bbox 324 1661 384 1724; x_wconf 90' lang='grc' dir='ltr'><strong>Ι-</strong></span> <span class='ocrx_word' id='word_1_100' title='bbox 400 1691 438 1701; x_wconf 93' lang='grc'>-</span> <span class='ocrx_word' id='word_1_101' title='bbox 455 1687 496 1698; x_wconf 91' lang='grc'><strong>-</strong></span> <span class='ocrx_word' id='word_1_102' title='bbox 511 1689 552 1701; x_wconf 89' lang='grc'>-</span> <span class='ocrx_word' id='word_1_103' title='bbox 573 1663 578 1725; x_wconf 78' lang='lat' dir='ltr'><strong>t</strong></span> <span class='ocrx_word' id='word_1_104' title='bbox 603 1650 734 1730; x_wconf 64' lang='lat' dir='ltr'><strong>“excepto</strong></span> <span class='ocrx_word' id='word_1_105' title='bbox 756 1658 887 1714; x_wconf 81' lang='lat' dir='ltr'><strong>castrensi</strong></span> <span class='ocrx_word' id='word_1_106' title='bbox 910 1662 915 1723; x_wconf 84' lang='grc' dir='ltr'>Ι</span> <span class='ocrx_word' id='word_1_107' title='bbox 939 1656 1046 1729; x_wconf 90' lang='lat' dir='ltr'><strong>peculio</strong></span> <span class='ocrx_word' id='word_1_108' title='bbox 1069 1657 1166 1727; x_wconf 66' lang='lat' dir='ltr'><strong>bonas</strong></span> 
     </span>
     <span class='ocr_line' id='line_1_15' title="bbox 190 1741 570 1807; baseline -0.005 -7"><span class='ocrx_word' id='word_1_109' title='bbox 190 1758 238 1800; x_wconf 90' lang='lat' dir='ltr'><strong>sua</strong></span> <span class='ocrx_word' id='word_1_110' title='bbox 254 1743 389 1805; x_wconf 83' lang='lat' dir='ltr'><strong>contlerre</strong></span> <span class='ocrx_word' id='word_1_111' title='bbox 404 1741 548 1799; x_wconf 84' lang='lat' dir='ltr'><strong>debebunt.</strong></span> <span class='ocrx_word' id='word_1_112' title='bbox 566 1748 570 1807; x_wconf 88' lang='grc' dir='ltr'>Ι</span> 
     </span>
     <span class='ocr_line' id='line_1_16' title="bbox 167 1822 1172 1897; baseline -0.005 -12"><span class='ocrx_word' id='word_1_113' title='bbox 167 1834 181 1875; x_wconf 77' lang='lat'><strong>⁶</strong></span> <span class='ocrx_word' id='word_1_114' title='bbox 252 1824 293 1885; x_wconf 91' lang='grc'><strong>11.</strong></span> <span class='ocrx_word' id='word_1_115' title='bbox 314 1826 428 1883; x_wconf 80' lang='lat' dir='ltr'><strong>Caesare</strong></span> <span class='ocrx_word' id='word_1_116' title='bbox 443 1825 568 1881; x_wconf 86' lang='lat' dir='ltr'><strong>ailberto</strong></span> <span class='ocrx_word' id='word_1_117' title='bbox 583 1841 633 1881; x_wconf 90' lang='lat' dir='ltr'><strong>sno</strong></span> <span class='ocrx_word' id='word_1_118' title='bbox 649 1839 689 1881; x_wconf 78' lang='lat' dir='ltr'><strong>ea</strong></span> <span class='ocrx_word' id='word_1_119' title='bbox 702 1837 775 1887; x_wconf 75' lang='lat' dir='ltr'><strong>asise</strong></span> <span class='ocrx_word' id='word_1_120' title='bbox 790 1822 890 1880; x_wconf 86' lang='lat' dir='ltr'><strong>herede</strong></span> <span class='ocrx_word' id='word_1_121' title='bbox 906 1825 1044 1896; x_wconf 88' lang='lat' dir='ltr'><strong>instituto,</strong></span> <span class='ocrx_word' id='word_1_122' title='bbox 1066 1823 1145 1897; x_wconf 76' lang='lat' dir='ltr'><strong>’filiai</strong></span> <span class='ocrx_word' id='word_1_123' title='bbox 1171 1826 1172 1830; x_wconf 77' lang='grc'>’</span> 
     </span>
     <span class='ocr_line' id='line_1_17' title="bbox 192 1903 1145 1980; baseline -0.003 -12"><span class='ocrx_word' id='word_1_124' title='bbox 192 1903 264 1968; x_wconf 86' lang='lat' dir='ltr'><strong>lure⁷</strong></span> <span class='ocrx_word' id='word_1_125' title='bbox 287 1911 318 1966; x_wconf 87' lang='lat' dir='ltr'><strong>ad</strong></span> <span class='ocrx_word' id='word_1_126' title='bbox 341 1911 480 1966; x_wconf 81' lang='lat' dir='ltr'><strong>semissem</strong></span> <span class='ocrx_word' id='word_1_127' title='bbox 502 1912 638 1976; x_wconf 76' lang='lat' dir='ltr'><strong>noicatur:</strong></span> <span class='ocrx_word' id='word_1_128' title='bbox 665 1924 726 1964; x_wconf 89' lang='lat' dir='ltr'><strong>cnm</strong></span> <span class='ocrx_word' id='word_1_129' title='bbox 749 1909 883 1963; x_wconf 83' lang='lat' dir='ltr'><strong>extraneis</strong></span> <span class='ocrx_word' id='word_1_130' title='bbox 909 1923 975 1963; x_wconf 88' lang='lat' dir='ltr'><strong>nero</strong></span> <span class='ocrx_word' id='word_1_131' title='bbox 997 1908 1145 1980; x_wconf 78' lang='lat' dir='ltr'><strong>insultum,</strong></span> 
     </span>
     <span class='ocr_line' id='line_1_18' title="bbox 155 1985 1146 2061; baseline 0.004 -16"><span class='ocrx_word' id='word_1_132' title='bbox 155 1993 245 2051; x_wconf 86' lang='lat' dir='ltr'><strong>aofilia</strong></span> <span class='ocrx_word' id='word_1_133' title='bbox 259 2011 292 2050; x_wconf 86' lang='lat' dir='ltr'><strong>ex</strong></span> <span class='ocrx_word' id='word_1_134' title='bbox 312 1993 442 2060; x_wconf 77' lang='lat' dir='ltr'><strong>’setmisse</strong></span> <span class='ocrx_word' id='word_1_135' title='bbox 457 1985 553 2049; x_wconf 85' lang='lat' dir='ltr'><strong>modo⁸</strong></span> <span class='ocrx_word' id='word_1_136' title='bbox 574 1993 715 2058; x_wconf 77' lang='lat' dir='ltr'><strong>extraneis,</strong></span> <span class='ocrx_word' id='word_1_137' title='bbox 733 1998 737 2061; x_wconf 81' lang='grc'>1</span> <span class='ocrx_word' id='word_1_138' title='bbox 755 2008 808 2048; x_wconf 86' lang='lat' dir='ltr'><strong>usu</strong></span> <span class='ocrx_word' id='word_1_139' title='bbox 830 1995 915 2048; x_wconf 87' lang='lat' dir='ltr'><strong>etiam</strong></span> <span class='ocrx_word' id='word_1_140' title='bbox 930 1990 1035 2047; x_wconf 82' lang='lat' dir='ltr'><strong>Caesari</strong></span> <span class='ocrx_word' id='word_1_141' title='bbox 1052 1991 1146 2049; x_wconf 88' lang='lat' dir='ltr'><strong>adcre-</strong></span> 
     </span>
    </p>
   </div>
   <div class='ocr_carea' id='block_1_6' title="bbox 186 2149 1147 3762">
    <p class='ocr_par' dir='ltr' id='par_1_6' title="bbox 186 2149 1147 3762">
     <span class='ocr_line' id='line_1_19' title="bbox 266 2149 1145 2216; baseline 0 -15"><span class='ocrx_word' id='word_1_142' title='bbox 266 2150 288 2216; x_wconf 86' lang='lat'><strong>¹)</strong></span> <span class='ocrx_word' id='word_1_143' title='bbox 302 2153 340 2215; x_wconf 77' lang='lat' dir='ltr'><strong>Cf.</strong></span> <span class='ocrx_word' id='word_1_144' title='bbox 358 2151 414 2200; x_wconf 84' lang='lat' dir='ltr'><strong>Gai.</strong></span> <span class='ocrx_word' id='word_1_145' title='bbox 429 2164 451 2207; x_wconf 80' lang='lat' dir='ltr'><strong>a,</strong></span> <span class='ocrx_word' id='word_1_146' title='bbox 466 2160 512 2200; x_wconf 80' lang='lat' dir='ltr'><strong>ara.</strong></span> <span class='ocrx_word' id='word_1_147' title='bbox 535 2149 602 2201; x_wconf 84' lang='lat' dir='ltr'><strong>Guil.</strong></span> <span class='ocrx_word' id='word_1_148' title='bbox 619 2151 737 2200; x_wconf 70' lang='lat' dir='ltr'><strong>branslis</strong></span> <span class='ocrx_word' id='word_1_149' title='bbox 752 2151 787 2199; x_wconf 91' lang='lat' dir='ltr'><strong>ad</strong></span> <span class='ocrx_word' id='word_1_150' title='bbox 800 2150 860 2216; x_wconf 79' lang='lat' dir='ltr'><strong>Diq.</strong></span> <span class='ocrx_word' id='word_1_151' title='bbox 871 2153 909 2200; x_wconf 85' lang='lat' dir='ltr'><strong>iit.</strong></span> <span class='ocrx_word' id='word_1_152' title='bbox 925 2152 957 2200; x_wconf 90' lang='lat' dir='ltr'><strong>de</strong></span> <span class='ocrx_word' id='word_1_153' title='bbox 970 2150 1058 2200; x_wconf 76' lang='lat' dir='ltr'><strong>iered.</strong></span> <span class='ocrx_word' id='word_1_154' title='bbox 1069 2154 1145 2215; x_wconf 86' lang='lat' dir='ltr'><strong>petit.</strong></span> 
     </span>
     <span class='ocr_line' id='line_1_20' title="bbox 186 2217 1145 2287; baseline 0.004 -19"><span class='ocrx_word' id='word_1_155' title='bbox 186 2239 214 2287; x_wconf 81' lang='lat' dir='ltr'><strong>p.</strong></span> <span class='ocrx_word' id='word_1_156' title='bbox 229 2234 263 2274; x_wconf 81' lang='lat' dir='ltr'><strong>so.</strong></span> <span class='ocrx_word' id='word_1_157' title='bbox 321 2218 343 2286; x_wconf 81' lang='lat'><strong>²)</strong></span> <span class='ocrx_word' id='word_1_158' title='bbox 357 2220 402 2268; x_wconf 85' lang='lat' dir='ltr'><strong>Eae</strong></span> <span class='ocrx_word' id='word_1_159' title='bbox 422 2217 478 2269; x_wconf 59' lang='grc' dir='ltr'><strong>δῖ’.</strong></span> <span class='ocrx_word' id='word_1_160' title='bbox 506 2219 539 2268; x_wconf 86' lang='lat' dir='ltr'><strong>Iu</strong></span> <span class='ocrx_word' id='word_1_161' title='bbox 556 2221 614 2269; x_wconf 87' lang='lat' dir='ltr'><strong>edd.</strong></span> <span class='ocrx_word' id='word_1_162' title='bbox 633 2234 653 2272; x_wconf 89' lang='lat'><strong>1.</strong></span> <span class='ocrx_word' id='word_1_163' title='bbox 673 2232 693 2271; x_wconf 81' lang='lat' dir='ltr'><strong>a.</strong></span> <span class='ocrx_word' id='word_1_164' title='bbox 713 2222 780 2270; x_wconf 83' lang='lat' dir='ltr'><strong>banc</strong></span> <span class='ocrx_word' id='word_1_165' title='bbox 799 2237 820 2270; x_wconf 85' lang='lat' dir='ltr'><strong>o.</strong></span> <span class='ocrx_word' id='word_1_166' title='bbox 839 2228 900 2284; x_wconf 88' lang='lat' dir='ltr'><strong>post</strong></span> <span class='ocrx_word' id='word_1_167' title='bbox 920 2221 1023 2270; x_wconf 90' lang='lat' dir='ltr'><strong>iudicem</strong></span> <span class='ocrx_word' id='word_1_168' title='bbox 1043 2225 1145 2286; x_wconf 82' lang='lat' dir='ltr'><strong>supple·</strong></span> 
     </span>
     <span class='ocr_line' id='line_1_21' title="bbox 191 2287 1146 2355; baseline 0.001 -14"><span class='ocrx_word' id='word_1_169' title='bbox 191 2307 283 2341; x_wconf 81' lang='lat' dir='ltr'><strong>ueram.</strong></span> <span class='ocrx_word' id='word_1_170' title='bbox 349 2287 370 2354; x_wconf 83' lang='lat'><strong>⁸)</strong></span> <span class='ocrx_word' id='word_1_171' title='bbox 391 2289 455 2339; x_wconf 90' lang='lat' dir='ltr'><strong>Nam</strong></span> <span class='ocrx_word' id='word_1_172' title='bbox 474 2290 606 2354; x_wconf 78' lang='lat' dir='ltr'><strong>Aspasiae</strong></span> <span class='ocrx_word' id='word_1_173' title='bbox 624 2292 683 2340; x_wconf 85' lang='lat' dir='ltr'><strong>darn</strong></span> <span class='ocrx_word' id='word_1_174' title='bbox 702 2298 814 2341; x_wconf 77' lang='lat' dir='ltr'><strong>acrorem</strong></span> <span class='ocrx_word' id='word_1_175' title='bbox 832 2307 882 2342; x_wconf 90' lang='lat' dir='ltr'><strong>nan</strong></span> <span class='ocrx_word' id='word_1_176' title='bbox 901 2292 1073 2355; x_wconf 82' lang='lat' dir='ltr'><strong>possidentem</strong></span> <span class='ocrx_word' id='word_1_177' title='bbox 1092 2308 1146 2342; x_wconf 82' lang='lat' dir='ltr'><strong>rens</strong></span> 
     </span>
     <span class='ocr_line' id='line_1_22' title="bbox 190 2362 1144 2426; baseline 0.001 -15"><span class='ocrx_word' id='word_1_178' title='bbox 190 2362 330 2426; x_wconf 78' lang='lat' dir='ltr'><strong>litipiosans</strong></span> <span class='ocrx_word' id='word_1_179' title='bbox 343 2362 460 2410; x_wconf 87' lang='lat' dir='ltr'><strong>alienare</strong></span> <span class='ocrx_word' id='word_1_180' title='bbox 474 2368 549 2418; x_wconf 85' lang='lat' dir='ltr'><strong>uetat,</strong></span> <span class='ocrx_word' id='word_1_181' title='bbox 564 2364 669 2412; x_wconf 89' lang='lat' dir='ltr'><strong>nonnisi</strong></span> <span class='ocrx_word' id='word_1_182' title='bbox 677 2363 709 2411; x_wconf 87' lang='lat' dir='ltr'><strong>de</strong></span> <span class='ocrx_word' id='word_1_183' title='bbox 719 2363 846 2425; x_wconf 88' lang='lat' dir='ltr'><strong>praediis,</strong></span> <span class='ocrx_word' id='word_1_184' title='bbox 861 2377 927 2426; x_wconf 88' lang='lat' dir='ltr'><strong>qnae</strong></span> <span class='ocrx_word' id='word_1_185' title='bbox 937 2364 1050 2426; x_wconf 81' lang='lat' dir='ltr'><strong>mancipi</strong></span> <span class='ocrx_word' id='word_1_186' title='bbox 1059 2371 1144 2421; x_wconf 88' lang='lat' dir='ltr'><strong>erant,</strong></span> 
     </span>
     <span class='ocr_line' id='line_1_23' title="bbox 190 2431 1145 2497; baseline 0.001 -16"><span class='ocrx_word' id='word_1_187' title='bbox 190 2433 307 2497; x_wconf 81' lang='lat' dir='ltr'><strong>ospitare</strong></span> <span class='ocrx_word' id='word_1_188' title='bbox 316 2438 429 2495; x_wconf 84' lang='lat' dir='ltr'><strong>poterat,</strong></span> <span class='ocrx_word' id='word_1_189' title='bbox 443 2431 596 2494; x_wconf 87' lang='lat' dir='ltr'><strong>quodetiam</strong></span> <span class='ocrx_word' id='word_1_190' title='bbox 607 2448 706 2495; x_wconf 87' lang='lat' dir='ltr'><strong>poenae</strong></span> <span class='ocrx_word' id='word_1_191' title='bbox 715 2448 810 2482; x_wconf 73' lang='lat' dir='ltr'><strong>sumnia</strong></span> <span class='ocrx_word' id='word_1_192' title='bbox 820 2434 922 2484; x_wconf 80' lang='lat' dir='ltr'><strong>evincit.</strong></span> <span class='ocrx_word' id='word_1_193' title='bbox 946 2432 999 2481; x_wconf 86' lang='lat' dir='ltr'><strong>Sed</strong></span> <span class='ocrx_word' id='word_1_194' title='bbox 1008 2440 1145 2496; x_wconf 86' lang='lat' dir='ltr'><strong>postquam</strong></span> 
     </span>
     <span class='ocr_line' id='line_1_24' title="bbox 190 2502 1145 2567; baseline -0.001 -15"><span class='ocrx_word' id='word_1_195' title='bbox 190 2503 309 2565; x_wconf 76' lang='lat' dir='ltr'><strong>exceptio</strong></span> <span class='ocrx_word' id='word_1_196' title='bbox 323 2505 399 2552; x_wconf 87' lang='lat' dir='ltr'><strong>etiam</strong></span> <span class='ocrx_word' id='word_1_197' title='bbox 412 2502 448 2551; x_wconf 91' lang='lat' dir='ltr'><strong>ad</strong></span> <span class='ocrx_word' id='word_1_198' title='bbox 457 2504 566 2567; x_wconf 75' lang='lat' dir='ltr'><strong>piqnori</strong></span> <span class='ocrx_word' id='word_1_199' title='bbox 584 2503 770 2567; x_wconf 81' lang='lat' dir='ltr'><strong>nppotbeeaeoe</strong></span> <span class='ocrx_word' id='word_1_200' title='bbox 788 2503 916 2552; x_wconf 85' lang='lat' dir='ltr'><strong>dationem</strong></span> <span class='ocrx_word' id='word_1_201' title='bbox 934 2505 1064 2552; x_wconf 87' lang='lat' dir='ltr'><strong>translata</strong></span> <span class='ocrx_word' id='word_1_202' title='bbox 1078 2511 1145 2562; x_wconf 90' lang='lat' dir='ltr'><strong>erat,</strong></span> 
     </span>
     <span class='ocr_line' id='line_1_25' title="bbox 188 2573 1145 2638; baseline -0.001 -15"><span class='ocrx_word' id='word_1_203' title='bbox 188 2589 238 2637; x_wconf 89' lang='lat' dir='ltr'><strong>per</strong></span> <span class='ocrx_word' id='word_1_204' title='bbox 252 2589 327 2638; x_wconf 89' lang='lat' dir='ltr'><strong>quam</strong></span> <span class='ocrx_word' id='word_1_205' title='bbox 341 2575 450 2623; x_wconf 87' lang='lat' dir='ltr'><strong>omnium</strong></span> <span class='ocrx_word' id='word_1_206' title='bbox 460 2588 546 2622; x_wconf 88' lang='lat' dir='ltr'><strong>rerum</strong></span> <span class='ocrx_word' id='word_1_207' title='bbox 556 2575 631 2623; x_wconf 89' lang='lat' dir='ltr'><strong>etiam</strong></span> <span class='ocrx_word' id='word_1_208' title='bbox 641 2573 768 2622; x_wconf 86' lang='lat' dir='ltr'><strong>mobilium</strong></span> <span class='ocrx_word' id='word_1_209' title='bbox 777 2574 877 2623; x_wconf 88' lang='lat' dir='ltr'><strong>nomine</strong></span> <span class='ocrx_word' id='word_1_210' title='bbox 888 2575 915 2622; x_wconf 91' lang='lat' dir='ltr'><strong>in</strong></span> <span class='ocrx_word' id='word_1_211' title='bbox 925 2588 978 2622; x_wconf 88' lang='lat' dir='ltr'><strong>rem</strong></span> <span class='ocrx_word' id='word_1_212' title='bbox 988 2575 1057 2623; x_wconf 88' lang='lat' dir='ltr'><strong>actio</strong></span> <span class='ocrx_word' id='word_1_213' title='bbox 1068 2589 1085 2622; x_wconf 90' lang='lat' dir='ltr'><strong>a</strong></span> <span class='ocrx_word' id='word_1_214' title='bbox 1094 2589 1145 2624; x_wconf 89' lang='lat' dir='ltr'><strong>nan</strong></span> 
     </span>
     <span class='ocr_line' id='line_1_26' title="bbox 188 2642 1147 2707; baseline -0.001 -13"><span class='ocrx_word' id='word_1_215' title='bbox 188 2645 336 2707; x_wconf 78' lang='lat' dir='ltr'><strong>possidente</strong></span> <span class='ocrx_word' id='word_1_216' title='bbox 354 2645 482 2694; x_wconf 82' lang='lat' dir='ltr'><strong>creditori</strong></span> <span class='ocrx_word' id='word_1_217' title='bbox 500 2645 649 2707; x_wconf 89' lang='lat' dir='ltr'><strong>comparari</strong></span> <span class='ocrx_word' id='word_1_218' title='bbox 664 2650 769 2706; x_wconf 84' lang='lat' dir='ltr'><strong>poterat</strong></span> <span class='ocrx_word' id='word_1_219' title='bbox 787 2642 828 2707; x_wconf 87' lang='lat' dir='ltr'><strong>(L.</strong></span> <span class='ocrx_word' id='word_1_220' title='bbox 845 2657 864 2694; x_wconf 89' lang='lat'><strong>1.</strong></span> <span class='ocrx_word' id='word_1_221' title='bbox 884 2645 907 2705; x_wconf 65' lang='grc' dir='ltr'><strong>β.</strong></span> <span class='ocrx_word' id='word_1_222' title='bbox 922 2654 943 2692; x_wconf 81' lang='lat' dir='ltr'><strong>a.</strong></span> <span class='ocrx_word' id='word_1_223' title='bbox 967 2643 999 2691; x_wconf 89' lang='lat' dir='ltr'><strong>D.</strong></span> <span class='ocrx_word' id='word_1_224' title='bbox 1019 2658 1147 2707; x_wconf 86' lang='lat' dir='ltr'><strong>quaeres</strong></span> 
     </span>
     <span class='ocr_line' id='line_1_27' title="bbox 188 2714 1146 2780; baseline -0.001 -17"><span class='ocrx_word' id='word_1_225' title='bbox 188 2716 262 2780; x_wconf 77' lang='lat' dir='ltr'><strong>pipn.</strong></span> <span class='ocrx_word' id='word_1_226' title='bbox 277 2726 317 2772; x_wconf 84' lang='lat' dir='ltr'><strong>ao.</strong></span> <span class='ocrx_word' id='word_1_227' title='bbox 330 2714 366 2779; x_wconf 84' lang='lat' dir='ltr'><strong>a),</strong></span> <span class='ocrx_word' id='word_1_228' title='bbox 381 2717 472 2764; x_wconf 81' lang='lat' dir='ltr'><strong>anirum</strong></span> <span class='ocrx_word' id='word_1_229' title='bbox 486 2730 536 2763; x_wconf 90' lang='lat' dir='ltr'><strong>non</strong></span> <span class='ocrx_word' id='word_1_230' title='bbox 555 2722 605 2772; x_wconf 87' lang='lat' dir='ltr'><strong>est,</strong></span> <span class='ocrx_word' id='word_1_231' title='bbox 623 2715 691 2778; x_wconf 88' lang='lat' dir='ltr'><strong>qnod</strong></span> <span class='ocrx_word' id='word_1_232' title='bbox 708 2729 818 2776; x_wconf 80' lang='lat' dir='ltr'><strong>rapaces</strong></span> <span class='ocrx_word' id='word_1_233' title='bbox 832 2721 1021 2776; x_wconf 83' lang='lat' dir='ltr'><strong>procuratores</strong></span> <span class='ocrx_word' id='word_1_234' title='bbox 1034 2729 1146 2776; x_wconf 88' lang='lat' dir='ltr'><strong>paenam</strong></span> 
     </span>
     <span class='ocr_line' id='line_1_28' title="bbox 192 2785 1137 2849; baseline -0.002 -15"><span class='ocrx_word' id='word_1_235' title='bbox 192 2801 290 2849; x_wconf 81' lang='lat' dir='ltr'><strong>qnoque</strong></span> <span class='ocrx_word' id='word_1_236' title='bbox 311 2787 390 2835; x_wconf 87' lang='lat' dir='ltr'><strong>edicti</strong></span> <span class='ocrx_word' id='word_1_237' title='bbox 408 2785 444 2835; x_wconf 89' lang='lat' dir='ltr'><strong>ad</strong></span> <span class='ocrx_word' id='word_1_238' title='bbox 458 2785 557 2848; x_wconf 77' lang='lat' dir='ltr'><strong>fundos</strong></span> <span class='ocrx_word' id='word_1_239' title='bbox 574 2787 662 2833; x_wconf 84' lang='lat' dir='ltr'><strong>saliem</strong></span> <span class='ocrx_word' id='word_1_240' title='bbox 679 2786 858 2847; x_wconf 81' lang='lat' dir='ltr'><strong>provinciales</strong></span> <span class='ocrx_word' id='word_1_241' title='bbox 876 2786 1073 2833; x_wconf 80' lang='lat' dir='ltr'><strong>transtulerunt.</strong></span> <span class='ocrx_word' id='word_1_242' title='bbox 1134 2804 1137 2808; x_wconf 56' lang='grc'>’</span> 
     </span>
     <span class='ocr_line' id='line_1_29' title="bbox 193 2850 1147 2920; baseline -0.003 -14"><span class='ocrx_word' id='word_1_243' title='bbox 193 2855 214 2920; x_wconf 81' lang='lat'><strong>⁴)</strong></span> <span class='ocrx_word' id='word_1_244' title='bbox 234 2857 331 2906; x_wconf 86' lang='lat' dir='ltr'><strong>Versus</strong></span> <span class='ocrx_word' id='word_1_245' title='bbox 348 2870 453 2906; x_wconf 84' lang='lat' dir='ltr'><strong>uacuus.</strong></span> <span class='ocrx_word' id='word_1_246' title='bbox 518 2851 540 2917; x_wconf 77' lang='lat'><strong>⁵)</strong></span> <span class='ocrx_word' id='word_1_247' title='bbox 556 2854 594 2918; x_wconf 72' lang='lat' dir='ltr'><strong>Cf.</strong></span> <span class='ocrx_word' id='word_1_248' title='bbox 616 2854 731 2916; x_wconf 77' lang='lat' dir='ltr'><strong>Panis,</strong></span> <span class='ocrx_word' id='word_1_249' title='bbox 750 2856 784 2905; x_wconf 63' lang='grc' dir='ltr'><strong>θ’.</strong></span> <span class='ocrx_word' id='word_1_250' title='bbox 804 2857 854 2915; x_wconf 77' lang='lat' dir='ltr'><strong>§.a</strong></span> <span class='ocrx_word' id='word_1_251' title='bbox 926 2850 1147 2919; x_wconf 75' lang='lat' dir='ltr'><strong>⁶)Antecedentis</strong></span> 
     </span>
     <span class='ocr_line' id='line_1_30' title="bbox 188 2924 1144 2990; baseline -0.001 -16"><span class='ocrx_word' id='word_1_252' title='bbox 188 2928 269 2990; x_wconf 84' lang='lat' dir='ltr'><strong>primi</strong></span> <span class='ocrx_word' id='word_1_253' title='bbox 284 2941 372 2976; x_wconf 88' lang='lat' dir='ltr'><strong>uersus</strong></span> <span class='ocrx_word' id='word_1_254' title='bbox 383 2941 471 2989; x_wconf 87' lang='lat' dir='ltr'><strong>pauca</strong></span> <span class='ocrx_word' id='word_1_255' title='bbox 484 2926 592 2989; x_wconf 82' lang='lat' dir='ltr'><strong>oestipin</strong></span> <span class='ocrx_word' id='word_1_256' title='bbox 606 2932 751 2987; x_wconf 86' lang='lat' dir='ltr'><strong>supersunt.</strong></span> <span class='ocrx_word' id='word_1_257' title='bbox 781 2924 984 2975; x_wconf 56' lang='lat' dir='ltr'><strong>&amp;accesserant</strong></span> <span class='ocrx_word' id='word_1_258' title='bbox 1003 2941 1065 2975; x_wconf 88' lang='lat' dir='ltr'><strong>vero</strong></span> <span class='ocrx_word' id='word_1_259' title='bbox 1080 2932 1144 2989; x_wconf 87' lang='lat' dir='ltr'><strong>puto</strong></span> 
     </span>
     <span class='ocr_line' id='line_1_31' title="bbox 189 2994 1144 3060; baseline -0.002 -14"><span class='ocrx_word' id='word_1_260' title='bbox 189 2998 248 3060; x_wconf 77' lang='lat' dir='ltr'><strong>sere</strong></span> <span class='ocrx_word' id='word_1_261' title='bbox 262 2996 340 3047; x_wconf 83' lang='lat' dir='ltr'><strong>baec:</strong></span> <span class='ocrx_word' id='word_1_262' title='bbox 360 2994 493 3046; x_wconf 80' lang='lat' dir='ltr'><strong>‘Caesaris</strong></span> <span class='ocrx_word' id='word_1_263' title='bbox 510 2994 616 3044; x_wconf 86' lang='lat' dir='ltr'><strong>libertus</strong></span> <span class='ocrx_word' id='word_1_264' title='bbox 630 2996 706 3043; x_wconf 84' lang='lat' dir='ltr'><strong>etiarn</strong></span> <span class='ocrx_word' id='word_1_265' title='bbox 724 2996 808 3044; x_wconf 88' lang='lat' dir='ltr'><strong>minor</strong></span> <span class='ocrx_word' id='word_1_266' title='bbox 826 2996 975 3044; x_wconf 88' lang='lat' dir='ltr'><strong>centenario</strong></span> <span class='ocrx_word' id='word_1_267' title='bbox 994 2996 1047 3044; x_wconf 87' lang='lat' dir='ltr'><strong>sine</strong></span> <span class='ocrx_word' id='word_1_268' title='bbox 1067 3002 1144 3045; x_wconf 76' lang='lat' dir='ltr'><strong>tessa-</strong></span> 
     </span>
     <span class='ocr_line' id='line_1_32' title="bbox 192 3065 1146 3130; baseline -0.002 -15"><span class='ocrx_word' id='word_1_269' title='bbox 192 3074 274 3117; x_wconf 87' lang='lat' dir='ltr'><strong>rnento</strong></span> <span class='ocrx_word' id='word_1_270' title='bbox 286 3068 359 3130; x_wconf 77' lang='lat' dir='ltr'><strong>sacto</strong></span> <span class='ocrx_word' id='word_1_271' title='bbox 373 3068 426 3124; x_wconf 83' lang='lat' dir='ltr'><strong>siae</strong></span> <span class='ocrx_word' id='word_1_272' title='bbox 441 3068 560 3114; x_wconf 85' lang='lat' dir='ltr'><strong>intestato</strong></span> <span class='ocrx_word' id='word_1_273' title='bbox 575 3065 726 3124; x_wconf 84' lang='lat' dir='ltr'><strong>decesserit,</strong></span> <span class='ocrx_word' id='word_1_274' title='bbox 745 3081 801 3114; x_wconf 88' lang='lat' dir='ltr'><strong>cum</strong></span> <span class='ocrx_word' id='word_1_275' title='bbox 820 3065 910 3114; x_wconf 90' lang='lat' dir='ltr'><strong>liberis</strong></span> <span class='ocrx_word' id='word_1_276' title='bbox 923 3067 978 3115; x_wconf 88' lang='lat' dir='ltr'><strong>eius</strong></span> <span class='ocrx_word' id='word_1_277' title='bbox 993 3065 1094 3115; x_wconf 87' lang='lat' dir='ltr'><strong>duobus</strong></span> <span class='ocrx_word' id='word_1_278' title='bbox 1106 3066 1146 3114; x_wconf 87' lang='lat' dir='ltr'><strong>uel</strong></span> 
     </span>
     <span class='ocr_line' id='line_1_33' title="bbox 192 3132 1145 3199; baseline -0.001 -14"><span class='ocrx_word' id='word_1_279' title='bbox 192 3153 243 3187; x_wconf 86' lang='lat' dir='ltr'><strong>aaa</strong></span> <span class='ocrx_word' id='word_1_280' title='bbox 257 3138 342 3186; x_wconf 84' lang='lat' dir='ltr'><strong>uirilis</strong></span> <span class='ocrx_word' id='word_1_281' title='bbox 352 3150 419 3198; x_wconf 89' lang='lat' dir='ltr'><strong>pars</strong></span> <span class='ocrx_word' id='word_1_282' title='bbox 435 3135 542 3183; x_wconf 82' lang='lat' dir='ltr'><strong>Caesari</strong></span> <span class='ocrx_word' id='word_1_283' title='bbox 555 3134 660 3183; x_wconf 83' lang='lat' dir='ltr'><strong>debetur</strong></span> <span class='ocrx_word' id='word_1_284' title='bbox 670 3134 793 3199; x_wconf 87' lang='lat' dir='ltr'><strong>liberique</strong></span> <span class='ocrx_word' id='word_1_285' title='bbox 803 3132 847 3185; x_wconf 80' lang='lat' dir='ltr'><strong>ei’</strong></span> <span class='ocrx_word' id='word_1_286' title='bbox 870 3135 908 3197; x_wconf 74' lang='lat' dir='ltr'><strong>Cf.</strong></span> <span class='ocrx_word' id='word_1_287' title='bbox 922 3135 977 3185; x_wconf 86' lang='lat' dir='ltr'><strong>Gai.</strong></span> <span class='ocrx_word' id='word_1_288' title='bbox 988 3147 1009 3197; x_wconf 79' lang='lat' dir='ltr'><strong>a,</strong></span> <span class='ocrx_word' id='word_1_289' title='bbox 1019 3148 1054 3187; x_wconf 76' lang='lat' dir='ltr'><strong>aa.</strong></span> <span class='ocrx_word' id='word_1_290' title='bbox 1080 3135 1145 3185; x_wconf 84' lang='lat' dir='ltr'><strong>Nam</strong></span> 
     </span>
     <span class='ocr_line' id='line_1_34' title="bbox 192 3204 1145 3270; baseline 0 -15"><span class='ocrx_word' id='word_1_291' title='bbox 192 3207 219 3255; x_wconf 90' lang='lat' dir='ltr'><strong>iu</strong></span> <span class='ocrx_word' id='word_1_292' title='bbox 234 3207 383 3255; x_wconf 87' lang='lat' dir='ltr'><strong>centenario</strong></span> <span class='ocrx_word' id='word_1_293' title='bbox 398 3219 526 3255; x_wconf 74' lang='lat' dir='ltr'><strong>comnenae</strong></span> <span class='ocrx_word' id='word_1_294' title='bbox 539 3204 587 3253; x_wconf 81' lang='lat' dir='ltr'><strong>lucc</strong></span> <span class='ocrx_word' id='word_1_295' title='bbox 602 3206 642 3252; x_wconf 86' lang='lat' dir='ltr'><strong>ius</strong></span> <span class='ocrx_word' id='word_1_296' title='bbox 655 3213 712 3254; x_wconf 88' lang='lat' dir='ltr'><strong>erat</strong></span> <span class='ocrx_word' id='word_1_297' title='bbox 726 3221 760 3255; x_wconf 80' lang='lat' dir='ltr'><strong>ex</strong></span> <span class='ocrx_word' id='word_1_298' title='bbox 774 3208 829 3270; x_wconf 75' lang='lat' dir='ltr'><strong>lepe</strong></span> <span class='ocrx_word' id='word_1_299' title='bbox 840 3205 932 3268; x_wconf 83' lang='lat' dir='ltr'><strong>Papia,</strong></span> <span class='ocrx_word' id='word_1_300' title='bbox 948 3221 1012 3270; x_wconf 88' lang='lat' dir='ltr'><strong>quae</strong></span> <span class='ocrx_word' id='word_1_301' title='bbox 1027 3222 1085 3255; x_wconf 85' lang='lat' dir='ltr'><strong>cum</strong></span> <span class='ocrx_word' id='word_1_302' title='bbox 1095 3221 1145 3269; x_wconf 91' lang='lat' dir='ltr'><strong>pa·</strong></span> 
     </span>
     <span class='ocr_line' id='line_1_35' title="bbox 192 3273 1147 3336; baseline 0.001 -12"><span class='ocrx_word' id='word_1_303' title='bbox 192 3282 267 3324; x_wconf 85' lang='lat' dir='ltr'><strong>trono</strong></span> <span class='ocrx_word' id='word_1_304' title='bbox 281 3282 309 3323; x_wconf 84' lang='lat' dir='ltr'><strong>ut</strong></span> <span class='ocrx_word' id='word_1_305' title='bbox 318 3273 427 3323; x_wconf 87' lang='lat' dir='ltr'><strong>debitam</strong></span> <span class='ocrx_word' id='word_1_306' title='bbox 435 3274 503 3322; x_wconf 85' lang='lat' dir='ltr'><strong>banc</strong></span> <span class='ocrx_word' id='word_1_307' title='bbox 508 3280 610 3336; x_wconf 87' lang='lat' dir='ltr'><strong>partem</strong></span> <span class='ocrx_word' id='word_1_308' title='bbox 620 3277 695 3323; x_wconf 86' lang='lat' dir='ltr'><strong>etiam</strong></span> <span class='ocrx_word' id='word_1_309' title='bbox 706 3277 830 3326; x_wconf 86' lang='lat' dir='ltr'><strong>aduersus</strong></span> <span class='ocrx_word' id='word_1_310' title='bbox 839 3278 904 3325; x_wconf 89' lang='lat' dir='ltr'><strong>duos</strong></span> <span class='ocrx_word' id='word_1_311' title='bbox 915 3278 1048 3326; x_wconf 81' lang='lat' dir='ltr'><strong>naturales</strong></span> <span class='ocrx_word' id='word_1_312' title='bbox 1058 3275 1147 3325; x_wconf 87' lang='lat' dir='ltr'><strong>liberti</strong></span> 
     </span>
     <span class='ocr_line' id='line_1_36' title="bbox 193 3343 1145 3408; baseline 0.002 -15"><span class='ocrx_word' id='word_1_313' title='bbox 193 3343 287 3394; x_wconf 84' lang='lat' dir='ltr'><strong>liberos</strong></span> <span class='ocrx_word' id='word_1_314' title='bbox 301 3344 487 3406; x_wconf 77' lang='lat' dir='ltr'><strong>adscripscrat,</strong></span> <span class='ocrx_word' id='word_1_315' title='bbox 502 3345 704 3408; x_wconf 87' lang='lat' dir='ltr'><strong>emancipatione</strong></span> <span class='ocrx_word' id='word_1_316' title='bbox 718 3346 858 3397; x_wconf 88' lang='lat' dir='ltr'><strong>liberorum</strong></span> <span class='ocrx_word' id='word_1_317' title='bbox 871 3362 926 3396; x_wconf 86' lang='lat' dir='ltr'><strong>earn</strong></span> <span class='ocrx_word' id='word_1_318' title='bbox 940 3348 1021 3395; x_wconf 87' lang='lat' dir='ltr'><strong>minui</strong></span> <span class='ocrx_word' id='word_1_319' title='bbox 1035 3345 1145 3396; x_wconf 85' lang='lat' dir='ltr'><strong>nolebat.</strong></span> 
     </span>
     <span class='ocr_line' id='line_1_37' title="bbox 192 3413 1147 3480; baseline 0.003 -17"><span class='ocrx_word' id='word_1_320' title='bbox 192 3413 377 3476; x_wconf 83' lang='lat' dir='ltr'><strong>Emancipatus</strong></span> <span class='ocrx_word' id='word_1_321' title='bbox 391 3415 473 3478; x_wconf 77' lang='lat' dir='ltr'><strong>ipitnr</strong></span> <span class='ocrx_word' id='word_1_322' title='bbox 491 3421 515 3462; x_wconf 85' lang='lat' dir='ltr'><strong>et</strong></span> <span class='ocrx_word' id='word_1_323' title='bbox 528 3421 642 3477; x_wconf 87' lang='lat' dir='ltr'><strong>patrono</strong></span> <span class='ocrx_word' id='word_1_324' title='bbox 660 3423 684 3464; x_wconf 89' lang='lat' dir='ltr'><strong>et</strong></span> <span class='ocrx_word' id='word_1_325' title='bbox 697 3431 744 3466; x_wconf 86' lang='lat' dir='ltr'><strong>suo</strong></span> <span class='ocrx_word' id='word_1_326' title='bbox 759 3416 920 3479; x_wconf 76' lang='lat' dir='ltr'><strong>conferebat,</strong></span> <span class='ocrx_word' id='word_1_327' title='bbox 941 3418 1057 3480; x_wconf 73' lang='lat' dir='ltr'><strong>exceptis</strong></span> <span class='ocrx_word' id='word_1_328' title='bbox 1071 3416 1147 3467; x_wconf 85' lang='lat' dir='ltr'><strong>bonis</strong></span> 
     </span>
     <span class='ocr_line' id='line_1_38' title="bbox 193 3483 1146 3551; baseline 0.002 -18"><span class='ocrx_word' id='word_1_329' title='bbox 193 3483 374 3533; x_wconf 78' lang='lat' dir='ltr'><strong>castrensibus.</strong></span> <span class='ocrx_word' id='word_1_330' title='bbox 404 3484 538 3533; x_wconf 79' lang='lat' dir='ltr'><strong>Caesarem</strong></span> <span class='ocrx_word' id='word_1_331' title='bbox 551 3500 620 3547; x_wconf 86' lang='lat' dir='ltr'><strong>aero,</strong></span> <span class='ocrx_word' id='word_1_332' title='bbox 631 3492 733 3548; x_wconf 82' lang='lat' dir='ltr'><strong>patrem</strong></span> <span class='ocrx_word' id='word_1_333' title='bbox 742 3489 862 3550; x_wconf 82' lang='lat' dir='ltr'><strong>patriae,</strong></span> <span class='ocrx_word' id='word_1_334' title='bbox 876 3488 903 3536; x_wconf 90' lang='lat' dir='ltr'><strong>in</strong></span> <span class='ocrx_word' id='word_1_335' title='bbox 919 3490 1042 3551; x_wconf 86' lang='lat' dir='ltr'><strong>cuiusque</strong></span> <span class='ocrx_word' id='word_1_336' title='bbox 1056 3487 1146 3536; x_wconf 83' lang='lat' dir='ltr'><strong>donans</strong></span> 
     </span>
     <span class='ocr_line' id='line_1_39' title="bbox 192 3553 1144 3621; baseline 0.002 -19"><span class='ocrx_word' id='word_1_337' title='bbox 192 3553 326 3619; x_wconf 71' lang='lat' dir='ltr'><strong>Aequitae</strong></span> <span class='ocrx_word' id='word_1_338' title='bbox 340 3553 427 3603; x_wconf 87' lang='lat' dir='ltr'><strong>liberti</strong></span> <span class='ocrx_word' id='word_1_339' title='bbox 441 3554 514 3604; x_wconf 90' lang='lat' dir='ltr'><strong>banis</strong></span> <span class='ocrx_word' id='word_1_340' title='bbox 531 3553 580 3605; x_wconf 84' lang='lat' dir='ltr'><strong>boc</strong></span> <span class='ocrx_word' id='word_1_341' title='bbox 595 3556 636 3605; x_wconf 86' lang='lat' dir='ltr'><strong>ias</strong></span> <span class='ocrx_word' id='word_1_342' title='bbox 650 3555 780 3618; x_wconf 77' lang='lat' dir='ltr'><strong>babuisse,</strong></span> <span class='ocrx_word' id='word_1_343' title='bbox 795 3572 894 3621; x_wconf 78' lang='lat' dir='ltr'><strong>exseq.</strong></span> <span class='ocrx_word' id='word_1_344' title='bbox 910 3559 933 3620; x_wconf 65' lang='grc'><strong>9.</strong></span> <span class='ocrx_word' id='word_1_345' title='bbox 949 3556 1085 3621; x_wconf 83' lang='lat' dir='ltr'><strong>probabile</strong></span> <span class='ocrx_word' id='word_1_346' title='bbox 1098 3561 1144 3607; x_wconf 82' lang='lat' dir='ltr'><strong>sat.</strong></span> 
     </span>
     <span class='ocr_line' id='line_1_40' title="bbox 194 3622 1145 3690; baseline 0.003 -17"><span class='ocrx_word' id='word_1_347' title='bbox 194 3624 232 3687; x_wconf 74' lang='lat' dir='ltr'><strong>Cf.</strong></span> <span class='ocrx_word' id='word_1_348' title='bbox 247 3623 317 3673; x_wconf 86' lang='lat' dir='ltr'><strong>Suet.</strong></span> <span class='ocrx_word' id='word_1_349' title='bbox 334 3624 395 3674; x_wconf 86' lang='lat' dir='ltr'><strong>Ner.</strong></span> <span class='ocrx_word' id='word_1_350' title='bbox 410 3635 443 3676; x_wconf 75' lang='lat' dir='ltr'><strong>aa.</strong></span> <span class='ocrx_word' id='word_1_351' title='bbox 495 3622 516 3690; x_wconf 68' lang='grc' dir='ltr'><strong>τ)</strong></span> <span class='ocrx_word' id='word_1_352' title='bbox 531 3624 576 3673; x_wconf 71' lang='lat' dir='ltr'><strong>aa</strong></span> <span class='ocrx_word' id='word_1_353' title='bbox 591 3623 648 3682; x_wconf 55' lang='lat'><strong>0¹&amp;</strong></span> <span class='ocrx_word' id='word_1_354' title='bbox 665 3628 722 3688; x_wconf 78' lang='lat' dir='ltr'><strong>fitia</strong></span> <span class='ocrx_word' id='word_1_355' title='bbox 738 3634 856 3690; x_wconf 85' lang='lat' dir='ltr'><strong>netposua</strong></span> <span class='ocrx_word' id='word_1_356' title='bbox 870 3628 927 3677; x_wconf 89' lang='lat' dir='ltr'><strong>edd.</strong></span> <span class='ocrx_word' id='word_1_357' title='bbox 944 3643 1012 3677; x_wconf 88' lang='lat' dir='ltr'><strong>meae</strong></span> <span class='ocrx_word' id='word_1_358' title='bbox 1027 3641 1046 3678; x_wconf 90' lang='lat'><strong>1.</strong></span> <span class='ocrx_word' id='word_1_359' title='bbox 1057 3638 1078 3676; x_wconf 81' lang='lat' dir='ltr'><strong>a.</strong></span> <span class='ocrx_word' id='word_1_360' title='bbox 1093 3629 1145 3677; x_wconf 86' lang='lat' dir='ltr'><strong>iura</strong></span> 
     </span>
     <span class='ocr_line' id='line_1_41' title="bbox 192 3693 1145 3762; baseline 0.003 -19"><span class='ocrx_word' id='word_1_361' title='bbox 192 3693 382 3762; x_wconf 71' lang='lat' dir='ltr'><strong>(accrescendi)</strong></span> <span class='ocrx_word' id='word_1_362' title='bbox 396 3696 454 3745; x_wconf 86' lang='lat' dir='ltr'><strong>edd.</strong></span> <span class='ocrx_word' id='word_1_363' title='bbox 469 3694 531 3761; x_wconf 91' lang='lat' dir='ltr'><strong>(non</strong></span> <span class='ocrx_word' id='word_1_364' title='bbox 545 3693 606 3760; x_wconf 85' lang='lat' dir='ltr'><strong>Kr.)</strong></span> <span class='ocrx_word' id='word_1_365' title='bbox 621 3710 669 3760; x_wconf 88' lang='lat' dir='ltr'><strong>quo</strong></span> <span class='ocrx_word' id='word_1_366' title='bbox 683 3697 856 3748; x_wconf 86' lang='lat' dir='ltr'><strong>additamento</strong></span> <span class='ocrx_word' id='word_1_367' title='bbox 870 3713 921 3748; x_wconf 92' lang='lat' dir='ltr'><strong>non</strong></span> <span class='ocrx_word' id='word_1_368' title='bbox 936 3713 1008 3762; x_wconf 88' lang='lat' dir='ltr'><strong>opus.</strong></span> <span class='ocrx_word' id='word_1_369' title='bbox 1068 3694 1090 3762; x_wconf 74' lang='grc' dir='ltr'><strong>ο)</strong></span> <span class='ocrx_word' id='word_1_370' title='bbox 1106 3712 1145 3746; x_wconf 86' lang='lat' dir='ltr'><strong>sa·</strong></span> 
     </span>
    </p>
   </div>
   <div class='ocr_carea' id='block_1_7' title="bbox 192 3763 1143 3904">
    <p class='ocr_par' dir='ltr' id='par_1_7' title="bbox 192 3763 1143 3904">
     <span class='ocr_line' id='line_1_42' title="bbox 192 3763 1143 3849; baseline 0.001 -18"><span class='ocrx_word' id='word_1_371' title='bbox 192 3783 290 3832; x_wconf 82' lang='lat' dir='ltr'><strong>missam</strong></span> <span class='ocrx_word' id='word_1_372' title='bbox 306 3780 331 3833; x_wconf 82' lang='lat'><strong>0.</strong></span> <span class='ocrx_word' id='word_1_373' title='bbox 352 3783 418 3833; x_wconf 78' lang='lat' dir='ltr'><strong>unde</strong></span> <span class='ocrx_word' id='word_1_374' title='bbox 434 3785 518 3847; x_wconf 77' lang='lat' dir='ltr'><strong>fuerit</strong></span> <span class='ocrx_word' id='word_1_375' title='bbox 535 3783 635 3833; x_wconf 86' lang='lat' dir='ltr'><strong>semisse</strong></span> <span class='ocrx_word' id='word_1_376' title='bbox 649 3763 672 3834; x_wconf 75' lang='lat' dir='ltr'><strong>ris</strong></span> <span class='ocrx_word' id='word_1_377' title='bbox 687 3782 732 3849; x_wconf 84' lang='lat'><strong>(=</strong></span> <span class='ocrx_word' id='word_1_378' title='bbox 746 3782 835 3849; x_wconf 87' lang='lat' dir='ltr'><strong>modo).</strong></span> <span class='ocrx_word' id='word_1_379' title='bbox 864 3784 942 3835; x_wconf 78' lang='lat' dir='ltr'><strong>lieest</strong></span> <span class='ocrx_word' id='word_1_380' title='bbox 959 3785 1030 3835; x_wconf 85' lang='lat' dir='ltr'><strong>modo</strong></span> <span class='ocrx_word' id='word_1_381' title='bbox 1045 3786 1071 3834; x_wconf 91' lang='lat' dir='ltr'><strong>in</strong></span> <span class='ocrx_word' id='word_1_382' title='bbox 1085 3782 1143 3833; x_wconf 86' lang='lat' dir='ltr'><strong>edd.</strong></span> 
     </span>
     <span class='ocr_line' id='line_1_43' title="bbox 192 3855 441 3904; baseline 0.004 -2"><span class='ocrx_word' id='word_1_383' title='bbox 192 3855 268 3904; x_wconf 88' lang='lat' dir='ltr'><strong>etiam</strong></span> <span class='ocrx_word' id='word_1_384' title='bbox 282 3869 336 3903; x_wconf 88' lang='lat' dir='ltr'><strong>mea</strong></span> <span class='ocrx_word' id='word_1_385' title='bbox 350 3856 441 3904; x_wconf 89' lang='lat' dir='ltr'><strong>altera.</strong></span> 
     </span>
    </p>
   </div>
   <div class='ocr_carea' id='block_1_8' title="bbox 0 0 1194 4386">
    <p class='ocr_par' dir='ltr' id='par_1_8' title="bbox 0 0 1194 4386">
     <span class='ocr_line' id='line_1_44' title="bbox 0 0 1194 4386; baseline 0 0"><span class='ocrx_word' id='word_1_386' title='bbox 0 0 1194 4386; x_wconf 95' lang='lat' dir='ltr'><strong> </strong></span> 
     </span>
    </p>
   </div>
  </div>
 </body>
</html>
