2378 4386
169 550 236 617 328
445 568 502 604 osu
520 568 612 604 nrsrrr.
631 550 677 603 Ill.
698 555 845 604 toa-tls.

169 701 203 768 el,
220 701 267 771 qui
282 698 403 767 iusserit,
417 697 469 753 soli
485 699 590 770 adquiri
605 699 775 768 existimant,
792 706 871 770 atque
887 699 909 753 si
925 699 1080 754 nominatim
1095 701 1120 755 ci

169 781 221 838 soli
238 781 383 855 stipulatus
405 789 476 837 esset
491 797 605 850 seruus,
626 783 794 854 mancipiouc
809 784 974 853 accepisset;
998 781 1121 838 diuersas

169 864 280 921 scholae
296 874 420 920 auctores
436 865 550 938 proinde
566 865 690 938 utrisque
705 864 808 937 adquiri
821 873 927 938 putant,
942 881 972 921 ac
984 867 1006 920 si
1019 865 1119 921 nullius

169 950 273 1006 iussum
289 950 488 1005 interuenisset.

233 1027 298 1089 168.
325 1026 458 1089 'Tollitur
472 1040 562 1087 antem
583 1031 714 1105 obligatio
735 1033 878 1105 praecipue
899 1031 1036 1089 solutione
1052 1034 1120 1102 cius,

169 1116 242 1189 quod
257 1108 404 1172 debetnrr²
420 1115 490 1172 unde
505 1117 655 1189 quaeritur,
671 1117 769 1189 siquis
785 1118 970 1172 consentiente
986 1116 1122 1173 creditore

169 1198 244 1256 allud
256 1216 305 1273 pro
321 1200 373 1256 alio
389 1199 513 1269 soluerit,
529 1206 621 1254 utrum
635 1201 695 1272 ipso
711 1201 768 1255 inre
781 1197 920 1270 liberetur,
933 1200 1006 1271 quod
1018 1202 1120 1256 nostris

170 1283 392 1356 praeceptoribus
415 1283 518 1355 placet,
547 1298 580 1338 un
608 1284 668 1356 ipso
691 1284 749 1338 iure
773 1291 876 1338 maneat
898 1282 1051 1356 obligatus,
1079 1292 1120 1340 set

169 1365 300 1423 aduersus
322 1376 457 1440 petentern
474 1367 632 1436 exceptione
647 1365 703 1423 doli
718 1366 781 1421 mali
798 1366 905 1422 delendi
921 1366 1030 1437 debeat,
1047 1366 1119 1441 quod

168 1449 291 1507 diuersae
305 1450 414 1507 scholae
429 1449 583 1507 auctoribus
602 1451 689 1505 uisum
704 1457 756 1506 est.

231 1528 296 1590 tos.
319 1534 385 1590 item
400 1549 448 1607 per
463 1533 693 1606 acceptilationern
716 1532 821 1589 tollitur
841 1533 985 1608 obligatio:
1005 1535 1118 1605 accepti-

168 1616 234 1675 latio
251 1627 340 1674 autern
356 1625 398 1674 ost
415 1617 498 1673 ueluti
514 1618 669 1691 imaginaria
693 1616 808 1673 solutio:
832 1617 904 1690 quod
925 1620 996 1674 enirn
1012 1634 1043 1673 ea
1058 1633 1118 1672 uer·

169 1700 264 1757 borum
288 1699 454 1774 obligatione
481 1700 527 1755 tibi
554 1700 679 1771 debenrn,
703 1701 728 1756 id
750 1702 774 1756 si
796 1701 864 1757 uelis
888 1702 951 1757 mibi
973 1704 1120 1771 remittere,

100 1792 159 1842 173.
170 1786 272 1858 poterit
285 1786 324 1841 slc
340 1784 409 1857 lieri,
425 1792 455 1838 nt
470 1785 580 1857 patiaris
596 1785 661 1840 baec
673 1783 754 1839 uerba
769 1774 820 1861 mle
835 1784 939 1842 dicere:
957 1800 1041 1849 ovoo
1056 1798 1121 1841 noo

169 1884 235 1926 rust
266 1884 409 1936 rnonrsr,
442 1882 583 1924 assasse
613 1868 795 1927 nocuerunt
827 1877 854 1924 et
883 1878 912 1923 tn
940 1868 1120 1941 respondeas:

170 1943 301 2010 ussao.³
343 1947 409 2011 170.
433 1949 491 2017 Quo
514 1966 625 2023 genere,
648 1959 678 2007 ut
697 1951 821 2023 diximus,
844 1950 965 2022 (tontum
979 1953 1036 2007 boe
1052 1953 1120 2008 obli·

167 2039 299 2109 potiones
312 2038 481 2104 soluuntnr,
497 2050 572 2106 quoe
587 2050 627 2091 erc
642 2036 739 2091 uerbis
753 2032 938 2109 consistunt,)
961 2051 1016 2089 non
1039 2037 1120 2090 etiarn

168 2129 290 2181 ceteram
310 2127 520 2175 consentaneum
536 2119 606 2174 eninr
620 2120 708 2175 uisum
724 2126 782 2185 est,
798 2118 888 2174 uerbis
904 2116 999 2173 iactam
1016 2116 1120 2190 obliga·

170 2204 269 2258 tionem
285 2218 367 2276 posse
389 2201 447 2257 aliis
471 2201 560 2258 uerbis
576 2202 701 2259 dissolui:
724 2210 766 2257 set
780 2201 815 2271 id,
839 2200 912 2274 quod
928 2217 959 2256 es
976 2199 1025 2256 alia
1042 2216 1121 2256 causa

169 2284 307 2355 debeatur,
324 2287 452 2359 potestis
468 2285 668 2359 stipulationem
684 2284 779 2341 deduci
790 2294 816 2339 et
831 2300 880 2359 per
890 2284 1120 2358 acceptilationcm
1131 2306 1180 2354 [mo

169 2366 315 2441 ’idissoiui
357 2366 415 2427 171.
440 2368 577 2438 Quamuis
599 2385 669 2427 uero
686 2371 853 2439 dixerimus,
872 2371 980 2440 perfici
993 2373 1120 2441 accepti-

169 2447 334 2528 lationem)⁴
360 2456 514 2528 imaginaria
540 2454 692 2523 solutione,
716 2461 803 2509 tamen
826 2453 922 2509 mulier
943 2455 1001 2509 sine
1023 2456 1120 2509 tutoris

169 2538 330 2593 auctoritate
346 2547 484 2612 accepturu
501 2539 589 2594 lacere
605 2554 659 2593 non
676 2544 781 2609 potest,
800 2553 859 2594 curn
876 2536 995 2610 alioquin
1011 2537 1081 2593 solui
1096 2537 1121 2591 el

169 2620 228 2677 slne
244 2622 342 2678 tutoris
359 2625 519 2679 auctoritate
533 2622 629 2696 possit.
673 2615 734 2677 1⁷2.
759 2619 824 2676 ltcns
840 2620 912 2693 qnod
928 2619 1055 2692 debetur,
1071 2636 1120 2694 pro

241 2804 262 2873 ¹)
281 2807 335 2857 Vis:
348 2816 398 2867 est,
418 2816 444 2857 ut
458 2816 509 2857 tom
523 2806 631 2869 abrupte
650 2806 686 2855 od
702 2806 769 2856 donc
783 2807 916 2856 materiam
936 2805 1017 2856 Gaius
1035 2815 1120 2856 trans·

168 2878 236 2927 ierit.
264 2877 302 2940 Cf.
318 2891 404 2936 1,1ae.
428 2876 537 2940 Tbeopb.
553 2889 579 2933 a,
594 2888 673 2938 repr.
702 2876 741 2925 De
759 2883 879 2940 sequente
893 2883 971 2925 sutem
987 2878 1021 2939 cs.
1036 2890 1057 2933 e,
1072 2886 1119 2927 115.

168 2959 216 2999 tls.
246 2947 312 2996 Puto
331 2950 414 3012 ipitur
428 2948 487 3009 sere
506 2947 649 2995 excidisse:
668 2943 823 2996 ‘Videamus
842 2963 911 2997 nnnc
930 2946 1120 3011 quibusmodis

168 3016 292 3080 oblipatio
305 3013 432 3065 tollatur?
462 3016 587 3065 Alaricus
601 3023 625 3065 et
639 3014 801 3066 lastinianus
814 3032 902 3067 eorum
923 3020 979 3068 loco
993 3018 1073 3079 ipsum
1087 3015 1118 3063 ti·

168 3086 217 3134 tali
236 3086 429 3147 inscriptionem
448 3092 599 3148 posuerunt.
632 3085 774 3136 Librarius
792 3102 852 3137 uero
871 3087 914 3137 liic
929 3087 987 3149 sere
1006 3084 1120 3134 rubricis

169 3153 342 3204 inscribendis
355 3157 466 3218 spolium
480 3171 587 3204 uacuum
602 3170 652 3205 non
666 3159 812 3220 relinquere
827 3160 919 3221 coepit.
947 3156 985 3220 Cf.
1000 3162 1051 3206 not.
1066 3169 1118 3218 seq.

171 3220 345 3290 ¹)EoInstit.
361 3225 475 3274 debeatur
490 3225 515 3277 0.
569 3222 589 3289 ⁸)
607 3224 681 3284 Quod
692 3228 808 3290 sequitur
823 3229 850 3276 in
861 3228 924 3277 Inst.
935 3226 1013 3277 Inat:
1029 3223 1119 3276 ‘sedet

171 3292 270 3344 Graece
280 3301 365 3356 potest
378 3303 510 3358 occeptum
521 3296 590 3357 fieri,
604 3296 737 3346 dummodo
751 3300 790 3346 sic
801 3300 857 3359 fiat,
873 3305 899 3345 ut
913 3298 1019 3346 Latinis
1033 3295 1120 3346 uerbis

168 3365 247 3413 solet:
262 3358 334 3427 ἔχεις
351 3359 445 3433 λαβὼν
461 3358 582 3430 δηνάρια
596 3358 664 3415 τόσα
675 3385 683 3429 ;
696 3358 770 3430 Ἔχω
785 3361 899 3436 λαβών]
920 3367 944 3416 t.
959 3371 976 3416 1.
991 3367 1121 3417 excidisse

169 3434 285 3488 uideturr
304 3435 339 3496 cs.
354 3447 375 3491 a,
390 3447 422 3486 ss.
453 3436 589 3498 Conrpluro
604 3436 728 3485 librarius
744 3438 769 3485 in
785 3437 834 3486 llac
844 3439 945 3502 popina
959 3440 1049 3487 omisit.

170 3501 192 3567 ⁴)
205 3502 328 3567 Suppleai
344 3501 449 3554 ‘Gaius'
466 3521 493 3569 p.
509 3518 542 3557 98.
572 3506 642 3556 Mire
656 3508 710 3556 olio
724 3505 786 3570 Bpii
804 3510 919 3570 suspicio
938 3508 1061 3558 admiscet
1073 3523 1122 3571 pu·

164 3574 227 3638 pilli
245 3573 407 3624 debitoris
421 3578 575 3626 mentionem.
606 3575 739 3639 (Correxit
752 3591 868 3626 errorem
882 3578 921 3627 ed.
937 3577 969 3643 n.)
989 3594 1033 3641 per
1054 3593 1122 3627 acco·

168 3644 316 3708 ptilationem
331 3646 467 3707 imaginaria
482 3648 599 3696 solutione
614 3644 734 3712 (dissolui
743 3678 856 3699 .......
859 3644 870 3713 ]
886 3654 963 3696 tomen
978 3649 1018 3698 erl.
1033 3647 1081 3714 139.

167 3750 380 3761 n——--—.

239 3805 265 3878 §.
281 3814 339 3863 168.
361 3812 399 3874 Cf.
411 3829 454 3876 pr.
471 3812 493 3862 1.
507 3812 575 3877 quib.
590 3812 655 3864 mod.
672 3812 719 3863 obl.
735 3814 788 3861 toti.
804 3811 834 3878 (s,
849 3813 893 3877 aa).
920 3812 991 3876 Epir.
1006 3826 1027 3873 2,
1043 3827 1068 3866 10
1079 3831 1122 3878 pr.

167 3875 193 3950 t.
210 3884 268 3934 tes.
284 3903 318 3925 -
332 3884 386 3945 sm.
402 3884 423 3932 1.
435 3883 468 3932 n.
518 3878 545 3950 §-
562 3886 620 3933 171.
642 3882 680 3945 ef.
695 3893 717 3940 1,
730 3892 765 3933 ss.
811 3877 837 3949 §-
850 3886 907 3934 trs.
925 3884 963 3946 er.
974 3885 997 3945 1.
1009 3897 1028 3935 t.
1046 3885 1122 3935 teri.
