2378 4386
424 520 483 610 ndu
501 575 599 615 tuente.
618 557 639 611 l.
658 562 800 613 tae-too.
1032 560 1096 625 213

130 717 219 774 luerit.
242 711 471 774 162.llinimaent
483 720 581 791 capitis
594 716 745 789 diminutio,
758 734 819 775 cum
832 725 859 773 et
872 719 967 774 ciuitas
975 726 1003 774 et
1015 716 1096 775 liber-

130 811 169 858 tas
183 802 329 871 retinetur,
346 801 393 857 sed
409 809 496 857 status
511 802 630 859 hominis
645 812 846 871 commutatum
866 803 941 876 quod
956 803 1053 860 accidit
1067 805 1095 859 iu

130 886 180 958 his,
193 887 241 960 qui
253 884 429 960 adoptantur,
439 888 503 942 item
515 888 542 942 iu
550 888 603 958 his,
616 903 684 962 quae
696 887 1014 962 coemptionemlaciunt,
1027 896 1055 944 et
1066 889 1094 944 iu

130 971 181 1044 hie,
197 975 248 1045 qui
262 972 395 1043 mancipio
410 970 510 1026 dantur
525 973 626 1046 quique
642 988 672 1027 cx
690 973 884 1045 mancipatione
899 974 1094 1029 manumittun-

131 1064 190 1124 tnr3
211 1053 279 1112 adeo
300 1054 427 1128 quidem,
449 1063 480 1110 ut
501 1057 627 1129 quotiens
644 1057 759 1131 quisque
775 1058 952 1132 mancipetur,
973 1053 1047 1133 '(out
1063 1064 1094 1114 ut

130 1136 360 1213 remancipetor)
390 1147 437 1195 aut
464 1134 509 1195 ut¹
536 1141 756 1210 manumittatur,
785 1142 884 1196 totiens
907 1144 994 1216 capite
1017 1142 1094 1198 dimi-

131 1232 237 1281 nuatur.
274 1219 342 1281 188.
358 1223 412 1280 Neo
430 1223 517 1279 solum
539 1225 690 1280 maioribus
706 1217 856 1301 (εαρίεὼ)2
871 1225 1094 1282 diminutionibus

130 1309 171 1364 ius
186 1307 361 1383 adgnationis
376 1311 569 1381 corrumpitur,
585 1316 628 1364 set
643 1310 722 1366 etiam
739 1310 860 1383 minima;
885 1318 913 1365 et
933 1309 995 1365 idco
1017 1312 1040 1364 si
1062 1326 1094 1365 ex

130 1391 237 1450 duobus
252 1391 345 1449 liberio
360 1392 475 1448 alterum
491 1403 569 1467 pater
591 1395 813 1467 emancipataerit,
837 1402 900 1467 post
916 1392 1020 1449 obitum
1036 1393 1095 1449 elue

129 1485 226 1534 neuter
248 1476 327 1533 alteri
349 1478 500 1551 agnationis
522 1478 581 1533 iure
612 1486 688 1534 tutor
710 1494 771 1534 esse
793 1478 904 1551 poterit.
942 1472 1008 1535 104.
1029 1475 1095 1532 Cum

130 1571 220 1618 autem
238 1560 272 1617 ad
287 1570 401 1635 agnatos
418 1561 503 1618 tutela
519 1564 670 1635 pertineat,
693 1579 750 1618 nou
773 1561 852 1617 simul
875 1561 907 1616 ad
923 1577 1018 1618 omues
1034 1576 1096 1636 per·

81 1667 118 1720 uo]
131 1650 218 1766 ἒίιιθῑ,
239 1645 328 1702 netad
344 1661 390 1702 eoo
408 1655 527 1718 tantum,
550 1648 596 1720 qul
611 1648 735 1721 proximo
751 1645 837 1721 gradu
853 1638 948 1703 sunt.³
964 1639 969 1724 Ι
1112 1726 1145 1774 46

568 1749 611 1788 vv.
625 1731 674 1791 16.
1147 1759 1154 1775 ·

192 1809 256 1873 106·
282 1813 320 1870 Ex
343 1814 434 1871 eadem
463 1814 524 1889 lege
547 1815 689 1873 duodecim
713 1815 865 1872 tabularum
887 1814 1044 1871 libertanum
1067 1825 1095 1872 et
1108 1793 1126 1831 ι’
1140 1800 1158 1831 ''

129 1900 292 1975 inpubernm
314 1897 475 1955 libertorum
497 1899 582 1956 tutela
606 1900 639 1955 ad
668 1908 798 1973 patronos
822 1899 978 1974 liberosque
1001 1915 1096 1956 eorum

130 1987 264 2058 pertinet;
280 2000 349 2057 quae
365 1985 464 2057 etipsa
483 1983 566 2040 tutela
581 1985 700 2059 legitima
717 1993 843 2057 uocatur,
859 2001 915 2040 non
928 1987 997 2059 quio
1009 1986 1096 2041 nomi·

130 2073 218 2127 natine
233 2085 264 2126 ea
279 2067 343 2142 lege
357 2067 391 2125 de
407 2068 455 2124 hac
470 2068 555 2124 tutela
570 2079 698 2139 cauetur,
714 2072 767 2126 aed
780 2072 840 2143 quia
857 2069 971 2143 proinde
987 2077 1097 2143 accepta

204 2229 226 2294 ι)
239 2236 280 2277 ant
294 2230 334 2294 (ut
347 2235 430 2276 tomen
442 2230 528 2277 medio
543 2231 631 2278 littera
641 2230 718 2278 etiam
729 2244 742 2277 e
752 2230 816 2279 oeld
828 2231 945 2294 potnerit
954 2226 1020 2296 eece)
1039 2225 1095 2279 1⁷⁸².

131 2309 204 2366 atque
217 2315 252 2350 em
263 2299 369 2349 Loedm.
380 2301 413 2362 ej.
423 2300 464 2347 ed.
475 2315 529 2348 men
539 2312 560 2350 a.
581 2300 651 2348 Atii:
665 2315 702 2350 ae.
728 2300 794 2350 Cave
804 2316 865 2352 nero
875 2304 962 2368 lepos:
970 2308 1028 2359 nuit
1037 2316 1096 2351 nam

132 2380 158 2421 nt
167 2384 259 2421 emma
267 2377 292 2420 et
301 2372 345 2434 qui
355 2371 383 2418 in
392 2372 482 2419 servili
492 2370 645 2419 condicione
656 2379 702 2429 eet,
717 2379 795 2435 eaput
805 2373 832 2421 t'rt
839 2374 945 2436 familia
954 2389 1006 2423 nort
1019 2371 1097 2422 dodel

130 2442 164 2508 (ἕ.
174 2455 197 2494 e
207 2441 230 2491 I.
240 2441 263 2492 le
275 2442 318 2505 t.);
337 2456 418 2505 quare
432 2441 501 2504 quod
515 2457 584 2490 nanc
597 2443 722 2504 supplevi,
736 2444 794 2505 ipao
809 2444 877 2493 turio
890 2446 960 2494 ratio
970 2446 1095 2507 poatulot.

132 2512 259 2580 ’imaiore
275 2511 302 2561 0.
325 2511 459 2561 maioribus
478 2512 535 2560 edd.
601 2507 621 2575 ³)
636 2512 762 2576 Reliquus
781 2528 870 2562 nerana
889 2515 985 2563 litteria
999 2528 1096 2562 vaenue

130 2593 175 2644 eat,
189 2591 218 2634 ut
231 2598 298 2648 quae
312 2584 339 2630 t'n
354 2581 438 2632 Iuctit.
453 2590 611 2646 aequentur:
630 2578 685 2631 ‘uel
698 2584 723 2631 ai
741 2582 855 2647 (ploret)
869 2584 983 2632 einedem
994 2583 1097 2647 prodita

129 2659 191 2715 nint,
209 2654 246 2704 ad
264 2649 364 2703 omnea’
387 2653 488 2703 Gaiano
503 2668 554 2702 non
569 2667 624 2702 ease
643 2653 805 2703 statuendum
819 2653 861 2701 ait.
894 2652 977 2715 quue
991 2667 1020 2703 eo
1035 2667 1096 2702 con-

127 2729 257 2790 firmatur,
272 2723 341 2788 quod
354 2724 382 2772 iat
396 2726 467 2774 nullo
482 2731 595 2773 tutorum
606 2737 702 2788 penere
719 2720 800 2772 Gaius
814 2722 1006 2780 animadvertit,
1020 2723 1097 2772 etium

126 2799 220 2860 piures
230 2810 358 2858 perronae
372 2798 475 2844 tutelam
490 2795 610 2844 nancisci
619 2809 706 2858 pocae.
785 2790 806 2858 ⁴)
822 2793 854 2842 Ira
869 2793 919 2842 dne
932 2794 1043 2857 popina,
1063 2807 1098 2842 ex

131 2883 182 2932 qua
201 2880 281 2929 oeque
297 2867 333 2915 nd
351 2882 373 2915 a.
393 2878 427 2918 tt.
446 2867 522 2915 etiam
540 2864 717 2916 Studemundo
735 2879 824 2928 pauca
845 2870 943 2913 tantum
962 2862 1097 2914 verbovel

131 2940 243 2999 litterae,
260 2938 328 2987 neiat
346 2953 369 2986 v.
384 2947 404 2989 5.
420 2936 478 2985 urbe
493 2953 516 2986 o.
530 2949 552 2988 u.
567 2937 672 2986 serenim
686 2953 708 2985 a.
723 2947 743 2987 a.
765 2936 788 2984 in
808 2935 866 2984 urbe
883 2934 957 2984 noma
972 2952 994 2985 v.
1011 2947 1031 2987 9.
1051 2936 1097 2985 ita·

130 3024 176 3074 que
191 3015 218 3058 ut
231 3023 288 3057 seru
298 3045 304 3057 .
316 3045 322 3056 .
334 3044 358 3060 ..
375 3015 412 3056 est
425 3008 564 3067 expiscari
577 3010 660 3071 licuit,
674 3015 745 3057 recte
760 3007 854 3057 Hollw.
869 3009 969 3065 statuit,
983 3009 1097 3071 primum

129 3083 213 3132 locum
232 3081 344 3128 tenuiaae
363 3079 395 3128 de
414 3079 528 3143 legitimo
545 3081 679 3144 gentilium
697 3080 779 3128 tartede
797 3079 996 3142 disputationem
1010 3087 1036 3130 et
1051 3095 1096 3129 cu·

129 3154 227 3202 riorum
241 3150 355 3214 quidem,
373 3150 409 3198 od
427 3165 502 3213 qnam
521 3151 602 3200 lector
620 3147 762 3199 remittitur
780 3161 806 3212 a,
822 3162 855 3201 tr.
887 3148 933 3199 Em
951 3151 1016 3215 ipoa'a
1035 3166 1096 3200 vero

129 3224 184 3272 titia
202 3221 323 3285 reliquiis
342 3222 462 3270 conicere
481 3221 553 3279 licet,
574 3222 658 3270 initic'e
676 3222 779 3285 imperii
797 3223 853 3286 depe
871 3223 960 3285 aliquo
981 3223 1096 3285 fortasse

128 3293 200 3344 Iulio
214 3291 328 3357 deputati
343 3293 384 3340 iue
395 3292 552 3356 pentilitium
561 3293 648 3355 quood
662 3294 789 3357 lepitt'moo
803 3293 959 3342 hereditates
969 3300 994 3342 et
1003 3294 1097 3342 tutelae

128 3380 187 3415 cum
201 3364 238 3412 nd
250 3363 374 3427 quaedam
389 3362 512 3411 nobilium
523 3363 641 3425 familiae
654 3364 769 3426 fortunae
783 3378 818 3412 eor
832 3362 895 3412 orde
910 3362 992 3412 Roma
1006 3365 1096 3413 oriun-

127 3435 191 3494 dae,
215 3442 266 3484 tum
290 3434 326 3483 od
347 3435 515 3483 manumissos
538 3433 570 3482 ad
593 3435 627 3482 iic
646 3436 672 3482 in
692 3434 755 3483 urbe
773 3449 862 3483 eerooa
880 3449 1017 3498 eorumque
1032 3448 1095 3497 pro·

124 3507 228 3573 peniem
248 3506 396 3553 restrictum
413 3518 484 3552 eane:
502 3504 571 3567 quod
588 3512 614 3553 et
632 3506 714 3565 ipsum
733 3505 774 3553 ina
792 3519 852 3554 mom
871 3504 1019 3555 adoleverit.

200 3642 418 3714 §.162.==§.a.
439 3644 532 3693 teon.
551 3643 605 3707 Uip.
622 3656 655 3705 11,
671 3657 704 3697 tt.
723 3645 754 3693 L.
766 3656 786 3696 a.
803 3647 826 3707 ξ.
837 3658 856 3695 t.
873 3646 905 3695 D.
920 3645 953 3694 de
967 3660 1024 3708 cop.
1035 3645 1095 3692 min.

124 3718 160 3785 (4,
175 3716 210 3782 ⁶).
229 3716 319 3766 Boetla.
335 3717 370 3765 ad
386 3715 438 3765 Cic.
457 3714 518 3778 Top.
532 3726 554 3773 4,
569 3727 602 3766 ta.
619 3731 647 3778 p.
662 3726 701 3766 not
715 3714 784 3764 Bait.
863 3710 888 3781 ξ
906 3717 963 3765 163.
981 3715 1020 3777 Os.
1039 3713 1095 3775 Ulp.

124 3803 163 3853 ιι,
177 3800 199 3840 ti.
219 3789 242 3850 ξ.
257 3800 278 3839 a.
299 3787 368 3837 I.de
383 3789 431 3853 lep.
447 3802 506 3850 opu.
523 3791 569 3834 tut.
585 3785 616 3850 (1,
626 3784 669 3850 ta).
725 3781 902 3853 §164.=§.
918 3796 937 3834 t.
953 3784 975 3832 I.
991 3784 1022 3831 de
1037 3796 1094 3844 cop.

122 3861 193 3912 dem.
209 3858 240 3924 (1,
256 3857 300 3924 ta).
320 3858 352 3907 L.
367 3870 387 3909 e.
408 3856 441 3905 1).
457 3857 488 3905 de
503 3858 550 3921 lep.
566 3863 612 3904 tut.
627 3854 672 3919 (eo,
690 3853 723 3921 t).
791 3852 817 3924 ξ.
834 3856 892 3905 tto.
909 3877 942 3895 =
960 3852 1009 3901 lit.
1024 3850 1047 3898 I.
1064 3850 1096 3897 de

124 3932 200 3996 lepit.
212 3937 284 3994 potr.
300 3937 346 3978 tut.
362 3927 394 3994 (t,
410 3927 453 3990 tt).
481 3926 519 3988 Cf.
539 3926 594 3989 Uip.
610 3939 644 3987 11,
659 3938 678 3976 e.
