2378 4386
155 558 218 617 108
423 565 535 602 numm
553 564 667 600 raaccus
686 563 843 601 mcmmnve.

153 708 233 766 quem
252 691 284 747 ad
295 690 432 747 Gaesarem
449 690 483 746 de
494 689 707 762 indigitamentis
719 690 850 761 scriptum
861 687 981 761 reliquit.
993 719 1034 729 -
1046 687 1114 745 Gen·

152 771 373 846 wmdbb

216 855 244 913 2.
268 855 380 911 Causam
395 871 462 911 uero
477 856 556 911 buius
572 856 711 911 uarietatis
725 854 796 929 apud
812 854 937 911 Granium
949 854 1164 917 Licinianumtaa]

153 939 222 996 libro
248 939 368 995 secundo
394 939 509 1011 diligens
530 938 618 995 lector
637 940 768 995 inueniet.
809 939 852 995 nit
872 941 959 1009 enim,
980 938 1114 995 nundinas

153 1024 225 1079 louis
241 1023 320 1078 ierias
335 1038 406 1093 esse,
422 1022 553 1095 siquidem
569 1021 699 1079 llaminica
716 1022 839 1079 omnibus
855 1023 982 1078 nundinis
996 1025 1024 1079 in
1040 1025 1114 1098 regia

153 1107 210 1162 loui
226 1106 336 1161 arietem
352 1106 438 1162 soleat
453 1105 607 1163 immolare:
629 1106 676 1163 sed
692 1107 752 1178 lege
768 1106 912 1163 ilortcnsia
927 1106 1063 1176 ellectum,
1084 1116 1115 1162 ut

153 1190 355 1259 insinuassent,
371 1191 411 1245 uti
426 1190 531 1261 rustici,
553 1192 598 1263 qui
614 1189 779 1246 nundinandi
795 1192 915 1247 causalo
931 1189 1024 1246 urbem
1040 1193 1114 1246 ueni·

154 1273 245 1343 ebant,
265 1272 327 1329 lites
348 1281 557 1347 componerent3
579 1273 684 1330 nefasto
707 1276 777 1330 enim
798 1274 841 1330 die
862 1275 980 1348 praetori
996 1273 1046 1329 lari
1060 1291 1115 1330 non

155 1356 260 1414 licebat.
276 1386 314 1397 —
331 1357 448 1413 blacrob.
465 1357 520 1418 Sat.
539 1358 565 1428 l,
584 1358 632 1414 16.
651 1354 678 1431 8.
696 1357 746 1415 30.

216 1438 246 1500 3.
269 1441 334 1497 ltem
349 1441 453 1497 boeotii
467 1440 614 1497 Parnasum
634 1450 753 1497 montem
769 1441 887 1515 Apollini
908 1449 1040 1497 sacratum
1056 1456 1115 1496 esse

154 1533 346 1596 memorantes,
364 1524 446 1581 simul
466 1533 555 1580 tamen
570 1526 597 1581 in
612 1525 706 1581 eodem
722 1533 749 1581 et
764 1525 903 1581 oraculum
919 1525 1072 1599 Delphicum
1087 1533 1116 1580 et

155 1610 295 1684 speluncas
310 1608 448 1664 Bacchicas
465 1611 510 1665 uni
529 1609 581 1665 deo
597 1618 765 1664 consecratas
779 1608 883 1665 colunt.
906 1611 976 1664 unde
991 1617 1018 1664 et
1033 1609 1115 1681 Apol·

154 1693 202 1749 lini
229 1700 257 1748 et
277 1690 374 1748 Libero
395 1693 466 1764 patri
494 1694 521 1747 in
548 1690 641 1748 eodem
663 1701 754 1749 monte
777 1709 821 1747 res
843 1691 933 1748 diuina
954 1691 1115 1748 celebratur.

155 1775 233 1845 Quod
255 1792 315 1832 cum
331 1785 358 1831 et
374 1774 457 1831 Varro
473 1782 501 1830 et
516 1775 630 1830 Granius
646 1773 757 1831 Flaccus
773 1773 919 1846 ailirment,
941 1777 1021 1831 etiam
1036 1774 1113 1830 Euri·

155 1860 231 1934 pides
247 1861 288 1916 bis
303 1860 382 1914 docet
397 1866 450 1914 etc.
470 1888 505 1899 -
522 1857 638 1914 Macrob.
655 1857 709 1913 Sat.
728 1859 756 1923 1,
774 1858 821 1915 18.
839 1854 867 1930 8.
883 1857 913 1916 4.

218 1941 248 1999 4.
271 1942 442 2016 Aristoteles,
465 1950 494 1997 ut
510 1941 622 1996 Granius
643 1949 782 2011 memorat,
805 1943 848 1995 uir
868 1943 977 2014 ingenio
999 1958 1113 2015 praepo·

155 2036 215 2084 tens
230 2034 312 2099 atque
327 2028 354 2080 in
369 2025 491 2081 doctrina
506 2027 678 2098 praecipuus,
694 2023 839 2079 llineruam
855 2039 915 2079 esse
934 2022 1034 2079 lunam
1050 2042 1114 2098 pro·

155 2109 286 2167 habilibus
307 2110 472 2183 argumentis
492 2108 605 2182 explicat
631 2116 659 2164 et
685 2106 804 2163 litterata
825 2109 985 2163 auctoritate
1005 2107 1116 2165 demon·

155 2204 233 2253 strat.
250 2223 288 2235 —
305 2190 407 2247 lirnob.
424 2191 455 2260 3,
471 2191 520 2248 31.

217 2275 245 2333 li.
268 2275 427 2332 Nouensiles
439 2275 501 2331 Piso
519 2275 586 2331 deos
604 2291 665 2331 esse
682 2274 766 2331 credit
778 2290 877 2330 nouem
889 2275 916 2330 in
927 2273 1032 2330 Sabinis
1045 2275 1116 2349 apud

155 2360 277 2416 Trebiam
303 2360 479 2416 constitutos.
520 2359 575 2415 llos
596 2358 708 2414 Granius
730 2358 819 2414 blusas
839 2367 930 2432 putat,
954 2374 1114 2416 consensum

155 2442 360 2500 accommodans
376 2443 462 2500 liclio.
478 2474 520 2485 -
535 2441 634 2502 arnob.
651 2442 680 2513 3,
697 2442 747 2500 38.

152 2575 282 2640 fastorum
301 2576 451 2637 scriptores,
471 2573 639 2640 Tarquinium
654 2574 774 2623 Priscum
792 2574 907 2637 aliosque
925 2574 957 2622 de
976 2574 1115 2638 disciplina

154 2644 269 2695 Etrusca
284 2647 427 2708 scriptores
444 2644 612 2711 (Bernhardy
630 2647 646 2694 l.
662 2660 716 2709 cp.
731 2654 778 2695 858.
793 2643 825 2692 L.
841 2643 899 2693 Iar.
913 2644 950 2692 ad
958 2643 1075 2693 Macrob.
1086 2660 1114 2707 p.

154 2717 214 2782 664.)
222 2719 281 2765 item
289 2718 479 2781 prammaticos,
490 2732 635 2780 quanquam
645 2731 679 2764 ex
688 2714 729 2764 dia
739 2715 842 2778 quidam
851 2713 900 2763 doc
910 2728 972 2763 aeuo
980 2717 1019 2763 ael
1025 2716 1115 2777 paullo

153 2795 211 2851 post
225 2791 294 2836 uelut
308 2787 399 2836 Aelius
412 2786 487 2844 Stilo,
501 2785 608 2842 Santra,
628 2785 739 2834 Verrius
752 2783 871 2843 didacus,
891 2784 1005 2834 Cloatius
1023 2785 1116 2842 Verus,

154 2859 203 2906 aiii
216 2859 293 2905 etiam
311 2855 372 2904 XII
385 2855 480 2904 tubalia
495 2858 604 2919 aliisque
624 2853 845 2917 iurisprudentiac
857 2853 973 2916 sontibus
991 2856 1116 2918 inciperem

154 2941 258 2989 operam
268 2925 402 2974 decernant.
424 2923 477 2973 Nec
489 2924 515 2973 C.
525 2923 624 2973 Bassus
634 2923 743 2987 (Gavius
754 2925 806 2983 iile,
816 2931 844 2971 ut
850 2924 926 2989 puto)
933 2925 964 2972 de
974 2925 1026 2972 diis
1036 2925 1114 2988 (Lyd.

154 2996 272 3044 demens.
282 3005 304 3053 4,
318 2992 350 3055 a),
365 2993 481 3056 Lepidus
495 2993 612 3058 (oratori
631 2994 682 3041 Cic.
697 2991 771 3042 Brut.
788 3005 820 3044 to.
838 2995 861 3054 8.
877 2994 913 3058 st)
927 2995 959 3043 de
972 2994 1115 3044 sacerdoti-

154 3063 201 3113 bus
210 3063 287 3126 (Lyd.
298 3062 330 3110 de
340 3078 404 3126 map.
422 3074 442 3121 1,
453 3062 498 3125 tr),
512 3061 595 3111 litias
603 3064 635 3112 eie
647 3063 728 3126 seriis
738 3063 866 3126 (Macrob.
877 3063 931 3113 Sat.
943 3076 963 3126 1,
974 3076 1006 3115 to.
1017 3066 1052 3130 cf.
1063 3077 1085 3127 a,
1094 3078 1115 3116 a.

154 3134 223 3181 alius
232 3138 270 3180 est
282 3131 307 3179 0.
322 3129 405 3181 litiae
415 3131 447 3179 tt.
458 3143 478 3192 2,
490 3131 526 3197 12)
536 3134 646 3197 aliisque
656 3133 692 3182 ad
703 3135 843 3198 rcla'pioces
852 3134 1026 3197 spectantibus
1036 3135 1115 3201 (Fest.

154 3219 176 3250 u.
191 3201 343 3264 offendices.
361 3200 426 3249 Bisa
434 3217 462 3263 p.
473 3213 520 3252 eoo.
531 3203 589 3268 sta),
600 3219 631 3252 ne
643 3203 826 3269 Fulpeutianca
840 3204 963 3268 quosdam
973 3220 1116 3256 curamenta·

154 3288 207 3321 rem
217 3271 386 3334 (Bernhardy
400 3273 416 3319 l.
432 3287 454 3320 c.
465 3287 493 3335 p.
507 3283 554 3324 atu.
570 3272 628 3337 868),
643 3290 692 3338 qao
704 3276 813 3324 consilio
827 3275 991 3337 scripserint,
1007 3283 1115 3326 constat.

156 3341 306 3398 Nicostrati,
325 3347 435 3389 ceterum
452 3343 510 3391 item
521 3345 615 3393 incerti
625 3345 764 3407 scriptoria
778 3345 916 3407 inferioris
926 3347 1028 3404 aetatis,
1038 3346 1116 3395 deac-

154 3418 216 3459 natu
231 3409 347 3459 babendo
362 3411 431 3475 quod
444 3419 530 3462 exstat
539 3416 640 3478 incipite
650 3414 746 3478 [rupen.
757 3415 828 3478 apud
839 3414 904 3462 Feat.
913 3429 935 3461 u.
947 3412 1077 3464 Senacuia
1087 3432 1115 3478 p.

154 3492 201 3532 tit.
216 3479 259 3529 dic
273 3483 360 3529 saltem
371 3482 535 3532 adscribam:
549 3484 662 3532 Senacula
672 3485 717 3531 tria
727 3485 800 3533 fnisse
811 3482 907 3542 Romae,
917 3483 940 3530 in
951 3483 1036 3544 quibos
1046 3499 1116 3533 sena-

154 3560 192 3600 tus
205 3551 286 3598 baberi
301 3550 385 3598 solitus
396 3552 436 3613 sit,
446 3555 573 3603 memoriae
587 3553 692 3617 prodidit
706 3552 853 3602 Nicostratus
864 3552 888 3598 in
903 3551 973 3611 libro,
983 3552 1117 3612 quiinscri-

153 3620 217 3670 bitur
232 3620 260 3668 de
280 3628 363 3668 senatu
382 3621 499 3670 babendo.
527 3636 608 3679 unum,
629 3622 669 3670 ubi
683 3635 745 3670 nune
760 3628 797 3669 est
816 3620 881 3669 aedis
896 3617 1041 3668 Concordiae
1055 3622 1117 3670 inter

154 3689 294 3754 Capitolium
310 3691 425 3752 otiorum,
436 3691 458 3739 in
467 3706 513 3753 quo
522 3692 629 3740 solebant
639 3691 788 3751 magistratus
799 3685 962 3753 d(um)t(axat)
973 3703 1026 3737 cum
1037 3691 1117 3739 senio-

154 3761 220 3810 ribus
235 3760 375 3809 deliberare.
404 3760 502 3808 alterum
517 3761 546 3809 ad
566 3769 658 3824 portam
673 3758 798 3824 Capenam,
813 3759 908 3809 tertiam
923 3758 982 3808 citra
997 3759 1117 3824 bellonae,

154 3832 177 3880 ln
193 3846 239 3893 quo
255 3837 387 3880 exterarum
401 3829 523 3880 nationum
537 3831 629 3893 legatis,
647 3844 707 3894 quos
721 3831 745 3879 in
760 3831 842 3880 urbem
856 3829 981 3879 admittere
995 3831 1117 3898 nolebant,

154 3910 250 3951 senatus
266 3902 372 3951 dabatur.
