2378 4386
16 13 1120 367 -

23 240 47 251 ν’
91 246 94 251 ’
130 248 133 253 ·
148 252 153 259 ι

128 619 189 685 858
279 635 336 672 ver.
351 633 455 671 ermen.
470 630 556 671 resec.
571 631 764 668 consrururxo.
781 614 831 669 tx.
849 621 955 673 9-14.

171 765 368 823 demutationem
384 762 505 833 deduxit,
521 762 603 817 minui
617 768 696 833 pacto
713 777 770 817 non
789 765 905 836 potuit:
922 781 955 823 ac
969 766 1090 841 ’propter-

170 842 218 906 ea¹
241 847 346 904 sublata
367 848 491 903 cautione
512 845 716 913 transactionis,
740 860 814 919 quae
836 847 924 905 nulio
940 851 1001 906 inre
1022 853 1090 906 inter

171 934 257 1005 posita
277 941 336 1000 est,
360 929 506 1004 Septimius
531 927 657 984 Varianus
679 942 737 983 rem
761 928 918 989 iudicatam
943 943 1090 1008 exequatur.

170 1014 220 1071 PP.
237 1013 290 1070 kal.
306 1013 356 1070 lul.
372 1013 455 1069 laeto
469 1012 502 1069 11.
518 1021 545 1068 et
560 1011 667 1067 Cereale
682 1006 774 1067 coss.²

213 1095 242 1156 9.
267 1091 370 1171 ³lmpp.
389 1096 499 1154 bioclet.
516 1103 543 1152 et
558 1093 705 1150 llanimian.
729 1094 787 1151 AA.
804 1095 908 1170 Ulpiae
925 1099 1087 1158 Marcellinus

171 1181 198 1238 Si
215 1197 322 1255 praeses
339 1181 496 1254 prouinciae
516 1179 694 1252 ignorantiam
715 1184 791 1234 tuam
814 1179 1005 1241 fraudulenta
1020 1194 1088 1240 tram

172 1267 278 1322 actione
301 1281 330 1322 ac
351 1264 455 1321 dolosis
477 1261 580 1318 artibus
603 1261 695 1336 generi
719 1262 757 1317 tui
774 1264 1025 1342 circumscriptam
1045 1283 1086 1325 etse

172 1351 350 1425 cognouerit,
373 1348 396 1403 si
418 1347 525 1419 quidem
542 1345 680 1419 Aquiliana
702 1346 852 1418 stipulatio
876 1360 908 1406 et
933 1352 1084 1427 acceptilatio

172 1435 292 1490 insecuta
316 1449 370 1488 non
386 1440 436 1500 est,
453 1438 560 1503 pactum
575 1427 669 1485 callide
682 1430 829 1503 scriptum,
843 1433 973 1508 integris
985 1435 1085 1510 singule

173 1534 231 1572 rum
254 1513 416 1584 actionibus,
439 1512 582 1570 amoneblt.
621 1509 670 1571 PP.
685 1511 727 1568 ill.
744 1529 813 1571 non.
831 1513 957 1576 Octobr.
975 1521 1083 1594 tpststt

172 1593 265 1658 coss⁴

215 1679 263 1740 10.
289 1677 372 1756 ⁶lmp.
389 1680 540 1737 Gordianus
557 1680 586 1736 A.
604 1678 703 1735 Cliniae
719 1680 871 1740 Antoniae.
912 1684 1014 1763 Pacta,
1036 1700 1083 1760 qnae

172 1776 267 1824 contra
282 1765 370 1822 bonos
385 1780 474 1820 mores
489 1766 712 1836 interponuntur,
732 1765 801 1820 turis
818 1768 894 1823 ratio
919 1785 978 1825 non
1002 1779 1083 1825 tuetur.

175 1847 225 1906 PP.
242 1866 306 1907 non.
324 1846 434 1908 Octobr.
451 1849 511 1920 lpso
527 1849 558 1903 A.
576 1846 607 1906 li.
624 1854 651 1901 et
666 1845 835 1921 Pompeiano
853 1846 951 1907 coss.⁰

214 1930 255 1991 11.
279 1926 363 2007 ⁷lmp.
380 1929 529 1987 Alexander
544 1930 653 1986 Aurelio
667 1929 804 2004 lilonysio.
833 1932 906 1991 Cum
922 1945 1084 2010 posteaquam

174 2017 349 2075 aduersarius
365 2016 456 2070 matris
473 2024 535 2070 tuae
551 2016 641 2070 uictus
658 2021 740 2085 esset,
758 2023 878 2074 matrem
897 2028 972 2075 tuam
987 2022 1084 2076 circum·

174 2103 291 2171 uenerit,
307 2108 337 2155 ut
353 2099 544 2171 pacisceretur,
560 2096 660 2152 nullam
676 2112 706 2152 se
721 2104 947 2159 controuersiam
963 2103 994 2158 de
1005 2102 1083 2157 seruis

175 2194 324 2252 moturum,
339 2182 365 2238 tu
381 2188 487 2254 pactum
504 2179 571 2235 mala
588 2178 639 2236 lide
655 2180 755 2237 iactum
770 2182 886 2242 irritum
906 2194 951 2241 est.
981 2182 1010 2237 Et
1025 2199 1079 2238 cnm

174 2285 205 2324 er
221 2285 251 2323 ea
267 2266 447 2322 conuentione
462 2279 522 2318 eum
544 2273 629 2319 matre
647 2272 692 2319 tua
708 2266 752 2336 agl
776 2267 920 2340 coeperit,
939 2265 1015 2324 turleu
1028 2280 1079 2321 um
1091 2270 1123 2322 tit

174 2348 313 2420 liberabit3
330 2349 390 2417 quia
406 2346 438 2401 de
454 2362 483 2401 re
498 2345 612 2403 iudicata
623 2348 720 2421 pacisci
733 2362 815 2405 nemo
827 2360 935 2424 potest.
963 2349 1010 2407 PP.
1022 2346 1082 2423 prid.

173 2432 208 2486 il.
225 2431 299 2503 Sept.
316 2429 467 2486 Alenanrlro
484 2431 514 2485 A.
532 2446 586 2487 cos.

215 2510 260 2572 12.
283 2512 319 2570 Ex
334 2529 449 2587 corpore
465 2506 681 2570 Theodosinnlz⁸

175 2599 260 2674 lmpp.
290 2597 425 2655 Honorius
454 2607 482 2654 et
515 2597 684 2655 Theodosius
713 2598 767 2653 AA.
791 2598 899 2658 iuliano
935 2599 1087 2676 proconsuli

175 2682 288 2740 Airicae.
333 2681 365 2737 Et
387 2680 543 2738 mulieribus
558 2690 585 2738 et
601 2678 748 2737 minoribus
768 2683 796 2738 in
813 2684 857 2754 ils,
881 2701 954 2759 qnae
977 2694 1088 2760 praeter·

174 2768 295 2824 miserint
312 2766 354 2822 nel
371 2766 569 2839 ignorauerint,
591 2765 740 2820 innumeris
757 2767 974 2825 auetoritatibus
990 2777 1089 2825 constat

175 2867 235 2907 esse
258 2849 421 2908 consultum.
465 2849 523 2905 liat.
546 2848 616 2922 prid.
641 2863 705 2903 non.
733 2846 809 2903 biart.
833 2849 1001 2923 Rauennae,
1029 2852 1090 2908 Con·

179 2937 299 2991 stantino
313 2950 369 2989 cos.

218 3014 261 3075 13.
286 3018 350 3073 item
367 3016 461 3072 eodem
477 3030 606 3088 corpore:

177 3096 261 3174 ”imp
282 3101 472 3156 Constantinus
495 3100 524 3154 A.
541 3098 573 3154 ad
595 3097 733 3154 llaxlmum
757 3098 888 3171 praeterr.
913 3102 978 3160 urb.
1003 3103 1091 3159 lnter

176 3195 292 3241 cetera
315 3192 348 3240 et
370 3183 408 3239 ad
431 3184 558 3239 locum:
581 3180 724 3238 Pactiones
740 3197 783 3237 eas
799 3183 894 3240 ualere
911 3186 1053 3256 uolumus,
1073 3185 1091 3240 si

177 3285 238 3326 eum
254 3267 358 3342 legibus
374 3267 555 3337 consentiant,
568 3272 601 3322 et
616 3264 763 3338 reliqua.
797 3265 854 3321 bat.
874 3267 918 3323 Vi.
936 3286 1005 3327 non.
1019 3269 1091 3326 Febr.
1123 3303 1125 3347 p

177 3352 286 3419 Romae,
303 3349 401 3405 Sabino
420 3358 447 3404 et
462 3348 559 3404 liusrno
575 3343 674 3404 coss.¹⁰

217 3431 262 3488 te.
286 3430 322 3487 Eu
337 3447 451 3504 corpore
467 3431 640 3505 Gregoriani:

208 3596 227 3662 ¹)
243 3600 305 3648 Par.
320 3611 354 3650 se.
373 3607 496 3661 praeterea
512 3599 576 3652 Par.
592 3612 624 3653 tr.
641 3601 723 3666 Pugg.
793 3594 852 3663 ¹)n.
868 3611 917 3653 tto.

137 3671 181 3721 Gr.
198 3671 223 3719 G.
239 3672 271 3720 de
285 3677 410 3721 transaot.
425 3668 457 3734 (1,
471 3669 508 3735 tt)
522 3670 606 3719 Haeo.
619 3686 646 3733 p.
662 3683 682 3721 o.
738 3667 759 3735 ⁴)
774 3685 797 3718 o.
813 3680 940 3723 iss-sot.
995 3672 1018 3737 ⁸)
1039 3675 1067 3723 V
1068 3678 1073 3688 '
1090 3712 1095 3721 .

134 3742 217 3790 Haen.
237 3742 280 3790 Gr.
298 3741 399 3804 G.p.s.
451 3737 572 3804 bostat.
626 3737 692 3804 ’11.
703 3753 723 3792 s.
745 3739 770 3788 θ.
785 3739 816 3788 de
827 3748 900 3803 pact.
916 3742 950 3807 (a,
961 3737 1000 3808 s).‘
1015 3761 1041 3797 α,
1052 3757 1097 3797 aas.

135 3811 218 3861 Hoen.
237 3812 281 3860 Gr.
299 3812 324 3860 C.
336 3826 363 3874 p.
379 3822 399 3861 t.
474 3806 496 3873 ο)
510 3810 541 3860 L.
557 3822 576 3862 t.
606 3809 648 3861 Tu.
671 3811 696 3860 G.
716 3810 747 3858 de
766 3810 811 3857 int.
831 3819 892 3862 rest.
909 3812 947 3876 (ἓ,
964 3814 1009 3879 16).
1032 3816 1096 3866 Μ.

135 3883 199 3933 LO.
215 3883 246 3931 de
262 3884 288 3931 in
304 3884 349 3930 int.
365 3888 425 3929 rest.
442 3882 500 3928 inin.
515 3879 551 3944 (a,
566 3879 610 3945 ts).
635 3897 659 3929 o.
674 3891 722 3931 itt.
796 3875 871 3943 ⁹)De
891 3883 942 3931 Aac
962 3894 1049 3934 ronst.
1065 3885 1097 3949 cf.

141 3953 247 4003 Wenclr.
263 3952 299 4001 ari
316 3950 360 4000 ln.
377 3951 403 4000 G.
414 3965 442 4014 p.
458 3961 504 4001 tto.
524 3951 625 4000 Haenel
639 3951 675 4000 ad
692 3950 735 3999 Tit.
752 3947 879 4012 C.p.s1t.
935 3949 971 4017 ιο)
987 3970 1012 4004 a.
1029 3967 1078 4009 sas

22 4069 80 4149 h
