2378 4386
284 377 293 393 1

112 568 136 615 X
490 564 696 616 PRAEFATIO.

111 718 150 782 ad
194 738 266 781 uem
287 716 496 800 probabiliter
515 715 625 780 reterri
641 715 832 794 viderentur,
855 715 1070 798 exquirerem

111 739 193 884 quod
217 801 244 864 si
266 800 334 865 fieri
356 820 423 864 non
461 803 572 880 oterat,
595 800 628 863 iu
644 803 786 881 ternpore
802 797 993 881 definiendo,
1018 800 1071 867 cui

112 884 341 968 assignandum
362 822 508 967 quodque
530 890 614 946 esset
640 883 816 947 rationibus
837 883 987 967 redditis,
1017 906 1071 951 ae·

133 989 225 1032 uren.

112 989 130 1049 q
195 1050 359 1115 Postremo
387 1049 555 1115 dicendum
577 1054 640 1132 est,
663 1048 926 1146 quemadmodum
947 1051 1070 1117 in‘siu·

112 1134 196 1218 gulis
218 1134 363 1218 partibus
385 1133 478 1197 huius
501 1135 697 1198 collectionis
712 1133 908 1198 instruendis
923 1139 1070 1201 versatus

111 1219 182 1282 sim.
228 1218 296 1293 Qua
325 1219 358 1280 in
388 1239 422 1282 re
443 1222 517 1282 ante
540 1218 648 1281 omnia
669 1238 744 1301 prae
766 1217 866 1282 oculis
888 1218 1001 1301 habui,
1031 1218 1070 1285 li·

112 1303 203 1366 brum
235 1300 424 1366 academicis
456 1302 594 1365 maxime
628 1302 736 1365 usibus
764 1299 957 1365 destinatum
985 1323 1067 1369 esse.

111 1385 222 1469 ltaque
237 1385 373 1468 primum
389 1386 562 1450 cavendum
578 1390 662 1467 erat,
684 1406 725 1448 ne
740 1384 800 1448 hac
815 1406 964 1449 mensura
978 1386 1069 1451 adhi-

112 1470 189 1552 bita,
212 1469 323 1534 otiosis
338 1473 532 1550 oneraretur,
555 1469 668 1552 quibus
684 1472 716 1532 et
730 1469 867 1551 pretium
882 1468 956 1532 libri
970 1470 1069 1535 nimis

113 1558 282 1638 augeretur
297 1557 330 1618 et
344 1553 437 1618 aliter
451 1554 599 1617 iuventus
613 1552 834 1631 deterreretur,
851 1551 963 1617 deinde
978 1574 1067 1638 vero,

112 1658 152 1701 ne
182 1638 257 1720 quid
285 1637 423 1718 deesset,
447 1658 509 1733 quo
531 1636 670 1701 studium
693 1636 769 1700 iuris
791 1636 893 1700 civilis
916 1636 956 1699 ad
978 1637 1068 1720 ipsos

111 1721 216 1785 sontes
231 1720 383 1786 accedens
398 1722 586 1785 incitaretur
601 1724 633 1783 et
647 1720 858 1784 adiuvaretur.
896 1719 978 1784 Cum
992 1742 1069 1787 vero

113 1805 262 1888 pleraque
284 1804 548 1887 iurisprudentiae
575 1807 796 1883 monumenta,
826 1825 905 1899 quae
932 1807 1069 1869 aetatem

112 1888 265 1969 tulerunt,
288 1887 337 1950 vel
353 1887 540 1968 corruptelis
556 1885 723 1969 deturpata
739 1887 789 1951 vel
805 1891 899 1951 etiam
914 1887 1069 1953 lacunosa

111 1976 145 2035 et
173 1972 278 2034 lacera
304 1970 342 2033 ad
371 1991 429 2033 nos
458 1970 661 2052 pervenerint
689 1970 800 2034 etheo
823 1972 1012 2054 praesertim
1032 1992 1069 2037 re

111 2055 251 2117 studium
280 2074 386 2116 eorum
414 2053 620 2135 impediatur,
648 2055 752 2136 prima
774 2076 849 2118 cura
871 2057 905 2117 in
926 2054 988 2119 hoc
1009 2076 1068 2138 po·

111 2137 217 2201 nenda
245 2142 327 2216 erat,
357 2141 391 2200 ut
417 2158 510 2218 quam
539 2137 780 2221 integerrimum
810 2138 956 2222 quodque
978 2158 1069 2221 prae·

112 2226 240 2287 starem.
274 2221 383 2303 Itaque
399 2221 541 2284 oninium
557 2221 698 2285 invenies
716 2243 830 2285 novam
846 2222 1068 2289 recensionem

112 2306 153 2369 ab
176 2305 376 2385 editionibus,
400 2304 511 2386 quibus
534 2325 619 2368 nunc
634 2305 764 2385 utimur,
788 2305 866 2370 adeo
887 2305 1068 2389 discrepan-

112 2392 191 2468 tem,
220 2394 257 2451 ut
284 2388 383 2451 multo
411 2390 512 2471 magis
541 2388 688 2452 audaciae
722 2393 754 2453 et
780 2409 934 2452 novarum
961 2410 1066 2455 rerum

111 2472 209 2536 studii
223 2472 362 2535 incusari
377 2492 495 2552 verear,
508 2492 601 2554 quani
618 2471 755 2536 desidiae
768 2473 816 2536 vel
829 2473 1068 2555 superstitiosae

112 2556 146 2619 in
169 2556 294 2619 truditis
315 2556 579 2641 perseverantiae.
613 2555 674 2620 Sed
697 2562 802 2620 tamen
826 2557 972 2621 conscius
986 2556 1067 2621 mihi

112 2661 192 2722 sum,
213 2640 295 2703 nihil
316 2661 367 2704 me
389 2643 537 2721 mutasse,
560 2640 622 2703 nisi
638 2640 786 2704 omnibus
800 2638 962 2718 adhibitis,
985 2661 1066 2724 quae

111 2728 238 2806 praesto
261 2726 360 2805 erant,
384 2724 502 2788 criticis
525 2724 683 2804 subsidiiS,
704 2727 736 2787 et
757 2744 792 2787 re
807 2723 922 2785 iterum
937 2726 1066 2789 iterum·

112 2829 173 2891 que
200 2828 367 2890 perpensa.
412 2808 445 2871 Si
474 2808 527 2889 qui
550 2828 623 2872 vero
645 2807 725 2887 sint,
755 2807 808 2889 qui
831 2806 909 2871 vitio
930 2809 1067 2891 vertant,

111 2891 195 2972 quod
216 2891 251 2954 in
274 2890 430 2973 corruptis
452 2889 528 2954 locis
552 2891 777 2972 correctiones,
800 2910 880 2973 quae
902 2891 971 2953 sola
993 2912 1067 2957 oon·

112 2974 232 3037 iectura
254 2973 409 3055 nituntur,
431 2974 616 3059 plerumque
638 2974 746 3040 statim
767 2974 802 3038 iu
817 2976 887 3057 ipsa
902 2974 1067 3057 scriptoris

111 3057 255 3121 oratioue
277 3057 467 3139 scripserim,
491 3059 636 3123 codicum
658 3058 894 3140 editionumque
909 3059 1068 3140 scriptura

112 3140 162 3204 vel
184 3140 317 3203 aliorum
340 3142 529 3205 coniecturis
550 3145 677 3206 tantum
698 3143 892 3222 subnotatis,
925 3161 978 3204 eos
1000 3162 1066 3207 mo·

111 3224 197 3288 uitos
225 3224 334 3305 uelim,
362 3245 428 3288 non
456 3226 571 3290 stolida
600 3226 792 3290 confidentia
814 3246 865 3289 me
887 3224 918 3288 id
940 3224 1066 3307 fecisse,

113 3308 168 3372 sed
190 3308 372 3372 iuvenilium
395 3309 572 3373 animorum
594 3311 717 3373 ratione
738 3308 865 3387 habita,
897 3309 951 3391 qui
974 3309 1067 3374 initio

112 3394 199 3455 certa
222 3393 335 3456 malint
358 3393 417 3456 sibi
440 3393 532 3474 trudi,
555 3397 639 3476 post,
662 3393 689 3455 si
711 3412 790 3474 opus
812 3395 870 3471 est,
893 3391 924 3454 in
949 3390 1067 3476 disqui-

113 3476 261 3539 sitionem
284 3477 443 3558 vocanda,
472 3496 563 3558 quarn
586 3477 620 3539 in
644 3475 740 3537 dubio
761 3474 913 3557 relinqui,
943 3497 982 3539 ex
1005 3498 1069 3560 quo

112 3560 194 3624 datis
216 3582 394 3643 quanquam
417 3560 543 3623 auxiliis
554 3559 627 3704 ‹idSi
648 3579 682 3621 se
704 3556 883 3641 expediant.
917 3558 1070 3625 Similiter

113 3664 224 3707 vereor
238 3645 404 3709 offensioni
419 3644 495 3723 sore,
510 3662 552 3724 qu
609 3641 792 3724 saepissime
807 3642 949 3725 lacunas,
971 3644 1069 3708 etiam

112 3728 284 3792 multorum
314 3727 496 3806 verborum,
526 3724 665 3806 explevi,
693 3729 728 3788 ut
749 3726 876 3811 integra
898 3727 1000 3791 oratio
1021 3748 1069 3793 ra·

112 3813 306 3876 stitueretur.
351 3809 413 3874 Sed
445 3808 582 3891 primum
615 3809 677 3872 hoo
707 3829 896 3893 magnorum
930 3810 1071 3877 virorum
