2378 4386
19 31 1111 360 m

203 234 250 247 ..,,

103 601 164 666 780
313 618 410 656 rusum
429 618 482 654 svn
500 617 563 653 nou.
582 615 669 652 sumo.
689 602 844 652 teu-249.

165 746 233 807 uta.
258 742 350 804 ¹ltem.
373 746 423 814 Qui
439 747 569 820 conplura
584 745 711 819 allegant,
727 760 798 817 quae
813 745 933 819 singula
949 763 1011 803 non
1026 749 1081 803 sint

102 831 193 902 firma,
214 830 348 886 interdum
368 832 490 886 excusari
509 829 609 886 solent.
647 844 706 884 uam
722 837 748 882 et
764 828 869 884 iratres
888 831 1080 903 imperatores

103 915 195 971 Sentio
207 914 297 970 Potito
309 915 345 970 ita
362 915 573 987 rescripserunt:
591 911 729 979 ‘Quamuis
741 911 863 985 singula,
881 930 960 986 quae
976 913 1078 971 litteris

102 999 156 1054 tuls
168 996 315 1070 conplexus
327 1014 367 1065 es,
382 1013 437 1054 non
449 1005 587 1069 praestent
598 996 645 1052 tibi
658 995 742 1049 iustas
757 1011 856 1051 causas
869 1000 1077 1067 excusationis,

102 1089 191 1137 tamen
209 1082 270 1154 qula
287 1081 369 1136 multa
383 1081 463 1136 simul
479 1086 675 1152 congruerunt,
691 1093 803 1134 mouere
819 1095 873 1135 uos
891 1090 1033 1154 possunt,
1048 1088 1077 1137 ut

103 1167 240 1221 excusatio
257 1173 301 1220 tua
316 1181 331 1219 a
348 1165 431 1220 tutela
446 1165 529 1236 recipi
544 1160 655 1236 possit!

17 1257 81 1295 ¹⁰⁸¹
165 1243 234 1305 246.
268 1242 394 1304 ²l³aullus
422 1246 491 1303 libro
519 1245 647 1317 singulari
671 1244 702 1300 dc
725 1248 908 1304 excusatione
938 1257 1075 1306 tutorum.

13 1323 17 1331 .
29 1298 96 1337 simu.

2 1328 295 1419 {frte-‘imperatores
308 1333 394 1388 nostrl
406 1331 480 1386 Aelio
493 1330 605 1385 Diodoto
617 1345 668 1384 suo
680 1331 811 1384 salutem.
837 1330 965 1388 Tutores
979 1349 1075 1390 secuu-

104 1414 167 1472 dum
184 1416 268 1490 patris
284 1414 452 1471 uoluntatem
468 1413 576 1470 decreto
592 1413 735 1486 praetoris,
751 1411 897 1469 clarissimi
916 1417 984 1484 uiri,
1002 1415 1074 1490 quod

102 1515 157 1556 uon
174 1501 232 1555 iure
255 1507 420 1557 testamento
444 1497 487 1553 uel
508 1497 637 1553 codicillis
660 1494 714 1551 dati
737 1495 862 1565 lucrant,
888 1497 1075 1555 confirmatos

102 1585 241 1640 nominare
256 1584 378 1657 potiores
390 1597 481 1654 posse,
497 1596 551 1637 nou
563 1580 732 1638 arbitramur.
762 1595 826 1635 uam
837 1580 976 1639 iudicium
991 1584 1073 1656 patris

102 1666 166 1723 licet
182 1667 240 1721 iure
255 1663 369 1734 deficiat,
389 1663 550 1720 seruandum
566 1661 631 1721 est.'

0 1739 95 1819 iffi
167 1744 235 1806 uti.
258 1743 386 1804 ³Paullus
402 1747 470 1803 libro
486 1746 504 1801 l.
521 1746 648 1803 editionis
668 1745 803 1801 secundae
824 1745 858 1803 do
874 1748 1072 1807 iurisdictione

5 1824 251 1902 ¹'fllpl⁰·'tutelari.⁴
283 1831 334 1898 Qui
351 1841 405 1887 tres
420 1831 548 1904 pluresue
563 1828 662 1886 liberos
679 1827 776 1884 babent
793 1834 976 1903 superstites,
992 1849 1071 1890 etcu-

8 1907 49 1944 ΕΒ·
62 1907 89 1944 ¹¹·
104 1917 158 1972 sarl
179 1915 286 1986 solent,
308 1915 391 1988 idque
412 1912 587 1987 conpluribus
607 1911 850 1969 constitutionibus
872 1924 995 1973 cauetur
1019 1924 1070 1972 tam

104 1993 257 2058 ’diuorum⁵
279 1999 358 2055 llarci
379 2008 406 2054 et
427 1996 516 2063 lucii,
540 1991 616 2069 ’quii
638 1996 763 2052 Pontium
780 1995 962 2070 Marcellum,
989 2002 1068 2056 trium

103 2083 249 2140 liberorum
265 2091 384 2156 patrem,
405 2080 587 2135 liberauernut
602 2080 699 2135 littoris
715 2079 747 2134 ad
763 2095 825 2135 eum
841 2084 962 2152 omissis,
986 2091 1111 2156 quaml&

105 2167 277 2223 dominorum
292 2172 459 2221 nostrorum.
496 2161 548 2218 Sed
565 2162 608 2218 bic
623 2154 765 2219 numerus⁷
788 2165 815 2219 in
832 2164 908 2220 ltalia
924 2168 997 2222 ciues
1013 2164 1068 2220 lio·

104 2266 197 2305 manos
220 2248 329 2304 liberat:
359 2259 484 2302 nuncet
507 2248 703 2303 constitutione
730 2247 881 2319 principum
907 2258 1067 2305 nostrorum

103 2347 154 2387 nec
169 2333 196 2386 iu
212 2330 294 2396 ltalia,
312 2328 360 2384 sed
376 2328 475 2384 llomae
491 2336 594 2384 tantum
610 2329 733 2400 exemplo
750 2331 953 2405 municipalium
970 2350 1066 2390 muue-

104 2430 174 2470 rum.
210 2428 270 2468 uam
289 2411 382 2468 Clodio
398 2411 550 2468 llerodiauo
572 2415 609 2468 ita
631 2416 813 2486 scripserunt:
838 2414 931 2471 ‘Sicut
946 2417 976 2473 lu
993 2416 1067 2475 ltalia

104 2498 177 2555 ciues
193 2496 304 2553 llomani
319 2498 498 2552 consistentes
514 2513 626 2569 uumorp
643 2506 770 2569 quattuor
789 2496 939 2555 liberorum
954 2499 1066 2557 incolu-

105 2582 186 2636 mium
202 2579 351 2636 aciuilibus
366 2574 369 2658 l
383 2581 548 2637 muneribus
563 2589 753 2648 excusantur,
770 2584 811 2636 ita
823 2580 949 2638 eundem
965 2599 1065 2640 nume-

105 2683 169 2722 rum
190 2668 220 2721 in
243 2667 395 2722 tutelarum
410 2671 438 2721 et
459 2681 598 2721 curarum
620 2664 857 2721 excusationibus
871 2671 996 2722 seruari
1006 2684 1066 2738 par

106 2756 158 2806 est.
194 2749 319 2805 Proinde
334 2752 385 2821 qui
398 2750 438 2804 aei
450 2751 566 2805 tutelam
589 2750 635 2804 uei
650 2764 751 2805 curam
773 2753 929 2819 uocantur,
953 2751 1066 2806 Romae

106 2835 217 2907 quidem
240 2837 325 2889 trium
346 2833 501 2889 liberorum
522 2836 702 2888 incolumium
725 2846 856 2900 numero,
880 2832 916 2887 de
939 2850 1064 2904 qnorum

106 2921 190 2974 etiam
205 2923 282 2974 statu
297 2933 354 2972 non
369 2917 532 2988 ambipitur:
552 2919 581 2971 in
597 2916 685 2971 ltalia
700 2930 771 2971 uero
785 2921 933 2985 quattuor,
949 2920 981 2972 in
992 2935 1064 2987 pro·

107 3005 211 3057 uinciis
225 3008 320 3056 autem
335 3003 460 3072 quinque
473 3001 580 3055 babent
595 2991 835 3055 excusationem.⁸

266 3077 357 3147 [Deest
370 3095 436 3129 unus
450 3081 585 3143 quaternio
598 3093 619 3127 e.
635 3079 750 3142 popinae
767 3074 899 3144 sedecim}

181 3246 200 3312 ¹)
217 3248 255 3310 Cf.
270 3247 302 3295 L.
318 3256 348 3296 ιδ.
366 3248 389 3306 5.
405 3257 437 3294 ιι.
454 3245 485 3294 Ι).
500 3244 524 3291 Ιι.
540 3251 557 3292 t.
573 3243 603 3291 L.
620 3257 638 3293 1.
655 3246 678 3305 ξ.
693 3256 713 3295 s.
730 3244 761 3291 I).
776 3244 808 3293 de
822 3253 905 3293 uacat.
921 3244 967 3310 (oo,
984 3246 1017 3310 s).
1033 3246 1064 3295 L.

108 3336 149 3368 un.
167 3318 192 3367 0.
208 3319 252 3380 qui
266 3331 332 3364 num.
347 3322 392 3362 tut.
408 3313 440 3378 (u,
454 3314 499 3378 us).
564 3309 733 3377 ¹)=§.159.
799 3310 820 3379 ⁸)
836 3314 874 3376 Cf.
891 3316 914 3376 ξ.
931 3328 978 3367 191.
997 3317 1029 3365 L.
1045 3331 1065 3366 1.

110 3390 134 3437 C.
151 3389 195 3451 qui
209 3401 275 3434 num.
290 3384 332 3433 lib.
348 3383 380 3448 (o,
395 3383 438 3447 aa).
490 3379 512 3446 ⁴)
525 3382 570 3432 Sic
590 3383 648 3432 Vat.
663 3385 701 3433 ed.
717 3384 810 3434 Hoilw.
827 3385 936 3434 tutelonis
956 3387 984 3433 V
987 3387 1009 3434 ²¹.
1026 3388 1066 3436 ed.

109 3457 230 3512 dicimus,
246 3456 290 3517 qui
303 3456 398 3503 mauult
411 3452 529 3515 praetoris
543 3454 658 3502 tutelonis.
684 3455 789 3503 Dicitur
801 3452 964 3506 ‘iurisdictio
975 3459 1066 3521 pupii-

108 3521 184 3575 loris’
210 3523 417 3573 Orelli-Hemesa
438 3522 521 3572 Inscr.
543 3534 603 3575 osse.
678 3522 699 3588 ⁶)
722 3524 760 3586 Cf.
782 3531 833 3574 not.
855 3538 903 3575 ιιι.
980 3524 1003 3590 ⁶)
1023 3527 1067 3575 ue

108 3594 197 3644 chnz.
214 3597 246 3657 φ’.
262 3595 347 3657 quibus
363 3593 392 3641 V.
409 3594 466 3643 edd.
477 3593 570 3643 Hoiiw.
587 3593 700 3644 Momms.
744 3592 765 3658 ⁷)
779 3593 905 3658 Suspicor
919 3595 964 3645 bic
979 3597 1013 3647 oi)
1027 3613 1067 3647 se-

108 3665 212 3729 quentia
230 3665 325 3712 similia
346 3664 423 3713 uerba
442 3665 586 3713 excidisse:
607 3679 633 3713 ex
652 3666 668 3713 l.
688 3665 753 3713 lulio.
782 3664 880 3714 Ruunt
900 3672 995 3727 postea
1015 3682 1069 3730 pro

109 3735 194 3784 liberat
208 3737 239 3797 ci.
256 3734 379 3783 liberabat.
441 3732 462 3799 ⁸)
477 3733 606 3797 Suppleni‚
622 3735 682 3783 inde
696 3750 712 3782 a
727 3735 811 3784 uerbis
827 3731 883 3797 ‘qui
897 3736 934 3784 ad
947 3733 1066 3786 tutelam’

108 3821 143 3855 esc
157 3805 188 3852 L.
205 3817 223 3854 1.
250 3805 276 3854 Ο.
296 3806 353 3863 cit,
373 3819 437 3869 quae
456 3805 531 3853 dubet
550 3804 777 3868 subscriptionem:
799 3802 868 3852 ‘PR
890 3803 958 3855 Non,
976 3807 1067 3869 April.

111 3874 175 3924 Geta
190 3883 213 3924 et
229 3875 368 3924 Plautiano
384 3871 460 3924 coss)
477 3874 504 3938 (i.
521 3890 541 3923 e.
557 3890 581 3923 a.
597 3887 655 3939 aba).

19 4068 80 4136 k
