2378 4386
176 604 235 668 724
415 619 666 656 rnaou.1vn.uou.
686 619 744 655 var.
764 607 877 656 28-35.

174 752 296 816 militem,
318 752 367 806 cui
387 767 405 805 a
425 755 513 821 patre
532 748 634 819 infans
656 750 791 804 uenditns
806 762 847 818 es,
869 751 1048 819 ingenuitati
1069 755 1142 805 tuae

174 835 361 892 controuersia
378 833 490 902 moueri,
506 833 751 888 constitutionibus
764 833 928 903 principum
944 839 1068 888 cautum
1084 841 1140 889 cst.

176 960 182 973 .
200 959 206 973 .
224 960 230 973 .
247 958 253 971 .
269 921 329 990 ipso
345 919 415 990 nug.
432 916 475 972 itt.
490 910 625 975 consule.¹

76 991 167 1073 iffi
236 996 285 1059 28.
310 1002 479 1058 Alexander
493 1001 567 1073 Aug.
584 1039 590 1053 .
608 1041 615 1055 .
633 1041 639 1054 .
663 992 715 1055 ²Si
728 1000 777 1055 tibi
791 1005 890 1054 certae
899 1013 1055 1069 personae
1069 1015 1139 1056 uan-

175 1084 321 1141 dcndarum
337 1085 540 1157 possessionum
564 1085 610 1139 uel
631 1084 914 1155 oppignerandarum
927 1085 1103 1139 mandatum
1119 1102 1137 1140 a

175 1170 286 1226 domino
302 1170 399 1224 datum
415 1175 467 1239 est,
482 1168 532 1224 alii
546 1182 634 1240 oeque
649 1167 764 1221 alienare
776 1182 830 1236 eas,
846 1180 935 1237 neque
947 1168 1072 1239 pignori
1085 1169 1138 1242 bp·

174 1254 352 1327 potbecaeue
363 1254 435 1308 dare
447 1259 527 1308 recte
535 1253 661 1322 potuisti.
678 1249 806 1323 Agricola
815 1257 841 1304 et
850 1248 1022 1305 Clementino
1032 1245 1138 1309 conss.³

67 1334 166 1416 wfffl·
236 1332 287 1396 bu.
388 1329 590 1392 ⁴Praediorum
616 1337 733 1390 minoris
751 1335 892 1406 quondam
915 1331 1057 1390 Sabiniani
1080 1350 1137 1391 non

176 1407 298 1494 oportuit
319 1427 382 1494 post
404 1419 597 1492 interpositum
619 1419 797 1473 decretnma
819 1418 1007 1473 curatoribus
1019 1417 1138 1489 factam

175 1506 364 1561 uenditionem
385 1506 413 1559 in
436 1504 549 1559 dubium
570 1502 673 1558 uocari.
716 1494 932 1573 ’praepropere¹
961 1502 1051 1575 igitur
1072 1518 1138 1575 pro·

175 1596 285 1644 curator
306 1602 386 1643 meus
403 1594 528 1658 propter
549 1587 658 1656 debita,
687 1600 762 1656 quae
784 1583 960 1640 Sabinianus
981 1590 1137 1643 contraxit

155 1686 215 1738 ,ex
229 1677 297 1726 actu
308 1669 423 1726 rationis
435 1685 519 1741 meae,
534 1669 721 1742 possessiones
731 1670 797 1723 illas
807 1670 991 1739 inquietauit:
1009 1687 1136 1741 quorum

175 1770 239 1810 cum
254 1755 294 1810 ad
307 1760 334 1809 te
350 1756 498 1809 transierit
512 1751 671 1820 dominium,
686 1767 736 1806 nec
751 1758 858 1823 emptor
872 1751 1021 1824 ignorabit,
1043 1768 1075 1809 se
1092 1761 1135 1810 tu·

176 1837 331 1908 tensare,
354 1853 414 1892 rern
437 1839 536 1893 edocta
556 1836 692 1907 praeside
712 1838 894 1906 prouinciae,
917 1852 935 1890 a
958 1852 1016 1908 quo
1039 1836 1136 1893 ordine

175 1921 308 1983 audietur.
336 1919 576 1976 1¹1².1‹a1......

70 1998 166 2078 „fiiij
238 2002 290 2063 80.
314 1998 503 2060 ⁶Aurelianus
518 2004 589 2074 Aug.
606 2043 612 2056 .
630 2041 662 2055 ..
685 2001 716 2057 Si
734 2002 857 2073 praedii,
881 2003 917 2057 de
937 2019 994 2074 quo
1017 2011 1134 2061 contro·

175 2093 274 2146 uersia
291 2095 333 2145 est
347 2092 422 2144 iuter
438 2086 510 2156 ‘uos,
525 2077 575 2140 ita⁷
597 2085 624 2139 in
639 2086 813 2157 possessione
827 2084 915 2155 luisti,
935 2088 968 2143 ut
980 2091 1133 2157 proponis,

176 2181 203 2228 et
219 2174 255 2229 ab
270 2188 312 2239 eo,
329 2174 378 2226 cui
391 2171 422 2225 id
434 2170 595 2239 uendidisti,
612 2172 642 2224 ui
655 2183 694 2223 ex
706 2184 738 2225 eo
753 2170 874 2224 deiectus
889 2170 1030 2235 inueniris,
1046 2172 1068 2224 is
1079 2171 1133 2225 erit

175 2256 322 2311 interdicti
336 2259 466 2322 euentus,
482 2259 512 2306 ut
528 2255 700 2321 restituare,
723 2267 805 2325 quem
815 2267 940 2323 praeses
958 2255 1133 2324 prouinciae

176 2352 204 2396 u.
220 2353 244 2392 c.
259 2352 310 2409 pro
326 2350 377 2391 sua
391 2335 526 2406 aequitate
541 2334 573 2391 ab
590 2335 714 2391 ellectum
731 2337 894 2405 perducere
908 2353 966 2393 non
983 2338 1133 2394 cunctabi-

176 2427 225 2476 tur
241 2459 345 2474 .....
361 2417 511 2475 Aureliano
526 2427 554 2475 et
568 2419 649 2474 Brsso
664 2412 769 2475 conss.8

68 2499 166 2582 ’Νἷξὲῑ
237 2497 274 2561 81
275 2541 377 2564 .....
394 2504 540 2559 carissime
568 2501 654 2559 nobis.
698 2502 785 2558 Tenes
813 2509 843 2556 tu
869 2502 977 2575 quidem
1000 2543 1133 2560 ......

176 2586 286 2644 dissime
301 2595 329 2643 ct
343 2585 405 2644 lites
420 2585 525 2641 dirimis
541 2629 669 2648 ......
684 2594 741 2641 turn
757 2586 868 2641 statutis
883 2587 936 2641 tuis
952 2602 1008 2642 non
1024 2604 1059 2643 cn
1076 2629 1083 2644 .
1100 2627 1108 2642 .
1125 2630 1132 2644 .

177 2713 208 2728 ..
226 2688 264 2728 .e
285 2672 415 2745 incipient
436 2670 575 2725 discedere
591 2708 721 2725 ......
741 2670 879 2725 diuersum
897 2676 1026 2725 euentum
1051 2665 1134 2727 ’sac-⁹

178 2796 305 2812 ......
321 2753 487 2829 litigabitur,
502 2752 624 2809 insidunt
638 2769 686 2826 par
702 2793 709 2808 .
727 2792 735 2809 .
754 2792 762 2808 .
781 2797 787 2808 .
806 2796 812 2809 .
829 2798 836 2812 .
853 2769 871 2807 u
886 2761 914 2808 ct
929 2755 1134 2825 interpretatio·

177 2856 238 2897 nem
259 2840 392 2896 diuersam
408 2877 534 2892 ......
554 2845 610 2907 est,
632 2852 688 2891 non
709 2837 816 2891 censui:
840 2838 916 2908 quasi
937 2852 1005 2891 uero
1028 2838 1056 2893 in
1080 2830 1132 2916 ea}

464 2915 583 2986 [Aliquot
596 2917 711 2981 paginae
729 2912 842 2984 desunt]

71 2990 170 3066 [s]5s.b.
238 2987 289 3050 82.
307 3034 313 3048 .
331 3032 339 3049 .
357 3034 364 3048 .
382 2991 469 3048 aditus
484 3000 641 3064 competens
655 2990 742 3058 iudea,
760 2990 930 3046 considerato
946 2989 1050 3047 tutelae
1064 2991 1134 3047 iudi·

78 3059 162 3146 ssffl
178 3077 231 3147 cio,
246 3093 305 3134 cam
319 3074 425 3133 curabit
439 3075 510 3131 terre
525 3075 695 3142 seutentiam,
720 3089 798 3146 quarn
814 3074 931 3147 agnitam
949 3073 1058 3147 iegibus
1073 3091 1134 3131 esso

77 3143 165 3189 cmm·
177 3161 338 3235 prouiderit.
364 3158 414 3215 PP.
432 3158 485 3216 tttl.
501 3157 554 3214 kal.
568 3156 643 3230 Sept.
656 3156 831 3213 Constantino
848 3167 876 3214 ct
884 3156 985 3213 Licinio
996 3159 1090 3233 Augg.
1103 3159 1132 3215 ll.
1144 3173 1186 3224 [sss

271 3238 296 3279 to

176 3261 288 3382 cmg-³.
311 3315 455 3394 (lidem)¹¹
477 3324 546 3395 Aug.
563 3330 591 3377 et
606 3321 695 3378 Caess,
711 3321 825 3380 Rutiliae
840 3323 953 3380 Primae.
995 3325 1134 3400 ingenuos

252 3460 271 3528 ¹)
286 3478 310 3511 a.
325 3465 382 3513 tibi
396 3465 453 3514 829?
466 3465 522 3514 248?
536 3465 593 3515 ibt?
667 3459 688 3528 ¹)
703 3463 840 3528 Sequentia
854 3466 890 3514 ad
903 3479 1004 3515 sensura
1018 3470 1133 3517 restitui.

179 3531 200 3600 ⁸)
215 3549 239 3583 a.
255 3544 302 3584 sto.
362 3529 384 3599 ⁴)
402 3532 472 3594 Quae
486 3540 636 3598 sequuntur,
650 3535 686 3583 ad
698 3549 798 3583 sensum
812 3537 922 3584 restitui.
951 3534 1043 3585 Emtor
1053 3553 1134 3601 prae·

177 3606 292 3663 diorum,
307 3605 351 3668 qui
365 3619 458 3653 rursus
472 3606 520 3653 alii
534 3604 697 3662 vendiderat,
719 3605 830 3654 libellum
849 3607 1002 3669 imperatori
1015 3606 1133 3658 dederat.

180 3672 201 3739 ¹)
217 3673 331 3723 Mommr.
346 3676 385 3724 ed.
401 3691 436 3724 eu
455 3675 482 3723 V
483 3674 503 3724 ὅ.
532 3690 680 3738 praeponere
695 3676 751 3724 edd.
767 3682 868 3725 ceterae
882 3691 917 3725 cac
935 3675 993 3726 Vnt.
1055 3675 1136 3741 ⁶)Ad

177 3746 329 3794 sententiam
343 3747 454 3795 restitui.
530 3743 551 3811 ¹)
562 3746 644 3809 posita
659 3746 716 3794 edd.
733 3746 823 3794 ..osita
839 3747 877 3795 ed.
894 3746 1008 3797 Monens.
1074 3744 1134 3812 ⁸)a.

177 3825 224 3865 snt.
271 3813 293 3880 ⁹)
308 3817 438 3866 sententiae
454 3815 541 3882 (quasi
555 3824 615 3866 nota
630 3815 773 3881 explicata)
783 3816 822 3865 ed.
834 3816 948 3866 Mornrns.
1002 3813 1035 3883 ¹⁰)
1050 3833 1075 3870 a.
1086 3828 1134 3868 stt.

181 3881 214 3952 ¹¹)
228 3883 358 3950 Suppleoi.
386 3886 452 3936 Sunt
472 3902 508 3936 sc.
526 3887 708 3936 Constantinus
726 3893 751 3934 et
768 3886 898 3935 Licinias.
933 3887 1057 3937 Caesares
1071 3903 1135 3953 per·

173 3971 266 4019 perani
280 3958 428 4020 adscriptor
440 3972 504 4016 eree,
520 3954 633 4007 Marnrns.
649 3956 831 4006 animaduertit
840 3972 868 4021 p.
883 3967 931 4008 tob.

65 4048 128 4112 h
