2378 4386
360 752 635 825 HERENNIVS
662 751 971 825 MODESTINVS.

464 926 505 983 Ex
529 927 629 984 libris
652 926 866 1001 Regularum.

254 1025 280 1085 1.
304 1020 486 1084 ¹biodestiuus
509 1028 663 1102 regularum
686 1028 755 1085 iibro
772 1021 829 1083 tx.²
850 1028 900 1083 sub
922 1028 1002 1084 titulo
1018 1028 1052 1085 de
1068 1027 1148 1087 bonis

191 1110 350 1167 libertorum
372 1120 399 1168 et
422 1111 455 1168 de
477 1115 659 1169 testamentis:
689 1112 771 1168 ‘Cum
793 1115 820 1168 iu
848 1121 1009 1167 testamento
1038 1112 1096 1187 d‘qes
1120 1125 1147 1170 et

190 1194 316 1251 consules
331 1196 427 1253 adiecti
442 1213 497 1253 nou
512 1204 584 1261 suut,
608 1213 662 1252 non
679 1204 767 1262 nocet,
791 1198 934 1268 quominus
958 1195 1047 1252 ualeat
1063 1206 1147 1254 testa·

191 1278 334 1337 mentum!

424 1397 465 1454 Ex
487 1397 587 1454 libris
610 1397 909 1455 Differentiarunr.

254 1496 283 1557 2.
307 1494 414 1557 ³‘iuter
434 1515 512 1570 eum,
535 1499 581 1571 qui
603 1500 631 1555 in
653 1499 766 1554 insulam
790 1498 937 1571 relegatur,
960 1507 987 1553 et
1003 1514 1075 1572 eum,
1100 1504 1147 1573 qui

191 1585 368 1658 deportatur,
390 1599 485 1655 magua
508 1582 655 1637 differentia
680 1581 745 1653 est'‚
768 1591 797 1636 ut
816 1583 852 1636 ait
869 1582 1032 1647 iloreunius;
1057 1585 1145 1656 primo

192 1667 264 1740 quod
286 1667 435 1741 relegatum
458 1665 529 1722 bona
550 1674 717 1736 sequuntur,
745 1667 794 1720 nisi
820 1666 921 1721 tuerint
943 1670 1077 1722 sententia
1101 1669 1146 1724 ad·

193 1758 290 1824 empta,
306 1751 476 1824 deportatum
492 1765 547 1804 uon
562 1759 725 1820 sequuntur,
746 1750 796 1804 nisi
818 1750 902 1821 palam
919 1751 943 1804 ei
964 1747 1065 1805 fuerint
1081 1767 1147 1808 sou·

190 1851 282 1892 cessa:
305 1836 342 1890 ita
365 1832 405 1904 m,
429 1842 459 1888 ui
480 1833 601 1902 relegato
624 1835 789 1888 mentionem
812 1832 944 1888 honorum
967 1835 994 1889 iu
1010 1837 1147 1891 sententia

190 1936 246 1975 non
262 1918 354 1974 lraberi
370 1919 471 1991 prosit,
495 1915 636 1989 deportato
660 1925 763 1974 noceat.
808 1918 871 1973 item
891 1916 990 1972 distant
1006 1924 1033 1973 et
1049 1920 1074 1972 in
1092 1918 1145 1976 ioci

192 2002 331 2075 qualitate,
357 2000 429 2073 qumi
452 2015 512 2055 cum
535 1999 655 2071 relegato
679 2000 785 2073 quidem
808 2001 949 2056 immanius
973 2002 1145 2074 transigitur,

191 2087 338 2159 deportatis
355 2099 420 2138 uero
436 2082 865 2156 117779177711571777931371777,
890 2101 958 2156 quae
974 2095 1037 2141 suut
1053 2100 1145 2158 asper·

191 2171 288 2238 rimae,
311 2181 433 2239 quaeque
455 2175 519 2220 sunt
535 2166 616 2238 paulo
640 2168 748 2223 'teretius
771 2161 896 2238 sumpto⁴
917 2167 1050 2242 supplicio
1069 2185 1145 2225 corn·

191 2250 331 2323 parandae.

266 2416 285 2483 Ι)
300 2417 414 2465 Primum
428 2417 493 2466 baec
506 2434 541 2467 ecc
555 2420 641 2484 iquoto
656 2435 672 2467 a
687 2419 766 2468 Petro
781 2426 858 2482 putre
872 2434 919 2468 suo
934 2428 1039 2482 accepto
1054 2422 1145 2471 codiee

192 2500 236 2537 ms.
251 2504 306 2537 cum
321 2487 387 2537 Mor.
403 2495 427 2536 et
442 2487 512 2541 Hom.
532 2492 614 2554 lequm
634 2488 774 2540 Collatinus
789 2489 873 2538 Lutet.
888 2501 947 2540 1577.
966 2505 993 2552 p.
1008 2501 1042 2540 54.
1062 2491 1146 2541 edidit

192 2559 224 2608 P.
240 2559 374 2617 Pithoeus,
390 2566 544 2621 postremum
559 2561 661 2609 adiectu
676 2561 767 2609 notitia
783 2561 912 2608 litterario
927 2559 1103 2623 Boecbriuqius
1117 2565 1143 2610 iu

190 2631 230 2680 ed.
250 2629 304 2693 Uip.
318 2631 413 2695 froqni.
429 2641 487 2680 1997.
500 2647 527 2694 p.
539 2643 584 2681 179.
637 2630 657 2695 ²)
672 2645 703 2679 111
718 2631 757 2678 ed.
774 2630 841 2678 Pitir.
858 2631 974 2679 correxit
989 2630 1010 2678 I.
1025 2630 1143 2694 Gotbofr.

193 2701 279 2766 Neque
293 2703 359 2750 enim
374 2708 416 2748 111.
432 2702 478 2749 sed
491 2701 556 2751 libro
576 2709 615 2749 IX.
631 2700 792 2751 Modestinus
810 2707 833 2749 et
852 2701 883 2748 dc
902 2700 974 2749 bouis
994 2700 1144 2751 libertorum

191 2771 233 2837 (L.
249 2784 270 2823 9.
292 2771 323 2819 D.
338 2772 370 2820 de
385 2773 401 2819 i.
415 2778 519 2834 petron.
534 2784 572 2830 97,
589 2771 623 2835 rt)
638 2780 661 2820 et
676 2772 706 2820 de
722 2772 876 2819 testamentis
889 2772 955 2834 eqit:
974 2772 1144 2837 uidenturque

190 2844 247 2892 eius
261 2844 347 2907 operis
361 2842 464 2891 codices
478 2845 554 2891 etium
568 2844 693 2892 miscetios
707 2844 794 2891 titutos
808 2839 937 2897 imbuisse,
953 2840 1043 2903 quibus
1058 2843 1144 2892 diuer-

191 2930 236 2963 sae
250 2929 301 2970 res,
317 2928 367 2961 non
382 2912 414 2960 ob
430 2914 484 2975 ipso
499 2920 590 2971 tumeo,
606 2921 632 2962 ut
643 2920 714 2975 puto,
730 2911 886 2969 Modestiuo,
902 2911 1051 2974 adscriptae
1066 2920 1091 2962 et
1105 2916 1144 2962 in·

190 2986 305 3046 scriptae
314 2989 396 3032 erunt.
445 2979 466 3047 3)
476 2983 550 3032 Huec
559 2983 683 3032 debentur
693 2981 825 3031 codicibus
838 2980 986 3044 quibusdum
997 2981 1145 3032 Isidorioui

193 3054 408 3116 differentiarum
418 3052 486 3101 ttirt.
507 3053 551 3101 Em
561 3056 613 3102 otio
622 3055 721 3115 primus
730 3054 802 3113 (lusu.
811 3050 936 3099 Bortbius
945 3052 1046 3101 uducrs.
1058 3066 1093 3113 ss,
1102 3066 1144 3112 17,

191 3140 226 3172 ex
236 3126 288 3172 aiio
300 3124 428 3171 circuatur
439 3125 464 3170 in
475 3122 574 3171 Isidori
588 3124 626 3170 ed.
639 3122 752 3171 Bouiano
768 3121 793 3169 Τ.
810 3121 840 3169 V.
852 3137 878 3184 p.
890 3133 922 3172 76.
934 3122 1023 3170 edidit.
1043 3123 1145 3173 1177179-

192 3210 240 3257 que
254 3195 385 3241 lectionem
401 3195 541 3253 composuit
556 3192 737 3241 Lacbmununs
749 3192 871 3241 Zeitscbr.
880 3192 900 3253 s.
910 3192 996 3256 qescb.
1009 3192 1031 3240 tt
1040 3194 1082 3243 tt‘.
1096 3194 1144 3242 XI.

188 3279 215 3325 p.
232 3274 278 3313 119.
302 3262 460 3311 Postremum
474 3260 647 3325 Boeckinqius
662 3264 677 3310 t.
693 3280 714 3311 c.
732 3278 759 3324 p.
775 3273 820 3312 199.
836 3262 928 3318 edidit,
944 3278 1015 3326 quem
1031 3265 1145 3325 177777-

192 3334 300 3395 quiritur.
337 3329 417 3378 Libro
438 3329 459 3378 I.
479 3331 685 3393 differentiarum
705 3333 772 3381 bunc
794 3335 875 3381 locum
896 3332 1057 3381 tribuendum
1081 3350 1145 3392 esse,

192 3402 258 3449 idem
273 3399 303 3450 ob
318 3400 349 3447 L.
364 3410 397 3448 77.
418 3399 450 3448 D.
465 3401 496 3449 de
506 3403 599 3465 poenis
613 3402 660 3466 (so,
676 3402 711 3466 19)
726 3403 843 3452 coniecit.
872 3402 915 3450 Ad
929 3419 980 3451 rem
997 3404 1031 3465 es.
1047 3404 1144 3454 Isidor.

192 3473 258 3534 oriq.
274 3480 295 3527 a,
309 3480 342 3519 77.
358 3471 381 3529 ξ.
396 3481 429 3520 79.
449 3470 481 3519 L.
495 3483 515 3522 t.
536 3472 567 3520 L.
584 3485 617 3523 u.
632 3476 654 3534 ᾖ.
671 3487 689 3524 1.
711 3473 741 3520 L.
758 3484 782 3523 19
793 3489 835 3535 pr.
856 3473 887 3520 tt.
903 3473 934 3521 de
949 3474 1042 3522 interd.
1058 3483 1083 3522 et
1098 3478 1144 3523 rei.

192 3540 237 3605 (79,
252 3541 296 3603 77).
348 3536 368 3603 ⁴)
383 3539 486 3604 Scripsi
491 3559 499 3597 ,·
515 3544 591 3591 miuus
606 3558 696 3592 summo
712 3543 769 3592 edd.
791 3543 828 3605 Cf.
846 3543 913 3591 I'iiu.
932 3542 962 3590 N.
974 3543 1008 3591 II.
1020 3557 1053 3605 11,
1064 3555 1099 3603 79,
1110 3558 1144 3595 99.

194 3609 258 3660 ‘nisi
271 3610 340 3674 quod
350 3613 476 3675 qrauiore
489 3616 617 3677 supplicio
632 3617 699 3662 teuto
709 3629 759 3677 per·
769 3614 882 3661 triduum
893 3620 972 3663 morte
983 3612 1144 3676 conficiunt'.

1160 948 1183 995 rs
